<?xml version="1.0" encoding="UTF-8"?>
<!DOCTYPE html PUBLIC "-//W3C//DTD XHTML 1.0 Transitional//EN"
    "http://www.w3.org/TR/xhtml1/DTD/xhtml1-transitional.dtd">
<html xmlns="http://www.w3.org/1999/xhtml" xml:lang="en" lang="en">
 <head>
  <title>
</title>
<meta http-equiv="Content-Type" content="text/html;charset=utf-8" />
  <meta name='ocr-system' content='tesseract 3.04.00' />
  <meta name='ocr-capabilities' content='ocr_page ocr_carea ocr_par ocr_line ocrx_word'/>
</head>
<body>
  <div class='ocr_page' id='page_1' title='image "./corpusscriptorum26niebuoft_0577.png"; bbox 0 0 1878 3262; ppageno 0'>
   <div class='ocr_carea' id='block_1_1' title="bbox 570 245 1656 294">
    <p class='ocr_par' dir='ltr' id='par_1_1' title="bbox 570 245 1656 294">
     <span class='ocr_line' id='line_1_1' title="bbox 570 245 1656 294; baseline 0.006 -7"><span class='ocrx_word' id='word_1_1' title='bbox 570 245 1108 291; x_wconf 78' lang='lat' dir='ltr'><strong>COMMENTARIORUM</strong></span> <span class='ocrx_word' id='word_1_2' title='bbox 1143 250 1189 291; x_wconf 92' lang='lat' dir='ltr'>L.</span> <span class='ocrx_word' id='word_1_3' title='bbox 1216 247 1290 292; x_wconf 89' lang='grc' dir='ltr'>ΠΙ.</span> <span class='ocrx_word' id='word_1_4' title='bbox 1561 249 1656 294; x_wconf 90' lang='grc'>117</span> 
     </span>
    </p>
   </div>
   <div class='ocr_carea' id='block_1_2' title="bbox 132 355 1768 1994">
    <p class='ocr_par' dir='ltr' id='par_1_2' title="bbox 132 355 1768 1994">
     <span class='ocr_line' id='line_1_2' title="bbox 196 355 1655 421; baseline 0.002 -19"><span class='ocrx_word' id='word_1_5' title='bbox 196 359 269 414; x_wconf 79' lang='grc' dir='ltr'>τὴν</span> <span class='ocrx_word' id='word_1_6' title='bbox 288 356 581 413; x_wconf 77' lang='grc' dir='ltr'><strong><em>παλινόστησιν.</em></strong></span> <span class='ocrx_word' id='word_1_7' title='bbox 649 358 772 414; x_wconf 74' lang='grc' dir='ltr'><strong><em>ἐζήτει</em></strong></span> <span class='ocrx_word' id='word_1_8' title='bbox 807 355 877 403; x_wconf 76' lang='grc' dir='ltr'><strong><em>οὖν</em></strong></span> <span class='ocrx_word' id='word_1_9' title='bbox 909 379 998 403; x_wconf 85' lang='grc' dir='ltr'><strong><em>τινα</em></strong></span> <span class='ocrx_word' id='word_1_10' title='bbox 1033 362 1238 420; x_wconf 73' lang='grc' dir='ltr'><strong><em>πρόφασιν</em></strong></span> <span class='ocrx_word' id='word_1_11' title='bbox 1259 365 1439 421; x_wconf 61' lang='grc' dir='ltr'><strong><em>ἐφευρεΐν</em></strong></span> <span class='ocrx_word' id='word_1_12' title='bbox 1463 360 1564 405; x_wconf 72' lang='grc' dir='ltr'><strong><em>ὥστε</em></strong></span> <span class='ocrx_word' id='word_1_13' title='bbox 1586 366 1655 405; x_wconf 83' lang='grc' dir='ltr'>καὶ</span> 
     </span>
     <span class='ocr_line' id='line_1_3' title="bbox 195 427 1653 489; baseline 0.005 -21"><span class='ocrx_word' id='word_1_14' title='bbox 195 427 267 482; x_wconf 75' lang='grc' dir='ltr'><strong><em>τὴν</em></strong></span> <span class='ocrx_word' id='word_1_15' title='bbox 296 429 529 484; x_wconf 83' lang='grc' dir='ltr'><em>πολιορκίαν</em></span> <span class='ocrx_word' id='word_1_16' title='bbox 555 431 673 470; x_wconf 82' lang='grc' dir='ltr'><strong><em>λῦσαι</em></strong></span> <span class='ocrx_word' id='word_1_17' title='bbox 696 431 764 471; x_wconf 83' lang='grc' dir='ltr'>καὶ</span> <span class='ocrx_word' id='word_1_18' title='bbox 783 430 909 484; x_wconf 78' lang='grc' dir='ltr'><strong><em>μηδέν</em></strong></span> <span class='ocrx_word' id='word_1_19' title='bbox 930 447 967 472; x_wconf 88' lang='grc' dir='ltr'><strong><em>τι</em></strong></span> <span class='ocrx_word' id='word_1_20' title='bbox 990 431 1033 472; x_wconf 74' lang='grc' dir='ltr'><strong><em>ἐκ</em></strong></span> <span class='ocrx_word' id='word_1_21' title='bbox 1056 431 1200 474; x_wconf 72' lang='grc' dir='ltr'><strong><em>τούτου</em></strong></span> <span class='ocrx_word' id='word_1_22' title='bbox 1223 433 1478 489; x_wconf 78' lang='grc' dir='ltr'><strong><em>περιέσεσθαι</em></strong></span> <span class='ocrx_word' id='word_1_23' title='bbox 1500 435 1653 486; x_wconf 84' lang='grc' dir='ltr'><strong><em>βλαβε-</em></strong></span> 
     </span>
     <span class='ocr_line' id='line_1_4' title="bbox 195 494 1655 557; baseline 0.003 -20"><span class='ocrx_word' id='word_1_24' title='bbox 195 494 279 552; x_wconf 85' lang='grc' dir='ltr'><strong><em>ρόν.</em></strong></span> <span class='ocrx_word' id='word_1_25' title='bbox 359 495 465 538; x_wconf 70' lang='grc' dir='ltr'><strong><em>οὕτω</em></strong></span> <span class='ocrx_word' id='word_1_26' title='bbox 500 496 542 537; x_wconf 72' lang='grc' dir='ltr'>δ”</span> <span class='ocrx_word' id='word_1_27' title='bbox 583 497 708 539; x_wconf 75' lang='grc' dir='ltr'><strong><em>αὐτοῦ</em></strong></span> <span class='ocrx_word' id='word_1_28' title='bbox 731 499 1049 553; x_wconf 73' lang='grc' dir='ltr'><strong><em>διανοουμένου,</em></strong></span> <span class='ocrx_word' id='word_1_29' title='bbox 1099 500 1389 557; x_wconf 73' lang='grc' dir='ltr'><strong><em>ἀπαγγέλλεταί</em></strong></span> <span class='ocrx_word' id='word_1_30' title='bbox 1420 518 1458 543; x_wconf 85' lang='grc' dir='ltr'><strong><em>τι</em></strong></span> <span class='ocrx_word' id='word_1_31' title='bbox 1495 505 1655 555; x_wconf 80' lang='grc' dir='ltr'><strong><em>πλῆθος</em></strong></span> 
     </span>
     <span class='ocr_line' id='line_1_5' title="bbox 195 564 1654 626; baseline 0.003 -20"><span class='ocrx_word' id='word_1_32' title='bbox 195 567 370 607; x_wconf 76' lang='grc' dir='ltr'><strong><em>Σκυθῶν</em></strong></span> <span class='ocrx_word' id='word_1_33' title='bbox 405 564 552 618; x_wconf 78' lang='grc' dir='ltr'><em>διαβὰν</em></span> <span class='ocrx_word' id='word_1_34' title='bbox 583 565 652 607; x_wconf 86' lang='grc' dir='ltr'>τὸν</span> <span class='ocrx_word' id='word_1_35' title='bbox 675 564 814 621; x_wconf 80' lang='grc' dir='ltr'><strong><em>Αἶμον</em></strong></span> <span class='ocrx_word' id='word_1_36' title='bbox 845 569 911 609; x_wconf 83' lang='grc' dir='ltr'>καὶ</span> <span class='ocrx_word' id='word_1_37' title='bbox 941 567 992 610; x_wconf 81' lang='grc' dir='ltr'><strong><em>τὰ</em></strong></span> <span class='ocrx_word' id='word_1_38' title='bbox 1025 569 1129 611; x_wconf 82' lang='grc' dir='ltr'><strong><em>κατὰ</em></strong></span> <span class='ocrx_word' id='word_1_39' title='bbox 1151 570 1222 624; x_wconf 73' lang='grc' dir='ltr'>τὴν</span> <span class='ocrx_word' id='word_1_40' title='bbox 1244 567 1506 626; x_wconf 76' lang='grc' dir='ltr'><strong><em>Χερρόνησον</em></strong></span> <span class='ocrx_word' id='word_1_41' title='bbox 1526 586 1654 611; x_wconf 84' lang='grc' dir='ltr'><strong><em>κατα-</em></strong></span> 
     </span>
     <span class='ocr_line' id='line_1_6' title="bbox 149 633 1704 695; baseline 0.003 -21"><span class='ocrx_word' id='word_1_42' title='bbox 149 633 333 690; x_wconf 81' lang='grc' dir='ltr'><strong><em>5·τρε’χον</em></strong></span> <span class='ocrx_word' id='word_1_43' title='bbox 363 635 498 691; x_wconf 86' lang='grc' dir='ltr'><strong><em>χωρία</em></strong></span> <span class='ocrx_word' id='word_1_44' title='bbox 533 636 599 676; x_wconf 80' lang='grc' dir='ltr'>καὶ</span> <span class='ocrx_word' id='word_1_45' title='bbox 637 634 878 692; x_wconf 54' lang='grc' dir='ltr'><strong><em>ληξζόμιενον.</em></strong></span> <span class='ocrx_word' id='word_1_46' title='bbox 944 641 1062 679; x_wconf 72' lang='grc' dir='ltr'><strong><em>τοῦτο</em></strong></span> <span class='ocrx_word' id='word_1_47' title='bbox 1093 639 1225 680; x_wconf 82' lang='grc' dir='ltr'>τοίνυν</span> <span class='ocrx_word' id='word_1_48' title='bbox 1264 638 1456 695; x_wconf 74' lang='grc' dir='ltr'><strong><em>ἀφορμὴν</em></strong></span> <span class='ocrx_word' id='word_1_49' title='bbox 1480 636 1605 694; x_wconf 69' lang='grc' dir='ltr'><strong><em>εῧρών</em></strong></span> <span class='ocrx_word' id='word_1_50' title='bbox 1628 635 1648 679; x_wconf 79' lang='grc' dir='ltr'><em>ὃ</em></span> <span class='ocrx_word' id='word_1_51' title='bbox 1673 644 1704 679; x_wconf 88' lang='lat' dir='ltr'>D</span> 
     </span>
     <span class='ocr_line' id='line_1_7' title="bbox 192 701 1652 762; baseline 0.003 -19"><span class='ocrx_word' id='word_1_52' title='bbox 192 701 450 759; x_wconf 76' lang='grc' dir='ltr'><em>στρατάρχης</em></span> <span class='ocrx_word' id='word_1_53' title='bbox 479 701 563 745; x_wconf 76' lang='grc' dir='ltr'><strong><em>λύει</em></strong></span> <span class='ocrx_word' id='word_1_54' title='bbox 595 703 668 757; x_wconf 79' lang='grc' dir='ltr'>τὴν</span> <span class='ocrx_word' id='word_1_55' title='bbox 702 707 934 761; x_wconf 81' lang='grc' dir='ltr'><strong><em>πολιορκίαν</em></strong></span> <span class='ocrx_word' id='word_1_56' title='bbox 965 706 1069 747; x_wconf 79' lang='grc' dir='ltr'><strong><em>κατὰ</em></strong></span> <span class='ocrx_word' id='word_1_57' title='bbox 1104 711 1184 748; x_wconf 80' lang='grc' dir='ltr'>τῶν</span> <span class='ocrx_word' id='word_1_58' title='bbox 1209 709 1385 749; x_wconf 80' lang='grc' dir='ltr'><strong><em>Σκυθῶν</em></strong></span> <span class='ocrx_word' id='word_1_59' title='bbox 1411 705 1652 762; x_wconf 71' lang='grc' dir='ltr'><strong><em>ἐξορμήσας,</em></strong></span> 
     </span>
     <span class='ocr_line' id='line_1_8' title="bbox 193 771 1651 835; baseline 0.002 -23"><span class='ocrx_word' id='word_1_60' title='bbox 193 772 259 812; x_wconf 77' lang='grc' dir='ltr'><strong><em>καὶ</em></strong></span> <span class='ocrx_word' id='word_1_61' title='bbox 283 771 456 825; x_wconf 69' lang='grc' dir='ltr'><strong><em>ἐντυχών</em></strong></span> <span class='ocrx_word' id='word_1_62' title='bbox 479 771 616 835; x_wconf 75' lang='grc' dir='ltr'><strong><em>αὐτοῖς</em></strong></span> <span class='ocrx_word' id='word_1_63' title='bbox 637 773 865 817; x_wconf 72' lang='grc' dir='ltr'><strong><em>ἐπανιοῦσιν</em></strong></span> <span class='ocrx_word' id='word_1_64' title='bbox 898 774 1095 830; x_wconf 69' lang='grc' dir='ltr'><strong><em>ἐτρέψατο</em></strong></span> <span class='ocrx_word' id='word_1_65' title='bbox 1128 775 1232 817; x_wconf 80' lang='grc' dir='ltr'><strong><em>κατὰ</em></strong></span> <span class='ocrx_word' id='word_1_66' title='bbox 1263 774 1410 832; x_wconf 83' lang='grc' dir='ltr'><strong><em>κράτος</em></strong></span> <span class='ocrx_word' id='word_1_67' title='bbox 1436 777 1502 817; x_wconf 84' lang='grc' dir='ltr'>καὶ</span> <span class='ocrx_word' id='word_1_68' title='bbox 1527 773 1651 831; x_wconf 75' lang='grc' dir='ltr'><strong><em>φόνον</em></strong></span> 
     </span>
     <span class='ocr_line' id='line_1_9' title="bbox 191 837 1652 900; baseline 0.003 -20"><span class='ocrx_word' id='word_1_69' title='bbox 191 837 252 881; x_wconf 80' lang='grc' dir='ltr'><strong><em>ὅτι</em></strong></span> <span class='ocrx_word' id='word_1_70' title='bbox 275 843 458 881; x_wconf 84' lang='grc' dir='ltr'><strong><em>πλεῖστον</em></strong></span> <span class='ocrx_word' id='word_1_71' title='bbox 479 838 714 897; x_wconf 74' lang='grc' dir='ltr'><strong><em>εἶργάσατο,</em></strong></span> <span class='ocrx_word' id='word_1_72' title='bbox 748 841 1012 896; x_wconf 79' lang='grc' dir='ltr'><strong><em>παμπόλλους</em></strong></span> <span class='ocrx_word' id='word_1_73' title='bbox 1034 843 1077 885; x_wconf 76' lang='grc' dir='ltr'>δὲ</span> <span class='ocrx_word' id='word_1_74' title='bbox 1100 842 1308 900; x_wconf 75' lang='grc' dir='ltr'><strong><em>ζωγρήσας</em></strong></span> <span class='ocrx_word' id='word_1_75' title='bbox 1325 844 1425 899; x_wconf 85' lang='grc' dir='ltr'><strong><em>πρὸς</em></strong></span> <span class='ocrx_word' id='word_1_76' title='bbox 1440 844 1509 886; x_wconf 84' lang='grc' dir='ltr'>τὸν</span> <span class='ocrx_word' id='word_1_77' title='bbox 1531 843 1652 885; x_wconf 77' lang='grc' dir='ltr'><strong><em>ἀδελ-</em></strong></span> 
     </span>
     <span class='ocr_line' id='line_1_10' title="bbox 186 906 1651 969; baseline 0.002 -20"><span class='ocrx_word' id='word_1_78' title='bbox 186 906 270 964; x_wconf 79' lang='grc' dir='ltr'><strong><em>φὸν</em></strong></span> <span class='ocrx_word' id='word_1_79' title='bbox 300 908 483 962; x_wconf 76' lang='grc' dir='ltr'><strong><em>ἐπανῆκε.</em></strong></span> <span class='ocrx_word' id='word_1_80' title='bbox 551 910 725 964; x_wconf 78' lang='grc' dir='ltr'><strong><em>γίνονται</em></strong></span> <span class='ocrx_word' id='word_1_81' title='bbox 758 906 829 952; x_wconf 77' lang='grc' dir='ltr'><strong><em>οὖν</em></strong></span> <span class='ocrx_word' id='word_1_82' title='bbox 862 911 899 952; x_wconf 78' lang='grc' dir='ltr'>οἳ</span> <span class='ocrx_word' id='word_1_83' title='bbox 935 910 1153 961; x_wconf 72' lang='grc' dir='ltr'><strong><em>ἕαλωκότες</em></strong></span> <span class='ocrx_word' id='word_1_84' title='bbox 1183 913 1315 969; x_wconf 76' lang='grc' dir='ltr'><strong><em>ἐκείνῳ</em></strong></span> <span class='ocrx_word' id='word_1_85' title='bbox 1345 912 1514 968; x_wconf 64' lang='grc' dir='ltr'><strong><em>ἀφορμὴ</em></strong></span> <span class='ocrx_word' id='word_1_86' title='bbox 1551 911 1651 967; x_wconf 82' lang='grc' dir='ltr'><strong><em>πρὸς</em></strong></span> 
     </span>
     <span class='ocr_line' id='line_1_11' title="bbox 137 975 1651 1036; baseline -0.001 -16"><span class='ocrx_word' id='word_1_87' title='bbox 137 976 285 1026; x_wconf 77' lang='grc' dir='ltr'><strong><em>1Οτοῦς</em></strong></span> <span class='ocrx_word' id='word_1_88' title='bbox 304 975 475 1027; x_wconf 77' lang='grc' dir='ltr'><strong><em>Σκύθας</em></strong></span> <span class='ocrx_word' id='word_1_89' title='bbox 504 976 662 1034; x_wconf 72' lang='grc' dir='ltr'><strong><em>εἰρήνης</em></strong></span> <span class='ocrx_word' id='word_1_90' title='bbox 694 996 741 1033; x_wconf 87' lang='grc' dir='ltr'><strong><em>τε</em></strong></span> <span class='ocrx_word' id='word_1_91' title='bbox 765 981 831 1021; x_wconf 83' lang='grc' dir='ltr'>καὶ</span> <span class='ocrx_word' id='word_1_92' title='bbox 864 978 1124 1033; x_wconf 64' lang='grc' dir='ltr'><strong><em>ξυμιβάσεως·</em></strong></span> <span class='ocrx_word' id='word_1_93' title='bbox 1161 978 1339 1036; x_wconf 78' lang='grc' dir='ltr'><strong><em>ὁμήρους</em></strong></span> <span class='ocrx_word' id='word_1_94' title='bbox 1361 980 1437 1036; x_wconf 75' lang='grc' dir='ltr'>γὰρ</span> <span class='ocrx_word' id='word_1_95' title='bbox 1461 983 1540 1022; x_wconf 84' lang='grc' dir='ltr'>τῶν</span> <span class='ocrx_word' id='word_1_96' title='bbox 1565 980 1651 1020; x_wconf 77' lang='grc' dir='ltr'><strong><em>ἔπι-</em></strong></span> 
     </span>
     <span class='ocr_line' id='line_1_12' title="bbox 189 1044 1651 1106; baseline 0.002 -20"><span class='ocrx_word' id='word_1_97' title='bbox 189 1049 330 1101; x_wconf 82' lang='grc' dir='ltr'><strong><em>φανῶν</em></strong></span> <span class='ocrx_word' id='word_1_98' title='bbox 354 1044 488 1096; x_wconf 79' lang='grc' dir='ltr'><strong><em>δόντες</em></strong></span> <span class='ocrx_word' id='word_1_99' title='bbox 507 1045 602 1096; x_wconf 83' lang='grc' dir='ltr'><strong><em>τούς</em></strong></span> <span class='ocrx_word' id='word_1_100' title='bbox 622 1057 663 1089; x_wconf 70' lang='grc' dir='ltr'><strong><em>τε</em></strong></span> <span class='ocrx_word' id='word_1_101' title='bbox 687 1049 854 1098; x_wconf 79' lang='grc' dir='ltr'><strong><em>οἰκείους</em></strong></span> <span class='ocrx_word' id='word_1_102' title='bbox 875 1047 1158 1102; x_wconf 74' lang='grc' dir='ltr'><strong><em>αἰχμαλώτους</em></strong></span> <span class='ocrx_word' id='word_1_103' title='bbox 1181 1047 1369 1106; x_wconf 72' lang='grc' dir='ltr'><strong><em>εἰλήφασι</em></strong></span> <span class='ocrx_word' id='word_1_104' title='bbox 1395 1049 1462 1090; x_wconf 83' lang='grc' dir='ltr'>καὶ</span> <span class='ocrx_word' id='word_1_105' title='bbox 1483 1045 1651 1101; x_wconf 74' lang='grc' dir='ltr'><strong><em>σύμμα-</em></strong></span> 
     </span>
     <span class='ocr_line' id='line_1_13' title="bbox 187 1112 687 1172; baseline 0.004 -17"><span class='ocrx_word' id='word_1_106' title='bbox 187 1130 253 1167; x_wconf 77' lang='grc' dir='ltr'>χοι</span> <span class='ocrx_word' id='word_1_107' title='bbox 274 1112 404 1172; x_wconf 82' lang='grc' dir='ltr'><strong><em>τούτῳ</em></strong></span> <span class='ocrx_word' id='word_1_108' title='bbox 428 1116 687 1170; x_wconf 73' lang='grc' dir='ltr'><strong><em>κατέστησαν.</em></strong></span> 
     </span>
     <span class='ocr_line' id='line_1_14' title="bbox 329 1182 1651 1242; baseline -0.002 -15"><span class='ocrx_word' id='word_1_109' title='bbox 329 1183 405 1227; x_wconf 84' lang='grc'>15.</span> <span class='ocrx_word' id='word_1_110' title='bbox 468 1183 536 1225; x_wconf 80' lang='grc' dir='ltr'><strong><em>Ἐν</em></strong></span> <span class='ocrx_word' id='word_1_111' title='bbox 567 1182 650 1242; x_wconf 75' lang='grc' dir='ltr'><strong><em>ὅσῳ</em></strong></span> <span class='ocrx_word' id='word_1_112' title='bbox 682 1185 726 1226; x_wconf 74' lang='grc' dir='ltr'>δὲ</span> <span class='ocrx_word' id='word_1_113' title='bbox 749 1188 877 1226; x_wconf 76' lang='grc' dir='ltr'><strong><em>ταῦτα</em></strong></span> <span class='ocrx_word' id='word_1_114' title='bbox 901 1182 1116 1242; x_wconf 73' lang='grc' dir='ltr'><strong><em>ἐπράττετο</em></strong></span> <span class='ocrx_word' id='word_1_115' title='bbox 1124 1217 1138 1237; x_wconf 89' lang='lat'><em>,</em></span> <span class='ocrx_word' id='word_1_116' title='bbox 1185 1184 1205 1226; x_wconf 79' lang='grc' dir='ltr'><em>ὃ</em></span> <span class='ocrx_word' id='word_1_117' title='bbox 1229 1182 1499 1239; x_wconf 78' lang='grc' dir='ltr'><strong><em>Βοτανειάτης</em></strong></span> <span class='ocrx_word' id='word_1_118' title='bbox 1519 1187 1651 1237; x_wconf 84' lang='grc' dir='ltr'><strong><em>Νικη-</em></strong></span> 
     </span>
     <span class='ocr_line' id='line_1_15' title="bbox 189 1247 1768 1310; baseline 0.001 -18"><span class='ocrx_word' id='word_1_119' title='bbox 189 1247 340 1308; x_wconf 78' lang='grc' dir='ltr'><strong><em>φόρος,</em></strong></span> <span class='ocrx_word' id='word_1_120' title='bbox 378 1249 434 1302; x_wconf 76' lang='grc' dir='ltr'>εἷς</span> <span class='ocrx_word' id='word_1_121' title='bbox 470 1250 526 1294; x_wconf 76' lang='grc' dir='ltr'><strong><em>ὢν</em></strong></span> <span class='ocrx_word' id='word_1_122' title='bbox 554 1256 634 1295; x_wconf 79' lang='grc' dir='ltr'>τῶν</span> <span class='ocrx_word' id='word_1_123' title='bbox 665 1254 707 1294; x_wconf 76' lang='grc' dir='ltr'><strong><em>ἐκ</em></strong></span> <span class='ocrx_word' id='word_1_124' title='bbox 741 1257 813 1306; x_wconf 83' lang='grc' dir='ltr'>τῆς</span> <span class='ocrx_word' id='word_1_125' title='bbox 845 1251 948 1310; x_wconf 72' lang='grc' dir='ltr'><strong><em>ἑῴας</em></strong></span> <span class='ocrx_word' id='word_1_126' title='bbox 977 1252 1287 1308; x_wconf 73' lang='grc' dir='ltr'><strong><em>εὐγενεστάτων,</em></strong></span> <span class='ocrx_word' id='word_1_127' title='bbox 1325 1252 1546 1310; x_wconf 80' lang='grc' dir='ltr'><strong><em>στρατηγὸς</em></strong></span> <span class='ocrx_word' id='word_1_128' title='bbox 1569 1256 1649 1294; x_wconf 80' lang='grc' dir='ltr'>τῶν</span> <span class='ocrx_word' id='word_1_129' title='bbox 1672 1255 1700 1290; x_wconf 91' lang='grc' dir='ltr'><strong>Ρ</strong></span> <span class='ocrx_word' id='word_1_130' title='bbox 1726 1258 1768 1290; x_wconf 65' lang='grc'>79</span> 
     </span>
     <span class='ocr_line' id='line_1_16' title="bbox 134 1319 1650 1378; baseline 0 -16"><span class='ocrx_word' id='word_1_131' title='bbox 134 1326 177 1362; x_wconf 82' lang='lat'>15</span> <span class='ocrx_word' id='word_1_132' title='bbox 189 1319 435 1362; x_wconf 79' lang='grc' dir='ltr'><strong><em>ἀνατολικῶν</em></strong></span> <span class='ocrx_word' id='word_1_133' title='bbox 466 1321 544 1377; x_wconf 80' lang='grc' dir='ltr'><strong><em>πρὸ</em></strong></span> <span class='ocrx_word' id='word_1_134' title='bbox 581 1324 734 1362; x_wconf 79' lang='grc' dir='ltr'><strong><em>πολλοῦ</em></strong></span> <span class='ocrx_word' id='word_1_135' title='bbox 772 1322 974 1372; x_wconf 82' lang='grc' dir='ltr'><strong><em>καταστὰς</em></strong></span> <span class='ocrx_word' id='word_1_136' title='bbox 1010 1323 1121 1378; x_wconf 80' lang='grc' dir='ltr'><strong><em>παρὰ</em></strong></span> <span class='ocrx_word' id='word_1_137' title='bbox 1157 1323 1377 1375; x_wconf 75' lang='grc' dir='ltr'><strong><em>βασιλέως,</em></strong></span> <span class='ocrx_word' id='word_1_138' title='bbox 1425 1320 1475 1376; x_wconf 74' lang='grc' dir='ltr'><strong><em>ἢν</em></strong></span> <span class='ocrx_word' id='word_1_139' title='bbox 1511 1320 1650 1362; x_wconf 73' lang='grc' dir='ltr'><strong><em>ὤδινεν</em></strong></span> 
     </span>
     <span class='ocr_line' id='line_1_17' title="bbox 187 1383 1651 1447; baseline 0.001 -19"><span class='ocrx_word' id='word_1_140' title='bbox 187 1383 457 1431; x_wconf 58' lang='grc' dir='ltr'><strong><em>ἐπανάστασιν</em></strong></span> <span class='ocrx_word' id='word_1_141' title='bbox 491 1391 546 1439; x_wconf 79' lang='grc' dir='ltr'>εἷς</span> <span class='ocrx_word' id='word_1_142' title='bbox 578 1389 806 1446; x_wconf 74' lang='grc' dir='ltr'><strong><em>τούμφανὲς</em></strong></span> <span class='ocrx_word' id='word_1_143' title='bbox 838 1388 1014 1447; x_wconf 71' lang='grc' dir='ltr'><strong><em>ἐξήγαγε.</em></strong></span> <span class='ocrx_word' id='word_1_144' title='bbox 1082 1391 1232 1444; x_wconf 76' lang='grc' dir='ltr'><strong><em>μαθών</em></strong></span> <span class='ocrx_word' id='word_1_145' title='bbox 1265 1391 1342 1446; x_wconf 70' lang='grc' dir='ltr'>γὰρ</span> <span class='ocrx_word' id='word_1_146' title='bbox 1375 1392 1416 1431; x_wconf 74' lang='grc' dir='ltr'><strong><em>ἐν</em></strong></span> <span class='ocrx_word' id='word_1_147' title='bbox 1452 1396 1651 1445; x_wconf 73' lang='grc' dir='ltr'><strong><em>ταραχαῖς</em></strong></span> 
     </span>
     <span class='ocr_line' id='line_1_18' title="bbox 188 1454 1650 1515; baseline 0 -17"><span class='ocrx_word' id='word_1_148' title='bbox 188 1454 285 1498; x_wconf 70' lang='grc' dir='ltr'><strong><em>εἶναι</em></strong></span> <span class='ocrx_word' id='word_1_149' title='bbox 320 1457 372 1499; x_wconf 81' lang='grc' dir='ltr'><strong><em>τὰ</em></strong></span> <span class='ocrx_word' id='word_1_150' title='bbox 401 1457 506 1500; x_wconf 84' lang='grc' dir='ltr'><strong><em>κατὰ</em></strong></span> <span class='ocrx_word' id='word_1_151' title='bbox 534 1457 607 1512; x_wconf 73' lang='grc' dir='ltr'><strong><em>τὴν</em></strong></span> <span class='ocrx_word' id='word_1_152' title='bbox 639 1457 831 1515; x_wconf 70' lang='grc' dir='ltr'><strong><em>ἑσπέραν,</em></strong></span> <span class='ocrx_word' id='word_1_153' title='bbox 881 1457 936 1508; x_wconf 81' lang='grc' dir='ltr'>ὡς</span> <span class='ocrx_word' id='word_1_154' title='bbox 971 1463 1050 1501; x_wconf 79' lang='grc' dir='ltr'>τῶν</span> <span class='ocrx_word' id='word_1_155' title='bbox 1083 1458 1236 1501; x_wconf 83' lang='grc' dir='ltr'><strong><em>πόλεων</em></strong></span> <span class='ocrx_word' id='word_1_156' title='bbox 1270 1458 1437 1501; x_wconf 77' lang='grc' dir='ltr'><strong><em>ἁπασῶν</em></strong></span> <span class='ocrx_word' id='word_1_157' title='bbox 1470 1457 1547 1499; x_wconf 71' lang='grc' dir='ltr'><strong><em>ὑπὸ</em></strong></span> <span class='ocrx_word' id='word_1_158' title='bbox 1580 1458 1650 1499; x_wconf 85' lang='grc' dir='ltr'>τὸν</span> 
     </span>
     <span class='ocr_line' id='line_1_19' title="bbox 187 1526 1648 1582; baseline 0.001 -16"><span class='ocrx_word' id='word_1_159' title='bbox 187 1526 404 1581; x_wconf 75' lang='grc' dir='ltr'><strong><em>Βρυέννιον</em></strong></span> <span class='ocrx_word' id='word_1_160' title='bbox 428 1527 668 1581; x_wconf 75' lang='grc' dir='ltr'><strong><em>γενομένων,</em></strong></span> <span class='ocrx_word' id='word_1_161' title='bbox 714 1527 810 1576; x_wconf 70' lang='grc' dir='ltr'><strong><em>τοὺς</em></strong></span> <span class='ocrx_word' id='word_1_162' title='bbox 840 1528 944 1569; x_wconf 79' lang='grc' dir='ltr'><strong><em>κατὰ</em></strong></span> <span class='ocrx_word' id='word_1_163' title='bbox 968 1527 1039 1581; x_wconf 78' lang='grc' dir='ltr'>τὴν</span> <span class='ocrx_word' id='word_1_164' title='bbox 1066 1527 1264 1582; x_wconf 76' lang='grc' dir='ltr'><strong><em>ἀνατολὴν</em></strong></span> <span class='ocrx_word' id='word_1_165' title='bbox 1288 1529 1354 1568; x_wconf 81' lang='grc' dir='ltr'>καὶ</span> <span class='ocrx_word' id='word_1_166' title='bbox 1380 1527 1500 1575; x_wconf 73' lang='grc' dir='ltr'><strong><em>αὐτὸς</em></strong></span> <span class='ocrx_word' id='word_1_167' title='bbox 1523 1543 1648 1567; x_wconf 85' lang='grc' dir='ltr'><strong><em>συνα-</em></strong></span> 
     </span>
     <span class='ocr_line' id='line_1_20' title="bbox 186 1589 1687 1651; baseline 0 -16"><span class='ocrx_word' id='word_1_168' title='bbox 186 1596 361 1649; x_wconf 79' lang='grc' dir='ltr'><strong><em>θροίσας</em></strong></span> <span class='ocrx_word' id='word_1_169' title='bbox 394 1594 643 1651; x_wconf 83' lang='grc' dir='ltr'><strong><em>στρατιώτας</em></strong></span> <span class='ocrx_word' id='word_1_170' title='bbox 678 1589 743 1636; x_wconf 75' lang='grc' dir='ltr'><strong><em>καῖ</em></strong></span> <span class='ocrx_word' id='word_1_171' title='bbox 779 1595 848 1637; x_wconf 83' lang='grc' dir='ltr'>τὸν</span> <span class='ocrx_word' id='word_1_172' title='bbox 878 1595 1196 1651; x_wconf 71' lang='grc' dir='ltr'><strong><em>Χρυσόσκοτλον</em></strong></span> <span class='ocrx_word' id='word_1_173' title='bbox 1231 1597 1501 1649; x_wconf 75' lang='grc' dir='ltr'><strong><em>ἔπιὸημοῦντα</em></strong></span> <span class='ocrx_word' id='word_1_174' title='bbox 1538 1612 1649 1648; x_wconf 79' lang='grc' dir='ltr'><strong><em>τηνι-</em></strong></span> <span class='ocrx_word' id='word_1_175' title='bbox 1684 1607 1687 1609; x_wconf 72' lang='grc'><strong>’</strong></span> 
     </span>
     <span class='ocr_line' id='line_1_21' title="bbox 132 1660 1649 1721; baseline 0 -17"><span class='ocrx_word' id='word_1_176' title='bbox 132 1669 179 1704; x_wconf 75' lang='grc'>20</span> <span class='ocrx_word' id='word_1_177' title='bbox 191 1665 320 1704; x_wconf 82' lang='grc' dir='ltr'><strong><em>καῦτα</em></strong></span> <span class='ocrx_word' id='word_1_178' title='bbox 346 1671 428 1712; x_wconf 79' lang='grc' dir='ltr'><strong><em>τοῖς</em></strong></span> <span class='ocrx_word' id='word_1_179' title='bbox 449 1667 520 1718; x_wconf 77' lang='grc' dir='ltr'>τῆς</span> <span class='ocrx_word' id='word_1_180' title='bbox 544 1662 714 1720; x_wconf 67' lang='grc' dir='ltr'><strong><em>ἑσπέρας</em></strong></span> <span class='ocrx_word' id='word_1_181' title='bbox 741 1665 879 1720; x_wconf 83' lang='grc' dir='ltr'><strong><em>με’ρεσι</em></strong></span> <span class='ocrx_word' id='word_1_182' title='bbox 909 1663 1238 1721; x_wconf 73' lang='grc' dir='ltr'><strong><em>προσλαβόμενος</em></strong></span> <span class='ocrx_word' id='word_1_183' title='bbox 1271 1662 1415 1719; x_wconf 78' lang='grc' dir='ltr'><strong><em>(πάλαι</em></strong></span> <span class='ocrx_word' id='word_1_184' title='bbox 1438 1663 1515 1719; x_wconf 76' lang='grc' dir='ltr'>γὰρ</span> <span class='ocrx_word' id='word_1_185' title='bbox 1539 1660 1649 1718; x_wconf 59' lang='grc' dir='ltr'>ἔφθη</span> 
     </span>
     <span class='ocr_line' id='line_1_22' title="bbox 188 1727 1647 1788; baseline -0.001 -16"><span class='ocrx_word' id='word_1_186' title='bbox 188 1731 483 1787; x_wconf 71' lang='grc' dir='ltr'><strong><em>προσχωρήσας</em></strong></span> <span class='ocrx_word' id='word_1_187' title='bbox 499 1730 735 1784; x_wconf 83' lang='grc' dir='ltr'><strong><em>Ῥωμαίοις,</em></strong></span> <span class='ocrx_word' id='word_1_188' title='bbox 772 1731 939 1787; x_wconf 77' lang='grc' dir='ltr'><strong><em>ὁπηνίκα</em></strong></span> <span class='ocrx_word' id='word_1_189' title='bbox 970 1733 1042 1782; x_wconf 82' lang='grc' dir='ltr'>τὰς</span> <span class='ocrx_word' id='word_1_190' title='bbox 1070 1732 1184 1787; x_wconf 68' lang='grc' dir='ltr'><strong><em>ἡνίας</em></strong></span> <span class='ocrx_word' id='word_1_191' title='bbox 1211 1727 1280 1788; x_wconf 71' lang='grc' dir='ltr'>ἦγε</span> <span class='ocrx_word' id='word_1_192' title='bbox 1304 1738 1375 1786; x_wconf 78' lang='grc' dir='ltr'>τῆς</span> <span class='ocrx_word' id='word_1_193' title='bbox 1394 1732 1603 1785; x_wconf 72' lang='grc' dir='ltr'><strong><em>βασιλείας</em></strong></span> <span class='ocrx_word' id='word_1_194' title='bbox 1626 1729 1647 1772; x_wconf 81' lang='grc' dir='ltr'><em>ὃ</em></span> 
     </span>
     <span class='ocr_line' id='line_1_23' title="bbox 181 1797 1649 1858; baseline 0.001 -19"><span class='ocrx_word' id='word_1_195' title='bbox 181 1797 388 1852; x_wconf 83' lang='grc' dir='ltr'><strong><em>Ῥωμανὸς</em></strong></span> <span class='ocrx_word' id='word_1_196' title='bbox 409 1800 626 1854; x_wconf 70' lang='grc' dir='ltr'><strong><em>Διογένης,</em></strong></span> <span class='ocrx_word' id='word_1_197' title='bbox 671 1800 725 1850; x_wconf 77' lang='grc' dir='ltr'>ὡς</span> <span class='ocrx_word' id='word_1_198' title='bbox 761 1798 781 1842; x_wconf 82' lang='grc' dir='ltr'><strong>ὅ</strong></span> <span class='ocrx_word' id='word_1_199' title='bbox 815 1800 931 1857; x_wconf 69' lang='grc' dir='ltr'><strong><em>λόγος</em></strong></span> <span class='ocrx_word' id='word_1_200' title='bbox 964 1800 1134 1858; x_wconf 61' lang='grc' dir='ltr'><strong><em>φθάσας</em></strong></span> <span class='ocrx_word' id='word_1_201' title='bbox 1167 1800 1383 1855; x_wconf 70' lang='grc' dir='ltr'><strong><em>ἐδήλωσεν)</em></strong></span> <span class='ocrx_word' id='word_1_202' title='bbox 1419 1799 1540 1841; x_wconf 72' lang='grc' dir='ltr'><strong><em>ε’πιὼν</em></strong></span> <span class='ocrx_word' id='word_1_203' title='bbox 1574 1799 1649 1848; x_wconf 79' lang='grc' dir='ltr'>τὰς</span> 
     </span>
     <span class='ocr_line' id='line_1_24' title="bbox 187 1865 1647 1926; baseline 0 -18"><span class='ocrx_word' id='word_1_204' title='bbox 187 1865 322 1917; x_wconf 77' lang='grc' dir='ltr'><strong><em>πόλεις</em></strong></span> <span class='ocrx_word' id='word_1_205' title='bbox 344 1866 421 1924; x_wconf 68' lang='grc' dir='ltr'>ὑφ’</span> <span class='ocrx_word' id='word_1_206' title='bbox 447 1866 589 1909; x_wconf 68' lang='grc' dir='ltr'><strong><em>ἑαυτὸν</em></strong></span> <span class='ocrx_word' id='word_1_207' title='bbox 613 1869 793 1910; x_wconf 75' lang='grc' dir='ltr'><strong><em>ἐποιεῖτο.</em></strong></span> <span class='ocrx_word' id='word_1_208' title='bbox 874 1869 1034 1911; x_wconf 80' lang='grc' dir='ltr'><strong><em>πάντων</em></strong></span> <span class='ocrx_word' id='word_1_209' title='bbox 1057 1871 1096 1910; x_wconf 76' lang='lat'>(5³</span> <span class='ocrx_word' id='word_1_210' title='bbox 1126 1870 1236 1926; x_wconf 72' lang='grc' dir='ltr'><strong><em>αὐτῷ</em></strong></span> <span class='ocrx_word' id='word_1_211' title='bbox 1258 1866 1647 1925; x_wconf 79' lang='grc' dir='ltr'><strong><em>προσκεχωρηκότων</em></strong></span> 
     </span>
     <span class='ocr_line' id='line_1_25' title="bbox 188 1933 1696 1994; baseline 0.001 -19"><span class='ocrx_word' id='word_1_212' title='bbox 188 1933 210 1975; x_wconf 77' lang='grc' dir='ltr'><em>ὃ</em></span> <span class='ocrx_word' id='word_1_213' title='bbox 240 1936 500 1990; x_wconf 66' lang='grc' dir='ltr'><strong><em>ΙΙἸελισσηνὸς</em></strong></span> <span class='ocrx_word' id='word_1_214' title='bbox 532 1935 790 1993; x_wconf 73' lang='grc' dir='ltr'><strong><em>Νικηφόρος,</em></strong></span> <span class='ocrx_word' id='word_1_215' title='bbox 838 1937 879 1988; x_wconf 73' lang='grc' dir='ltr'>ἒς</span> <span class='ocrx_word' id='word_1_216' title='bbox 909 1939 1151 1994; x_wconf 70' lang='grc' dir='ltr'><strong><em>Βουρτζιόις</em></strong></span> <span class='ocrx_word' id='word_1_217' title='bbox 1184 1955 1224 1980; x_wconf 85' lang='grc' dir='ltr'><strong><em>τε</em></strong></span> <span class='ocrx_word' id='word_1_218' title='bbox 1259 1940 1326 1980; x_wconf 81' lang='grc' dir='ltr'>καὶ</span> <span class='ocrx_word' id='word_1_219' title='bbox 1359 1935 1645 1991; x_wconf 65' lang='grc' dir='ltr'><strong><em>ῘΥ-Ῑελισσηνοῦς</em></strong></span> <span class='ocrx_word' id='word_1_220' title='bbox 1666 1942 1696 1977; x_wconf 86' lang='grc' dir='ltr'><strong><em>Β</em></strong></span> 
     </span>
    </p>
   </div>
   <div class='ocr_carea' id='block_1_3' title="bbox 185 2064 1646 2935">
    <p class='ocr_par' dir='ltr' id='par_1_3' title="bbox 185 2064 1646 2475">
     <span class='ocr_line' id='line_1_26' title="bbox 187 2064 1646 2112; baseline -0.001 -13"><span class='ocrx_word' id='word_1_221' title='bbox 187 2064 340 2099; x_wconf 78' lang='lat' dir='ltr'>discessu</span> <span class='ocrx_word' id='word_1_222' title='bbox 355 2065 512 2101; x_wconf 78' lang='lat' dir='ltr'>oriretur.</span> <span class='ocrx_word' id='word_1_223' title='bbox 547 2067 731 2111; x_wconf 84' lang='lat' dir='ltr'>quaerebat</span> <span class='ocrx_word' id='word_1_224' title='bbox 747 2067 848 2111; x_wconf 85' lang='lat' dir='ltr'>igitur</span> <span class='ocrx_word' id='word_1_225' title='bbox 863 2079 930 2112; x_wconf 92' lang='lat' dir='ltr'>quo</span> <span class='ocrx_word' id='word_1_226' title='bbox 946 2072 1047 2112; x_wconf 86' lang='lat' dir='ltr'>pacto</span> <span class='ocrx_word' id='word_1_227' title='bbox 1063 2079 1213 2103; x_wconf 83' lang='lat' dir='ltr'>securam</span> <span class='ocrx_word' id='word_1_228' title='bbox 1231 2072 1266 2102; x_wconf 92' lang='lat' dir='ltr'>et</span> <span class='ocrx_word' id='word_1_229' title='bbox 1280 2067 1449 2101; x_wconf 75' lang='lat' dir='ltr'>innoxiam</span> <span class='ocrx_word' id='word_1_230' title='bbox 1464 2065 1646 2100; x_wconf 76' lang='lat' dir='ltr'>obsidionis</span> 
     </span>
     <span class='ocr_line' id='line_1_27' title="bbox 185 2111 1644 2158; baseline 0 -14"><span class='ocrx_word' id='word_1_231' title='bbox 185 2111 385 2145; x_wconf 70' lang='lat' dir='ltr'>solutionem</span> <span class='ocrx_word' id='word_1_232' title='bbox 414 2112 565 2146; x_wconf 84' lang='lat' dir='ltr'>haberet.</span> <span class='ocrx_word' id='word_1_233' title='bbox 612 2112 698 2146; x_wconf 85' lang='lat' dir='ltr'>haec</span> <span class='ocrx_word' id='word_1_234' title='bbox 722 2125 797 2147; x_wconf 87' lang='lat' dir='ltr'>eum</span> <span class='ocrx_word' id='word_1_235' title='bbox 827 2113 968 2157; x_wconf 77' lang='lat' dir='ltr'>agitanti</span> <span class='ocrx_word' id='word_1_236' title='bbox 995 2115 1131 2148; x_wconf 85' lang='lat' dir='ltr'>nuntius</span> <span class='ocrx_word' id='word_1_237' title='bbox 1154 2115 1249 2148; x_wconf 87' lang='lat' dir='ltr'>venit</span> <span class='ocrx_word' id='word_1_238' title='bbox 1269 2115 1472 2158; x_wconf 80' lang='lat' dir='ltr'>Scytharum</span> <span class='ocrx_word' id='word_1_239' title='bbox 1499 2112 1644 2156; x_wconf 83' lang='lat' dir='ltr'>aliquam</span> 
     </span>
     <span class='ocr_line' id='line_1_28' title="bbox 188 2157 1644 2205; baseline 0 -15"><span class='ocrx_word' id='word_1_240' title='bbox 188 2157 431 2191; x_wconf 83' lang='lat' dir='ltr'>multitudinem</span> <span class='ocrx_word' id='word_1_241' title='bbox 446 2158 611 2192; x_wconf 85' lang='lat' dir='ltr'>Haemum</span> <span class='ocrx_word' id='word_1_242' title='bbox 632 2165 877 2202; x_wconf 78' lang='lat' dir='ltr'>transgressam</span> <span class='ocrx_word' id='word_1_243' title='bbox 905 2171 1005 2203; x_wconf 83' lang='lat' dir='ltr'>agros</span> <span class='ocrx_word' id='word_1_244' title='bbox 1023 2163 1197 2205; x_wconf 80' lang='lat' dir='ltr'>pagosque</span> <span class='ocrx_word' id='word_1_245' title='bbox 1221 2160 1308 2194; x_wconf 86' lang='lat' dir='ltr'>circa</span> <span class='ocrx_word' id='word_1_246' title='bbox 1325 2160 1568 2197; x_wconf 76' lang='lat' dir='ltr'>Chersonesum</span> <span class='ocrx_word' id='word_1_247' title='bbox 1591 2157 1644 2190; x_wconf 84' lang='lat' dir='ltr'>in·-</span> 
     </span>
     <span class='ocr_line' id='line_1_29' title="bbox 188 2203 1646 2250; baseline -0.001 -14"><span class='ocrx_word' id='word_1_248' title='bbox 188 2213 324 2236; x_wconf 87' lang='lat' dir='ltr'>cursare</span> <span class='ocrx_word' id='word_1_249' title='bbox 338 2208 550 2248; x_wconf 87' lang='lat' dir='ltr'>vastareque.</span> <span class='ocrx_word' id='word_1_250' title='bbox 598 2204 675 2237; x_wconf 90' lang='lat' dir='ltr'>hinc</span> <span class='ocrx_word' id='word_1_251' title='bbox 699 2209 797 2250; x_wconf 87' lang='lat' dir='ltr'>rapto</span> <span class='ocrx_word' id='word_1_252' title='bbox 822 2210 1001 2249; x_wconf 84' lang='lat' dir='ltr'>praetextu</span> <span class='ocrx_word' id='word_1_253' title='bbox 1026 2206 1155 2240; x_wconf 84' lang='lat' dir='ltr'>recedit</span> <span class='ocrx_word' id='word_1_254' title='bbox 1177 2218 1197 2239; x_wconf 89' lang='lat' dir='ltr'>a</span> <span class='ocrx_word' id='word_1_255' title='bbox 1222 2205 1361 2238; x_wconf 87' lang='lat' dir='ltr'>civitate</span> <span class='ocrx_word' id='word_1_256' title='bbox 1385 2204 1481 2249; x_wconf 83' lang='lat' dir='ltr'>quasi</span> <span class='ocrx_word' id='word_1_257' title='bbox 1497 2203 1646 2246; x_wconf 83' lang='lat' dir='ltr'>Scythas</span> 
     </span>
     <span class='ocr_line' id='line_1_30' title="bbox 188 2248 1646 2296; baseline -0.001 -14"><span class='ocrx_word' id='word_1_258' title='bbox 188 2248 390 2293; x_wconf 85' lang='lat' dir='ltr'>reprimendi</span> <span class='ocrx_word' id='word_1_259' title='bbox 415 2250 527 2283; x_wconf 82' lang='lat' dir='ltr'>studio</span> <span class='ocrx_word' id='word_1_260' title='bbox 553 2249 663 2294; x_wconf 89' lang='lat' dir='ltr'>iisque</span> <span class='ocrx_word' id='word_1_261' title='bbox 687 2250 894 2284; x_wconf 87' lang='lat' dir='ltr'>commodum</span> <span class='ocrx_word' id='word_1_262' title='bbox 918 2262 938 2284; x_wconf 91' lang='lat' dir='ltr'>a</span> <span class='ocrx_word' id='word_1_263' title='bbox 963 2252 1092 2296; x_wconf 79' lang='lat' dir='ltr'>praeda</span> <span class='ocrx_word' id='word_1_264' title='bbox 1113 2250 1361 2285; x_wconf 81' lang='lat' dir='ltr'>revertentibus</span> <span class='ocrx_word' id='word_1_265' title='bbox 1382 2260 1562 2284; x_wconf 82' lang='lat' dir='ltr'>occurrens</span> <span class='ocrx_word' id='word_1_266' title='bbox 1579 2259 1646 2293; x_wconf 86' lang='lat' dir='ltr'>pu-</span> 
     </span>
     <span class='ocr_line' id='line_1_31' title="bbox 187 2295 1643 2341; baseline 0 -15"><span class='ocrx_word' id='word_1_267' title='bbox 187 2305 288 2337; x_wconf 78' lang='lat' dir='ltr'>gnam</span> <span class='ocrx_word' id='word_1_268' title='bbox 304 2295 483 2329; x_wconf 87' lang='lat' dir='ltr'>secundam</span> <span class='ocrx_word' id='word_1_269' title='bbox 499 2295 603 2337; x_wconf 85' lang='lat' dir='ltr'>fecit,</span> <span class='ocrx_word' id='word_1_270' title='bbox 633 2296 716 2329; x_wconf 84' lang='lat' dir='ltr'>fusis</span> <span class='ocrx_word' id='word_1_271' title='bbox 730 2296 922 2341; x_wconf 81' lang='lat' dir='ltr'>fugatisque</span> <span class='ocrx_word' id='word_1_272' title='bbox 940 2298 1087 2339; x_wconf 82' lang='lat' dir='ltr'>cunctis,</span> <span class='ocrx_word' id='word_1_273' title='bbox 1115 2297 1262 2341; x_wconf 75' lang='lat' dir='ltr'>plurimis</span> <span class='ocrx_word' id='word_1_274' title='bbox 1278 2296 1467 2329; x_wconf 80' lang='lat' dir='ltr'>intersectis</span> <span class='ocrx_word' id='word_1_275' title='bbox 1483 2306 1545 2328; x_wconf 88' lang='lat' dir='ltr'>nec</span> <span class='ocrx_word' id='word_1_276' title='bbox 1561 2305 1643 2339; x_wconf 86' lang='lat' dir='ltr'>pau-</span> 
     </span>
     <span class='ocr_line' id='line_1_32' title="bbox 186 2339 1645 2386; baseline 0 -14"><span class='ocrx_word' id='word_1_277' title='bbox 186 2339 332 2373; x_wconf 89' lang='lat' dir='ltr'>cioribus</span> <span class='ocrx_word' id='word_1_278' title='bbox 357 2342 481 2386; x_wconf 79' lang='lat' dir='ltr'>captis,</span> <span class='ocrx_word' id='word_1_279' title='bbox 513 2352 599 2386; x_wconf 88' lang='lat' dir='ltr'>quos</span> <span class='ocrx_word' id='word_1_280' title='bbox 624 2341 667 2375; x_wconf 85' lang='lat' dir='ltr'>ad</span> <span class='ocrx_word' id='word_1_281' title='bbox 693 2342 832 2375; x_wconf 86' lang='lat' dir='ltr'>fratrem</span> <span class='ocrx_word' id='word_1_282' title='bbox 857 2342 990 2375; x_wconf 89' lang='lat' dir='ltr'>rediens</span> <span class='ocrx_word' id='word_1_283' title='bbox 1017 2342 1048 2375; x_wconf 90' lang='lat' dir='ltr'>ei</span> <span class='ocrx_word' id='word_1_284' title='bbox 1076 2342 1208 2376; x_wconf 86' lang='lat' dir='ltr'>obtulit.</span> <span class='ocrx_word' id='word_1_285' title='bbox 1257 2342 1314 2386; x_wconf 81' lang='lat' dir='ltr'>qui</span> <span class='ocrx_word' id='word_1_286' title='bbox 1338 2353 1379 2374; x_wconf 90' lang='lat' dir='ltr'>ex</span> <span class='ocrx_word' id='word_1_287' title='bbox 1402 2341 1442 2374; x_wconf 87' lang='lat' dir='ltr'>iis</span> <span class='ocrx_word' id='word_1_288' title='bbox 1469 2341 1645 2374; x_wconf 84' lang='lat' dir='ltr'>occasione</span> 
     </span>
     <span class='ocr_line' id='line_1_33' title="bbox 186 2385 1643 2432; baseline 0.001 -15"><span class='ocrx_word' id='word_1_289' title='bbox 186 2385 424 2430; x_wconf 65' lang='lat' dir='ltr'>transigendae</span> <span class='ocrx_word' id='word_1_290' title='bbox 439 2398 513 2420; x_wconf 90' lang='lat' dir='ltr'>cum</span> <span class='ocrx_word' id='word_1_291' title='bbox 530 2386 668 2429; x_wconf 67' lang='lat' dir='ltr'>Scythis</span> <span class='ocrx_word' id='word_1_292' title='bbox 683 2387 773 2431; x_wconf 81' lang='lat' dir='ltr'>pacis</span> <span class='ocrx_word' id='word_1_293' title='bbox 788 2392 977 2431; x_wconf 86' lang='lat' dir='ltr'>opportune</span> <span class='ocrx_word' id='word_1_294' title='bbox 992 2392 1103 2432; x_wconf 83' lang='lat' dir='ltr'>capta,</span> <span class='ocrx_word' id='word_1_295' title='bbox 1120 2388 1260 2421; x_wconf 81' lang='lat' dir='ltr'>redditis</span> <span class='ocrx_word' id='word_1_296' title='bbox 1276 2386 1419 2431; x_wconf 82' lang='lat' dir='ltr'>captivis</span> <span class='ocrx_word' id='word_1_297' title='bbox 1436 2386 1520 2419; x_wconf 78' lang='lat' dir='ltr'>alios</span> <span class='ocrx_word' id='word_1_298' title='bbox 1537 2398 1557 2418; x_wconf 85' lang='lat' dir='ltr'>e</span> <span class='ocrx_word' id='word_1_299' title='bbox 1572 2386 1643 2430; x_wconf 82' lang='lat' dir='ltr'>pri-</span> 
     </span>
     <span class='ocr_line' id='line_1_34' title="bbox 186 2429 1505 2475; baseline 0.002 -12"><span class='ocrx_word' id='word_1_300' title='bbox 186 2430 333 2464; x_wconf 83' lang='lat' dir='ltr'>moribus</span> <span class='ocrx_word' id='word_1_301' title='bbox 349 2432 555 2474; x_wconf 87' lang='lat' dir='ltr'>Scytharum</span> <span class='ocrx_word' id='word_1_302' title='bbox 571 2429 706 2464; x_wconf 80' lang='lat' dir='ltr'>obsides</span> <span class='ocrx_word' id='word_1_303' title='bbox 720 2432 855 2475; x_wconf 86' lang='lat' dir='ltr'>accepit</span> <span class='ocrx_word' id='word_1_304' title='bbox 868 2432 1035 2466; x_wconf 85' lang='lat' dir='ltr'>societate</span> <span class='ocrx_word' id='word_1_305' title='bbox 1050 2445 1124 2466; x_wconf 90' lang='lat' dir='ltr'>cum</span> <span class='ocrx_word' id='word_1_306' title='bbox 1140 2434 1179 2466; x_wconf 88' lang='lat' dir='ltr'>iis</span> <span class='ocrx_word' id='word_1_307' title='bbox 1195 2433 1290 2466; x_wconf 81' lang='lat' dir='ltr'>firma</span> <span class='ocrx_word' id='word_1_308' title='bbox 1310 2431 1505 2466; x_wconf 86' lang='lat' dir='ltr'>constituta.</span> 
     </span>
    </p>

    <p class='ocr_par' dir='ltr' id='par_1_4' title="bbox 185 2476 1644 2935">
     <span class='ocr_line' id='line_1_35' title="bbox 281 2476 1643 2522; baseline -0.002 -10"><span class='ocrx_word' id='word_1_309' title='bbox 281 2477 334 2512; x_wconf 81' lang='lat'>15.</span> <span class='ocrx_word' id='word_1_310' title='bbox 379 2477 467 2511; x_wconf 86' lang='lat' dir='ltr'>Dum</span> <span class='ocrx_word' id='word_1_311' title='bbox 483 2483 594 2511; x_wconf 88' lang='lat' dir='ltr'>autem</span> <span class='ocrx_word' id='word_1_312' title='bbox 609 2477 693 2510; x_wconf 79' lang='lat' dir='ltr'>haec</span> <span class='ocrx_word' id='word_1_313' title='bbox 707 2477 931 2520; x_wconf 82' lang='lat' dir='ltr'>gerebantur,</span> <span class='ocrx_word' id='word_1_314' title='bbox 959 2478 1158 2512; x_wconf 85' lang='lat' dir='ltr'>Botaniates</span> <span class='ocrx_word' id='word_1_315' title='bbox 1172 2478 1387 2522; x_wconf 86' lang='lat' dir='ltr'>Nicephorus</span> <span class='ocrx_word' id='word_1_316' title='bbox 1409 2487 1496 2510; x_wconf 82' lang='lat' dir='ltr'>unus</span> <span class='ocrx_word' id='word_1_317' title='bbox 1512 2489 1532 2509; x_wconf 89' lang='lat' dir='ltr'>e</span> <span class='ocrx_word' id='word_1_318' title='bbox 1546 2476 1643 2510; x_wconf 87' lang='lat' dir='ltr'>nobi-</span> 
     </span>
     <span class='ocr_line' id='line_1_36' title="bbox 186 2521 1641 2567; baseline 0 -13"><span class='ocrx_word' id='word_1_319' title='bbox 186 2521 316 2556; x_wconf 79' lang='lat' dir='ltr'>lissimis</span> <span class='ocrx_word' id='word_1_320' title='bbox 333 2523 483 2557; x_wconf 90' lang='lat' dir='ltr'>Orientis</span> <span class='ocrx_word' id='word_1_321' title='bbox 494 2549 503 2564; x_wconf 93' lang='lat'><em>‚</em></span> <span class='ocrx_word' id='word_1_322' title='bbox 534 2533 632 2567; x_wconf 87' lang='lat' dir='ltr'>quem</span> <span class='ocrx_word' id='word_1_323' title='bbox 647 2522 770 2555; x_wconf 90' lang='lat' dir='ltr'>dudum</span> <span class='ocrx_word' id='word_1_324' title='bbox 785 2522 968 2567; x_wconf 87' lang='lat' dir='ltr'>imperator</span> <span class='ocrx_word' id='word_1_325' title='bbox 984 2524 1149 2557; x_wconf 86' lang='lat' dir='ltr'>universis</span> <span class='ocrx_word' id='word_1_326' title='bbox 1164 2523 1348 2556; x_wconf 85' lang='lat' dir='ltr'>Orientalis</span> <span class='ocrx_word' id='word_1_327' title='bbox 1362 2526 1492 2556; x_wconf 88' lang='lat' dir='ltr'>tractus</span> <span class='ocrx_word' id='word_1_328' title='bbox 1507 2523 1641 2567; x_wconf 78' lang='lat' dir='ltr'>praefe—</span> 
     </span>
     <span class='ocr_line' id='line_1_37' title="bbox 185 2567 1641 2613; baseline 0.001 -13"><span class='ocrx_word' id='word_1_329' title='bbox 185 2573 280 2601; x_wconf 84' lang='lat' dir='ltr'>cerat</span> <span class='ocrx_word' id='word_1_330' title='bbox 302 2569 426 2613; x_wconf 87' lang='lat' dir='ltr'>copiis,</span> <span class='ocrx_word' id='word_1_331' title='bbox 459 2579 556 2613; x_wconf 89' lang='lat' dir='ltr'>quam</span> <span class='ocrx_word' id='word_1_332' title='bbox 574 2568 700 2612; x_wconf 86' lang='lat' dir='ltr'>pridem</span> <span class='ocrx_word' id='word_1_333' title='bbox 716 2569 926 2612; x_wconf 86' lang='lat' dir='ltr'>parturiebat</span> <span class='ocrx_word' id='word_1_334' title='bbox 941 2569 1155 2603; x_wconf 81' lang='lat' dir='ltr'>rebellionem</span> <span class='ocrx_word' id='word_1_335' title='bbox 1170 2568 1347 2612; x_wconf 87' lang='lat' dir='ltr'>aliquando</span> <span class='ocrx_word' id='word_1_336' title='bbox 1364 2567 1472 2613; x_wconf 85' lang='lat' dir='ltr'>palam</span> <span class='ocrx_word' id='word_1_337' title='bbox 1489 2568 1641 2613; x_wconf 84' lang='lat' dir='ltr'>protulit.</span> 
     </span>
     <span class='ocr_line' id='line_1_38' title="bbox 185 2612 1644 2658; baseline 0 -12"><span class='ocrx_word' id='word_1_338' title='bbox 185 2612 374 2658; x_wconf 83' lang='lat' dir='ltr'>intelligens</span> <span class='ocrx_word' id='word_1_339' title='bbox 402 2614 486 2648; x_wconf 89' lang='lat' dir='ltr'>enim</span> <span class='ocrx_word' id='word_1_340' title='bbox 509 2614 666 2648; x_wconf 82' lang='lat' dir='ltr'>turbatas</span> <span class='ocrx_word' id='word_1_341' title='bbox 689 2625 761 2646; x_wconf 79' lang='lat' dir='ltr'>esse</span> <span class='ocrx_word' id='word_1_342' title='bbox 786 2625 841 2647; x_wconf 86' lang='lat' dir='ltr'>res</span> <span class='ocrx_word' id='word_1_343' title='bbox 857 2614 1074 2658; x_wconf 82' lang='lat' dir='ltr'>Occidentis,</span> <span class='ocrx_word' id='word_1_344' title='bbox 1106 2614 1298 2648; x_wconf 84' lang='lat' dir='ltr'>civitatibus</span> <span class='ocrx_word' id='word_1_345' title='bbox 1326 2613 1493 2658; x_wconf 82' lang='lat' dir='ltr'>plerisque</span> <span class='ocrx_word' id='word_1_346' title='bbox 1510 2615 1644 2658; x_wconf 86' lang='lat' dir='ltr'>Bryen-</span> 
     </span>
     <span class='ocr_line' id='line_1_39' title="bbox 186 2658 1642 2704; baseline 0.001 -14"><span class='ocrx_word' id='word_1_347' title='bbox 186 2658 275 2692; x_wconf 85' lang='lat' dir='ltr'>nium</span> <span class='ocrx_word' id='word_1_348' title='bbox 291 2661 526 2704; x_wconf 81' lang='lat' dir='ltr'>sequentibus,</span> <span class='ocrx_word' id='word_1_349' title='bbox 558 2659 708 2693; x_wconf 83' lang='lat' dir='ltr'>collectis</span> <span class='ocrx_word' id='word_1_350' title='bbox 734 2659 868 2703; x_wconf 56' lang='lat' dir='ltr'>etipse</span> <span class='ocrx_word' id='word_1_351' title='bbox 892 2660 927 2693; x_wconf 90' lang='lat' dir='ltr'>in</span> <span class='ocrx_word' id='word_1_352' title='bbox 948 2671 1048 2693; x_wconf 90' lang='lat' dir='ltr'>unum</span> <span class='ocrx_word' id='word_1_353' title='bbox 1076 2660 1132 2704; x_wconf 91' lang='lat' dir='ltr'>qui</span> <span class='ocrx_word' id='word_1_354' title='bbox 1148 2666 1246 2694; x_wconf 84' lang='lat' dir='ltr'>erant</span> <span class='ocrx_word' id='word_1_355' title='bbox 1261 2660 1355 2693; x_wconf 84' lang='lat' dir='ltr'>varie</span> <span class='ocrx_word' id='word_1_356' title='bbox 1371 2670 1432 2704; x_wconf 83' lang='lat' dir='ltr'>per</span> <span class='ocrx_word' id='word_1_357' title='bbox 1448 2659 1642 2693; x_wconf 68' lang='lat' dir='ltr'>orient-ales</span> 
     </span>
     <span class='ocr_line' id='line_1_40' title="bbox 186 2704 1641 2751; baseline 0.001 -14"><span class='ocrx_word' id='word_1_358' title='bbox 186 2704 378 2749; x_wconf 83' lang='lat' dir='ltr'>provincias</span> <span class='ocrx_word' id='word_1_359' title='bbox 393 2706 501 2750; x_wconf 85' lang='lat' dir='ltr'>sparsi</span> <span class='ocrx_word' id='word_1_360' title='bbox 516 2705 673 2740; x_wconf 85' lang='lat' dir='ltr'>militibus</span> <span class='ocrx_word' id='word_1_361' title='bbox 691 2709 725 2739; x_wconf 85' lang='lat' dir='ltr'>et</span> <span class='ocrx_word' id='word_1_362' title='bbox 739 2708 910 2751; x_wconf 82' lang='lat' dir='ltr'>assumpto</span> <span class='ocrx_word' id='word_1_363' title='bbox 925 2706 1155 2750; x_wconf 78' lang='lat' dir='ltr'>Chrysosculo</span> <span class='ocrx_word' id='word_1_364' title='bbox 1171 2705 1228 2750; x_wconf 85' lang='lat' dir='ltr'>qui</span> <span class='ocrx_word' id='word_1_365' title='bbox 1242 2709 1322 2739; x_wconf 86' lang='lat' dir='ltr'>tunc</span> <span class='ocrx_word' id='word_1_366' title='bbox 1336 2705 1369 2739; x_wconf 91' lang='lat' dir='ltr'>in</span> <span class='ocrx_word' id='word_1_367' title='bbox 1379 2705 1548 2738; x_wconf 87' lang='lat' dir='ltr'>Occiduas</span> <span class='ocrx_word' id='word_1_368' title='bbox 1561 2717 1641 2749; x_wconf 87' lang='lat' dir='ltr'>par—</span> 
     </span>
     <span class='ocr_line' id='line_1_41' title="bbox 187 2750 1643 2797; baseline 0 -14"><span class='ocrx_word' id='word_1_369' title='bbox 187 2756 240 2783; x_wconf 86' lang='lat' dir='ltr'>tes</span> <span class='ocrx_word' id='word_1_370' title='bbox 257 2750 496 2794; x_wconf 79' lang='lat' dir='ltr'>profectionem</span> <span class='ocrx_word' id='word_1_371' title='bbox 512 2751 701 2786; x_wconf 87' lang='lat' dir='ltr'>adornabat</span> <span class='ocrx_word' id='word_1_372' title='bbox 726 2750 867 2793; x_wconf 87' lang='lat' dir='ltr'>(dudum</span> <span class='ocrx_word' id='word_1_373' title='bbox 885 2751 971 2785; x_wconf 88' lang='lat' dir='ltr'>enim</span> <span class='ocrx_word' id='word_1_374' title='bbox 986 2757 1064 2785; x_wconf 88' lang='lat' dir='ltr'>ante</span> <span class='ocrx_word' id='word_1_375' title='bbox 1078 2752 1143 2785; x_wconf 85' lang='lat' dir='ltr'>hoc</span> <span class='ocrx_word' id='word_1_376' title='bbox 1158 2756 1288 2797; x_wconf 84' lang='lat' dir='ltr'>tempus</span> <span class='ocrx_word' id='word_1_377' title='bbox 1304 2751 1333 2785; x_wconf 86' lang='lat' dir='ltr'>is</span> <span class='ocrx_word' id='word_1_378' title='bbox 1350 2751 1510 2785; x_wconf 79' lang='lat' dir='ltr'>Romanis</span> <span class='ocrx_word' id='word_1_379' title='bbox 1525 2761 1643 2784; x_wconf 74' lang='lat' dir='ltr'>acces-</span> 
     </span>
     <span class='ocr_line' id='line_1_42' title="bbox 186 2796 1641 2842; baseline -0.001 -12"><span class='ocrx_word' id='word_1_380' title='bbox 186 2800 298 2838; x_wconf 81' lang='lat' dir='ltr'>serat,</span> <span class='ocrx_word' id='word_1_381' title='bbox 328 2797 393 2830; x_wconf 81' lang='lat' dir='ltr'>iam</span> <span class='ocrx_word' id='word_1_382' title='bbox 408 2800 478 2831; x_wconf 83' lang='lat' dir='ltr'>tum</span> <span class='ocrx_word' id='word_1_383' title='bbox 492 2809 535 2832; x_wconf 86' lang='lat' dir='ltr'>ex</span> <span class='ocrx_word' id='word_1_384' title='bbox 550 2808 617 2842; x_wconf 92' lang='lat' dir='ltr'>quo</span> <span class='ocrx_word' id='word_1_385' title='bbox 633 2797 806 2842; x_wconf 87' lang='lat' dir='ltr'>imperium</span> <span class='ocrx_word' id='word_1_386' title='bbox 821 2796 1072 2831; x_wconf 79' lang='lat' dir='ltr'>administrabat</span> <span class='ocrx_word' id='word_1_387' title='bbox 1087 2797 1255 2831; x_wconf 84' lang='lat' dir='ltr'>Romanus</span> <span class='ocrx_word' id='word_1_388' title='bbox 1270 2797 1441 2841; x_wconf 84' lang='lat' dir='ltr'>Diogenes</span> <span class='ocrx_word' id='word_1_389' title='bbox 1451 2823 1461 2837; x_wconf 90' lang='lat'>‚</span> <span class='ocrx_word' id='word_1_390' title='bbox 1485 2801 1525 2830; x_wconf 90' lang='lat' dir='ltr'>ut</span> <span class='ocrx_word' id='word_1_391' title='bbox 1540 2806 1641 2840; x_wconf 84' lang='lat' dir='ltr'>supe-</span> 
     </span>
     <span class='ocr_line' id='line_1_43' title="bbox 188 2841 1642 2886; baseline -0.001 -11"><span class='ocrx_word' id='word_1_392' title='bbox 188 2842 257 2876; x_wconf 79' lang='lat' dir='ltr'>rius</span> <span class='ocrx_word' id='word_1_393' title='bbox 280 2842 315 2875; x_wconf 88' lang='lat' dir='ltr'>in</span> <span class='ocrx_word' id='word_1_394' title='bbox 338 2843 403 2875; x_wconf 85' lang='lat' dir='ltr'>hac</span> <span class='ocrx_word' id='word_1_395' title='bbox 425 2842 561 2876; x_wconf 84' lang='lat' dir='ltr'>historia</span> <span class='ocrx_word' id='word_1_396' title='bbox 588 2843 799 2886; x_wconf 88' lang='lat' dir='ltr'>docuimus),</span> <span class='ocrx_word' id='word_1_397' title='bbox 831 2843 948 2877; x_wconf 88' lang='lat' dir='ltr'>obiens</span> <span class='ocrx_word' id='word_1_398' title='bbox 979 2844 1135 2878; x_wconf 86' lang='lat' dir='ltr'>civitates</span> <span class='ocrx_word' id='word_1_399' title='bbox 1171 2843 1237 2878; x_wconf 87' lang='lat' dir='ltr'>sibi</span> <span class='ocrx_word' id='word_1_400' title='bbox 1257 2843 1466 2877; x_wconf 84' lang='lat' dir='ltr'>subiiciebat.</span> <span class='ocrx_word' id='word_1_401' title='bbox 1514 2841 1642 2874; x_wconf 80' lang='lat' dir='ltr'>cunetis</span> 
     </span>
     <span class='ocr_line' id='line_1_44' title="bbox 189 2884 1644 2935; baseline -0.003 -13"><span class='ocrx_word' id='word_1_402' title='bbox 189 2894 300 2923; x_wconf 82' lang='lat' dir='ltr'>autem</span> <span class='ocrx_word' id='word_1_403' title='bbox 326 2887 448 2933; x_wconf 69' lang='lat' dir='ltr'>passim</span> <span class='ocrx_word' id='word_1_404' title='bbox 471 2888 504 2922; x_wconf 88' lang='lat' dir='ltr'>iu</span> <span class='ocrx_word' id='word_1_405' title='bbox 530 2888 602 2923; x_wconf 81' lang='lat' dir='ltr'>eius</span> <span class='ocrx_word' id='word_1_406' title='bbox 618 2894 732 2935; x_wconf 76' lang='lat' dir='ltr'>partes</span> <span class='ocrx_word' id='word_1_407' title='bbox 747 2889 994 2925; x_wconf 77' lang='lat' dir='ltr'>transeuntibus</span> <span class='ocrx_word' id='word_1_408' title='bbox 1010 2889 1213 2924; x_wconf 69' lang='lat' dir='ltr'>Melissenus</span> <span class='ocrx_word' id='word_1_409' title='bbox 1230 2889 1444 2934; x_wconf 76' lang='lat' dir='ltr'>Nicephorus</span> <span class='ocrx_word' id='word_1_410' title='bbox 1461 2901 1481 2921; x_wconf 86' lang='lat' dir='ltr'>e</span> <span class='ocrx_word' id='word_1_411' title='bbox 1498 2884 1644 2934; x_wconf 78' lang='lat' dir='ltr'>Burtziis</span> 
     </span>
    </p>
   </div>
  </div>
 </body>
</html>
