1878 3262
244 236 303 280 IN
320 235 624 281 NICEPHORI
641 236 909 281 BRYENNII
930 236 1223 285 COMMENT.
1243 237 1445 282 NOTAE.
1499 237 1596 282 203

134 353 361 399 peratorem
384 353 621 398 promotus,
652 353 776 384 natus
789 346 944 397 fuerit.-
974 353 1012 384 et
1034 347 1132 398 quia
1146 354 1265 397 pater
1282 347 1368 385 eius·
1390 354 1488 385 tune
1500 349 1596 399 pri-

140 410 239 441 vata
270 411 357 441 erat
376 418 571 455 persona,
601 405 644 441 in
671 405 836 454 imperio
857 418 937 441 non
949 410 1109 454 poterat
1129 403 1210 440 sibi
1226 405 1294 440 ius
1311 403 1484 456 aliquod
1506 405 1597 442 vin-

140 458 288 498 dicare.
346 474 435 499 cum
461 460 582 511 igitur
606 472 677 511 per
703 460 890 498 nefandas
913 466 1039 508 artes,
1067 472 1139 511 per
1157 459 1293 497 caedes
1315 466 1355 498 et
1372 460 1596 512 parricidia,

139 521 179 553 et
221 517 427 556 cuiuslibet
461 517 611 567 generis
640 516 848 565 maleficia,
885 516 935 554 ad
958 516 1065 554 istud
1091 515 1405 567 proveherentur
1438 518 1593 556 culmen
1613 515 1644 552 P
1668 516 1734 552 198

137 572 355 611 orientales
381 573 565 624 Augusti,
594 572 690 624 quid
707 574 852 611 mirum
869 573 901 611 si
919 572 1015 611 deus
1033 586 1114 610 non
1134 585 1356 624 supremam
1376 574 1495 612 modo
1517 574 1595 612 im-

134 629 356 680 peratoriae
385 629 582 681 dignitatis
613 629 886 667 auctoritatem
912 636 952 667 et
974 629 1136 667 titulum
1165 629 1370 669 transtulit
1402 630 1455 668 ad
1474 631 1594 669 Occi-

137 685 312 723 dentales
327 715 338 734 ,
363 686 433 724 sed
458 692 508 724 et*
524 685 774 736 universum,
805 685 912 736 quod
944 686 1152 724 sceleribus
1177 687 1438 736 quaerebatur
1457 692 1497 725 et
1518 687 1594 726 ad·-

134 742 433 780 ministrabatur
455 742 683 792 imperium,
713 743 862 780 mutuis
885 742 1051 779 invicem
1080 742 1247 781 dissidiis
1272 749 1312 781 et
1335 743 1594 782 barbararum

132 798 307 848 gentium
343 799 626 849 irruptionibus
662 798 888 836 labefactari
926 812 972 836 ac
1007 798 1167 837 tandem
1206 799 1368 838 dissolvi
1404 801 1592 852 permisit.

135 854 277 893 Glaber
300 854 492 893 Radulfus
514 855 540 896 l.
564 859 584 896 1
608 854 711 896 Hist.
726 855 865 894 Franc.
889 868 923 892 c.
945 855 993 896 4:
1022 862 1180 892 constat
1196 857 1327 907 igitur
1347 856 1398 894 ab
1417 858 1594 895 anterio-

132 911 245 949 ribus
281 909 392 949 illud
417 912 644 963 principale
683 913 811 949 totins·
844 911 953 949 orbis·
984 912 1199 962 imperium
1222 913 1359 960 faisse
1395 911 1592 963 divisum,

131 968 284 1005 scilicet
306 975 352 1005 ut
375 966 708 1020 quemadmodum
736 969 946 1006 universae
972 968 1196 1005 latinitatis
1212 969 1347 1006 Roma
1361 982 1497 1020 gerere
1519 968 1592 1007 de-

133 1024 236 1062 beret
255 1026 560 1076 principatum,
601 1026 666 1061 ita
700 1024 1070 1075 Constantinopolis
1101 1031 1187 1061 tam
1217 1025 1467 1063 Graecorum
1499 1040 1593 1077 spe-

133 1081 238 1118 ciale
259 1088 381 1132 caput
401 1080 446 1122 in
464 1082 754 1119 transmarinis
775 1082 951 1120 Orienti-s·
959 1081 1178 1131 partibuS,
1209 1095 1332 1132 quam
1358 1088 1591 1121 ceterorum.

131 1136 204 1175 sed
220 1136 319 1175 dum
335 1139 454 1175 semel
472 1140 516 1175 in
532 1152 573 1175 se
589 1139 703 1175 novit
720 1136 948 1189 dispertiri,
969 1136 1231 1188 postmodum
1253 1137 1470 1188 paulatim
1484 1152 1591 1189 paro

133 1201 307 1246 utraque
331 1195 528 1232 usitatius
556 1193 704 1232 didicit
730 1195 886 1231 minui:
918 1192 1102 1231 videlicet
1121 1191 1245 1230 donec
1266 1195 1510 1245 contingeret
1530 1195 1592 1232 il-

130 1250 210 1288 lud
230 1252 407 1289 coartari
420 1251 614 1302 praeliis,
643 1258 689 1288 ut
700 1251 815 1301 soret
838 1250 1018 1299 brevius,
1047 1256 1084 1287 et
1105 1248 1223 1288 istud
1239 1257 1435 1302 appeteret
1452 1249 1590 1289 mode-

129 1309 219 1345 rari
249 1314 471 1346 extraneus.
528 1314 563 1345 et
589 1309 784 1359 quoniam
806 1309 941 1358 magis
962 1306 1218 1358 contingebat
1234 1306 1445 1357 tyrannide
1465 1309 1591 1359 impe-

128 1378 241 1413 rare,
270 1378 394 1415 quam
412 1365 476 1402 vel
491 1364 653 1402 liberali
668 1365 839 1415 pietate,
867 1364 932 1402 vel
949 1364 1146 1414 originali
1158 1365 1407 1415 propagine,
1436 1363 1589 1402 idcirco

123 1434 205 1471 par
225 1429 311 1458 erat
331 1421 480 1458 talium
498 1422 794 1459 contumaciam
813 1434 904 1458 cum
924 1419 1005 1458 sibi
1021 1418 1224 1470 subditis,
1254 1420 1402 1459 crebris
1415 1421 1588 1472 infesta-

127 1479 284 1515 tionum
296 1479 440 1530 plagis
462 1485 638 1516 atterere.

239 1547 281 1585 p.
300 1536 350 1576 13
370 1547 410 1573 v.
432 1537 494 1576 11
553 1531 767 1585 ἐξάδελφος
786 1527 865 1585 ἦν]
894 1533 987 1572 Fuit
1001 1533 1122 1585 igitur
1144 1532 1275 1572 Ducae
1295 1532 1412 1572 istius
1429 1545 1586 1584 parens,

127 1602 243 1640 quem
276 1604 299 1627 a
331 1590 589 1628 Constantino
623 1590 677 1632 M.
734 1590 842 1628 urbis
876 1590 1017 1628 ducem
1045 1590 1196 1628 dictum
1229 1589 1318 1629 vult
1350 1590 1587 1641 Bryennius,

127 1647 345 1683 Constantii
361 1646 496 1683 Chlori
513 1648 648 1685 frater.
706 1659 845 1683 verum
862 1645 905 1683 id
924 1659 1050 1695 neque
1068 1645 1187 1683 fidem
1199 1651 1396 1695 meretur,
1426 1660 1516 1684 cum
1537 1645 1588 1683 de

125 1701 264 1740 fictitio
299 1701 366 1740 illo
394 1702 523 1751 Duca,
553 1707 601 1740 ut
633 1707 673 1739 et
703 1701 752 1739 de
778 1701 998 1739 istiusmodi
1030 1701 1221 1752 dignitate
1251 1701 1393 1739 sileant
1421 1714 1587 1752 prorsus

126 1759 353 1809 scriptores.
408 1758 479 1796 vix
506 1758 608 1796 enim
634 1757 867 1796 crediderim
896 1771 1130 1808 quemquam
1150 1758 1223 1796 sub
1241 1757 1497 1795 Constantino
1517 1758 1586 1796 vel

126 1816 244 1852 etiam
265 1813 511 1852 Constantini
539 1814 826 1852 successoribus
849 1812 924 1852 hac
938 1815 1120 1852 functum
1143 1813 1350 1864 dignitate,
1381 1813 1456 1851 nisi
1480 1814 1585 1852 sorte

126 1870 316 1909 Thraciae
349 1870 467 1908 duces
500 1870 790 1921 intelligantur,
818 1870 885 1918 qui
905 1882 950 1906 ea
970 1872 1013 1907 in
1035 1869 1261 1920 provincia,
1293 1869 1404 1907 cuius
1433 1875 1585 1908 metro-

126 1928 227 1979 polis
264 1932 350 1965 erat
379 1926 637 1979 Byzantium,
676 1925 864 1963 militibus
888 1931 1109 1977 praeerant.
1176 1932 1316 1964 auctor
1349 1931 1408 1963 est
1440 1925 1586 1977 quippe

127 1985 304 2022 Zosimus
323 1983 348 2021 l.
369 1987 414 2032 2,
444 1982 691 2022 Constantini
712 1995 809 2020 aevo
828 1982 870 2019 in
886 1983 1072 2022 universo
1091 1982 1254 2034 imperio
1274 1982 1487 2033 praefuisse
1505 1982 1584 2021 du-

127 2054 208 2088 ces,
239 2053 410 2104 quoruni
431 2046 666 2091 potestatem
689 2039 730 2076 in
752 2038 956 2088 magistros
981 2038 1148 2077 militum
1170 2039 1353 2076 traduxit
1371 2038 1476 2076 idem
1494 2038 1583 2076 Au-

126 2103 281 2149 gustus,
309 2096 410 2134 hac
399 2110 441 2134 111
459 2103 572 2148 parte
588 2095 872 2147 praefectorum
887 2095 1086 2146 praetorio
1107 2094 1316 2133 detrahens
1336 2094 1579 2144 auctoritati,

124 2167 244 2206 penes
270 2166 367 2204 quos
395 2158 507 2191 antea
533 2153 692 2192 bellicae
715 2152 773 2190 rei
797 2164 949 2190 summa
969 2157 1066 2190 erat.
1105 2147 1352 2218 ἐφεστώτων
1384 2167 1461 2217 γαρ
1496 2154 1581 2199 τοῖς

126 2207 358 2262 οἷπανταχοῦ
395 2206 647 2263 στρατιώταις
683 2205 733 2250 ου’
770 2203 892 2260 μόνον
929 2202 1224 2260 εκατοντᾶρχων
1253 2206 1321 2247 καὶ
1350 2204 1578 2258 χιλιάρχων,

127 2263 226 2308 ἄλλα
251 2266 318 2307 καὶ
343 2269 423 2306 τῶν
452 2266 674 2333 λεγομένων
703 2266 880 2314 δουκῶν,
911 2266 951 2305 οἳ
980 2266 1207 2333 στρατηγῶν
1226 2263 1269 2304 ἔν
1291 2260 1441 2317 ἕκαστςο
1463 2259 1576 2316 τόπῳ

125 2319 239 2372 ταξιν
269 2323 443 2375 ἐπεῖχον,
478 2318 744 2376 στρατηλατας
767 2319 1033 2389 καταστήσας,
1061 2317 1129 2361 τὸν
1148 2318 1220 2371 μὲν
1237 2322 1310 2360 τοῦ
1328 2319 1476 2365 ἵππου,
1506 2317 1578 2360 τόν

127 2378 171 2421 δὲ
186 2383 267 2420 τῶν
287 2381 436 2428 πεζῶν,
464 2380 520 2427 εἷς
538 2377 704 2450 τούτους
721 2392 762 2417 τε
781 2393 855 2428 την
874 2377 1058 2426 ἐξουσίαν
1077 2379 1150 2417 τοῦ
1166 2391 1319 2416 ταττειν
1339 2388 1578 2442 στρατιωτας

126 2436 196 2477 καὶ
224 2440 484 2506 vtuwosioflm
508 2451 602 2483 τους
621 2433 929 2502 αμαρτοὶνοντας
936 2433 1142 2486 μεταθεῖς,
1167 2433 1369 2485 παρείλετο
1391 2431 1459 2471 καὶ
1481 2427 1577 2471 ταύ-

127 2509 197 2545 της
224 2491 317 2541 τοῦς
343 2488 550 2545 ὑπάρχους
576 2494 652 2544 τῆς
681 2486 926 2538 αυθεντείας.
979 2502 1100 2541 porro
1124 2487 1312 2526 Thraciae
1329 2487 1577 2539 provinciam

127 2549 200 2587 sub
226 2549 481 2587 Constantino
506 2548 561 2590 Μ.
583 2547 729 2586 rexisse
749 2547 924 2584 Taurum
941 2559 1095 2597 procos,
1116 2551 1253 2584 auctor
1271 2550 1330 2582 est
1348 2544 1575 2583 Constanti-
1596 2544 1599 2549 '

127 2619 203 2644 nus
227 2605 371 2658 Porph.
394 2606 420 2646 l.
435 2609 462 2647 2
490 2605 538 2643 de
555 2605 690 2644 Them.
710 2617 743 2642 c.
761 2607 800 2645 1.
848 2602 1026 2653 denique
1055 2601 1432 2652 Constantinopolim
1458 2613 1576 2654 prae-

126 2661 259 2711 fectis,
300 2676 381 2701 non
415 2662 578 2701 ducibus
613 2660 787 2714 paruisse
825 2672 875 2698 ex
910 2658 1167 2711 scriptoribus
1210 2658 1414 2709 colligitur.
1473 2663 1576 2696 certe

126 2718 338 2784 Scylitzes
327 2733 369 2756 m
387 2718 575 2758 Michasle
596 2717 821 2757 Stratiotico
840 2717 1039 2754 Ducarum
1064 2714 1250 2753 familiam
1275 2714 1319 2755 ἐκ
1340 2717 1414 2755 τοῦ
1435 2713 1577 2768 γένους

127 2778 207 2815 τῶν
239 2770 351 2829 ἔφ’ων
377 2778 450 2816 τοῦ
474 2772 618 2824 δουκός
646 2774 807 2814 videtur
830 2779 958 2811 ortam
978 2772 1164 2820 innuere,
1198 2777 1314 2822 atque
1330 2770 1423 2808 inde
1438 2775 1578 2808 natum

126 2831 326 2870 Ducarum
344 2844 571 2882 cognomen.
626 2832 694 2870 sed
713 2845 763 2869 an
783 2830 910 2868 Ducae
929 2830 997 2880 qui
1016 2828 1204 2880 Bryennii
1224 2833 1456 2879 supererant
1472 2831 1576 2862 tem-

124 2893 296 2939 pestate,
325 2887 373 2926 ab
402 2889 570 2939 antiquis
597 2889 672 2927 illis
699 2887 808 2927 ducis
830 2899 951 2939 genus
976 2886 1179 2935 duxerint,
1207 2885 1250 2923 in
1274 2883 1437 2922 dubium
1458 2886 1577 2921 vocat
