1878 3262
579 210 1122 255 COMMENTARIORUM
1147 213 1196 254 L.
1221 209 1298 256 ΠΙ.
1574 213 1666 259 121

205 344 326 371 σαντο
345 320 425 368 ιοῦν
448 324 550 383 πρὸς
568 324 639 368 τὸν
658 323 908 383 περιώνυμον
931 330 1005 368 τοῦ
1025 330 1129 369 θεοῦ
1146 328 1296 386 σοφίας
1315 326 1412 370 ναὸν
1430 325 1664 384 ἆθροισθῆ-
1687 332 1718 367 P
1742 334 1787 368 81

203 413 295 446 ναι,
323 396 390 436 καὶ
422 395 517 445 τοὺς
535 397 625 452 περὶ
645 394 794 444 αὐτοὺς
816 396 1065 437 καθοπλίσαι
1085 398 1152 437 καὶ
1175 397 1270 447 τούς
1291 394 1504 451 δεσμώτας
1524 397 1670 452 ἐξαγα-

201 470 282 520 γεῖν
300 468 610 521 τῆςᾳρουρᾶς.,,
641 465 710 506 καὶ
744 461 872 513 οὕτως
905 464 1204 523 ἐξαποστέλλειν
1235 466 1336 522 πρὸς
1370 465 1464 515 τοὺς
1496 466 1538 506 ἓν
1569 467 1670 509 τέλει

201 532 296 581 τοὺς
314 532 377 586 μὴ
397 538 470 574 τοῦ
490 534 719 588 σκέμματος
743 530 1089 586 κοινωνήσαντας,
1135 536 1205 575 καὶ
1224 533 1392 584 τούτους
1413 538 1548 575 καλεῖν
1568 535 1669 589 πρὸς

167 603 495 658 5κοινοπραγίαν.
564 598 833 657 κατάρχοντες
857 601 907 646 ,δὲ
938 605 1010 642 τοῦ
1033 602 1263 655 σκέμματος
1282 597 1388 657 ἦσαν
1417 601 1441 644 ὅ
1461 620 1502 644 τε
1524 606 1667 656 Λῗμυ-

197 667 378 721 λιανός,Ἴ
405 670 507 726 ἀνὴρ
539 674 766 727 πανοῦργος
794 667 899 723 ὅμοῧ
933 671 1002 711 καὶ
1031 669 1276 727 δραστήριος
1306 674 1373 713 καὶ
1405 673 1534 726 δῆμον
1564 672 1666 728 πρὸς

198 738 367 788 ἀταξίαν
397 743 554 793 κινῆσαι
589 739 697 796 εἴπερ
727 755 790 787 τις
818 737 941 788 ἄλλος
971 739 1038 780 καὶ
1072 738 1293 794 δυνάμενος
1314 742 1379 787 κα)
1403 738 1664 794 βουλόμενος,

197 806 418 865 ξὺντούτῳ
442 808 486 850 δὲ
506 809 573 849 καὶ
597 809 737 862 συχνοὶ
760 811 841 849 τῶν
860 812 934 862 τῆς
954 806 1178 862 συγκλήτου
1201 813 1368 863 βουλῆς.
1437 808 1570 859 ἔδοξεν
1594 804 1665 851 οὖν

197 875 334 926 αὐτοῖς
362 876 440 932 πρὸ
475 881 549 918 τοῦ
580 877 696 934 ἔργον
729 876 919 919 κοινωνὸν
954 880 1027 917 τοῦ
1060 877 1290 929 σκέιιματος
1319 881 1458 931 λαβεῖν
1493 880 1560 919 καὶ
1594 877 1664 920 τὸν

142 946 409 1000 1οκαι’σαρα,,
432 947 500 987 καὶ
532 946 732 1000 πέμπουσι
763 945 866 1005 πρὸς
893 944 1016 988 αὐτὸν
1042 944 1112 987 τὸν
1134 945 1278 1000 Βαρὺν
1298 945 1473 1001 Μιχαήλ
1486 978 1499 997 ,
1530 946 1660 1003 ἄνδρα
1684 955 1714 990 Β

195 1012 387 1070 φρονήσει
417 1016 485 1056 καὶ
515 1016 632 1074 πείρᾳ
662 1018 822 1060 πολλῶν
855 1015 1116 1071 διαφέροντα.
1185 1008 1235 1068 ἦν
1268 1015 1312 1055 δὲ
1334 1013 1355 1056 ὃ
1380 1023 1528 1071 καΐσαρ
1549 1033 1660 1070 τηνι-

194 1086 324 1124 καῦτα
356 1083 618 1140 ἐνδιατρίβων
647 1084 750 1140 πρὸς
775 1083 847 1125 τὸν
873 1085 915 1125 ἓν
937 1084 1191 1139 Βλαχὲρναις
1214 1081 1332 1125 ναόν·
1367 1083 1409 1124 ἓν
1427 1082 1556 1141 τούτῳ
1575 1084 1655 1141 γὰρ
1680 1092 1712 1126 V
1735 1093 1780 1128 59

194 1149 306 1204 ἔτυχε
330 1158 514 1208 παρεῖναι
534 1154 602 1194 καὶ
621 1152 744 1194 αὐτὸν
760 1153 946 1206 βασιλέα.
990 1154 1059 1194 καὶ
1081 1152 1131 1206 δὴ
1153 1151 1326 1205 ἐντυχὼν
1347 1149 1368 1193 ὅ
1386 1152 1531 1208 Βαρὺς
1549 1152 1661 1210 αῧτῷ

194 1221 283 1275 περὶ
305 1221 438 1274 δείλην
472 1220 598 1274 ὀψίαν
628 1219 837 1275 ἀπήγγειλε
870 1221 922 1262 τὰ
953 1226 1026 1262 τοῦ
1055 1219 1263 1277 δράματος
1289 1221 1356 1262 καὶ
1383 1219 1547 1277 γραφήν
1568 1238 1659 1263 τινα

141 1290 184 1325 15
190 1287 528 1343 χρυσοσήμαντον
555 1287 764 1331 ὖπεὸείκνυ
784 1287 913 1346 τούτῳ
936 1293 1196 1346 πεμφθεῖσαν
1215 1290 1327 1347 παρὰ
1346 1294 1420 1332 τοῦ
1433 1289 1660 1332 Βοτανειά-

192 1372 264 1398 του
295 1355 450 1411 (ῑωρεάς
481 1375 522 1399 τε
558 1359 746 1407 πλείστας
779 1360 844 1399 καὶ
880 1359 1000 1411 τιμὰς
1030 1359 1370 1414 ἓπαγγελλομένην
1402 1364 1461 1417 τῷ
1481 1361 1661 1415 καίσαρι.
1693 1374 1700 1388 ⁸

194 1423 215 1465 ὃ
253 1426 296 1466 δὲ
331 1424 485 1468 τούτων
516 1424 695 1476 ἀκούσας
722 1428 833 1480 μηδὲ
860 1426 905 1468 τὸ
940 1427 1062 1480 τυχὸν
1094 1428 1310 1480 ἀναμείνας
1334 1428 1531 1484 ἀπέφησε
1557 1428 1660 1485 πρὸς

192 1493 262 1535 τὸν
284 1493 413 1550 ἄνδρα
436 1492 491 1544 ὡς
516 1494 603 1536 οἰῖτι
625 1493 725 1537 ἑκὼν
749 1493 913 1551 πρόοιτο
938 1494 988 1536 ἄν
1011 1496 1056 1537 τὸ
1079 1500 1153 1537 τοῦ
1175 1496 1346 1550 ἀνεψιοῦ
1369 1499 1435 1538 καὶ
1457 1498 1660 1550 βασιλέως

192 1563 414 1619 συμᾳέρον.
486 1564 552 1605 καὶ
580 1561 791 1618 χρὴ***
822 1568 964 1605 τοῦτον
993 1562 1163 1606 ἀπιόντα
1201 1564 1304 1620 πρὸς
1335 1564 1404 1606 τὸν
1437 1566 1659 1620 λογοθέτην

135 1630 426 1683 2οἓξέπεμπεν,
462 1631 631 1674 ἀκοῦσαι
653 1630 799 1674 τούτου
822 1631 993 1674 κελεύων
1014 1635 1081 1675 καὶ
1106 1631 1335 1675 ἀκούσαντα
1359 1633 1460 1690 πρὸς
1480 1634 1652 1687 βασιλέα
1678 1643 1709 1678 C

192 1698 406 1754 ἀνενεγκεῖν
428 1702 494 1742 καὶ
516 1703 777 1756 οἰκονομῆσαι
798 1701 851 1742 τὰ
872 1702 1026 1743 δέοντα.

332 1767 407 1812 19.
469 1766 519 1811 ‘O
552 1770 595 1811 δὲ
628 1769 757 1812 ἀπιών
788 1774 869 1812 τῶν
901 1771 989 1825 περὶ
1024 1769 1146 1812 αῧτὸν
1167 1771 1236 1812 ἵνα
1258 1770 1432 1820 καλέσας
1453 1770 1658 1813 ἀπέστειλε

191 1835 293 1891 πρὸς
324 1835 419 1885 τοὺς
453 1835 712 1890 συνωμότας,
758 1836 923 1893 μηνύων
955 1839 1091 1887 αὐτοῖς
1113 1837 1177 1894 ιὼς
1207 1837 1416 1895 ἐπειδήπερ
1448 1837 1560 1896 ἁλιιόη
1596 1839 1655 1894 μὴ

287 1921 340 1954 16.
363 1921 429 1964 τε]
456 1920 496 1954 V.
522 1917 575 1954 δέ.
668 1921 722 1956 19.
746 1919 810 1956 καὶ
831 1918 922 1967 χρή]
950 1921 1102 1956 Iudicavi
1124 1924 1287 1958 lacunam.
1313 1924 1354 1958 P.
1378 1921 1446 1968 χρὴ
1472 1923 1609 1959 delevit.

192 1987 297 2022 erecti
314 1988 463 2023 fuerant.
508 1988 735 2024 decreverunt
756 1989 861 2035 igitur
883 1990 918 2024 in
933 1990 1068 2024 celebre
1082 1991 1136 2024 dei
1151 1991 1338 2036 sapientiae
1351 1992 1510 2037 templum
1526 2003 1654 2026 conve-

191 2034 265 2067 nire
287 2034 415 2068 familia
438 2045 604 2079 quemque
628 2035 778 2080 ipsorum
792 2036 933 2082 propria
948 2043 1096 2078 armata,
1127 2038 1260 2072 vinctos
1275 2050 1411 2083 quoque
1427 2038 1573 2072 educere
1588 2050 1654 2083 pu-

190 2079 288 2114 blicis
312 2079 493 2123 custodiis,
523 2085 559 2115 et
581 2091 712 2115 manum
736 2093 779 2115 ex
799 2081 851 2115 his
870 2087 1023 2127 paratam
1041 2083 1174 2116 mittere
1190 2084 1315 2118 circum
1330 2083 1530 2129 praecipuos
1544 2084 1654 2128 magi-

189 2131 318 2159 stratus
336 2126 393 2170 qui
407 2126 643 2160 coniurationis
658 2127 898 2162 conscientiam
915 2139 981 2162 non
997 2128 1192 2171 habebant,
1226 2136 1264 2163 ut
1286 2141 1349 2174 per
1374 2141 1434 2163 eos
1459 2141 1526 2162 non
1551 2130 1653 2164 modo

189 2171 233 2205 ad
249 2182 448 2205 consensum
464 2172 526 2205 sed
542 2177 574 2205 et
588 2172 633 2205 ad
645 2172 805 2207 auxilium
820 2174 1086 2208 attraherentur.
1133 2175 1249 2209 horum
1263 2175 1475 2208 coinsiliorum
1493 2182 1654 2209 auctores

190 2222 226 2250 et
240 2217 419 2251 universae
434 2218 588 2251 factionis
601 2218 704 2252 duces
727 2223 824 2252 erant
841 2219 877 2252 in
889 2219 1005 2264 primis
1019 2220 1335 2260 Aemilianushomo
1351 2221 1460 2254 solers
1476 2222 1603 2266 pariter
1618 2228 1655 2255 et

189 2267 346 2296 strenuus
358 2289 368 2305 ‚
401 2275 468 2307 quo
491 2275 587 2296 nemo
610 2264 768 2309 populum
788 2264 823 2298 in
837 2265 1038 2299 seditionem
1055 2265 1227 2299 concitare
1242 2266 1415 2300 efficacius
1430 2273 1566 2311 posset,
1597 2278 1654 2301 ar—

189 2308 324 2341 dentius
342 2309 455 2342 vellet.
502 2315 571 2342 tum
586 2310 739 2354 plerique
751 2315 948 2352 senatores,
976 2310 1097 2355 quibus
1113 2315 1193 2344 ante
1209 2312 1319 2345 omnia
1334 2312 1444 2346 visum
1459 2317 1512 2345 est
1527 2313 1654 2347 tentari

189 2359 352 2396 oportere
367 2354 395 2386 si
412 2354 541 2388 Caesar
558 2355 593 2388 in
610 2360 728 2400 partes
742 2356 833 2389 trahi
845 2360 965 2400 posset
976 2382 987 2398 ‚
1010 2357 1146 2390 mitt-unt
1160 2357 1202 2389 ad
1219 2369 1292 2391 eum
1308 2358 1508 2391 Micliaelem
1530 2359 1653 2392 Varum

190 2398 296 2431 virum
312 2398 488 2443 prudentia
505 2408 540 2432 et
554 2412 619 2432 usu
632 2412 745 2441 rerum
759 2401 792 2433 in
807 2400 926 2445 paucis
941 2401 1079 2436 clarum.
1127 2410 1203 2436 erat
1222 2408 1302 2436 tunc
1321 2403 1451 2436 Caesar
1472 2403 1506 2436 in
1525 2405 1653 2448 templo

188 2443 451 2478 Blachernai-um
468 2444 526 2478 ubi
540 2445 630 2478 forte
645 2445 829 2488 imperator
842 2447 1056 2480 versabatur.
1102 2447 1151 2480 ibi
1176 2459 1252 2481 eum
1278 2449 1438 2482 convenit
1452 2448 1564 2482 Varus
1592 2450 1654 2482 sub

189 2500 368 2534 vesperam
383 2490 608 2534 mandataque
625 2491 870 2525 coniuratorum
886 2492 1053 2536 exposuit,
1070 2499 1106 2525 et
1120 2492 1250 2526 litteras
1264 2494 1426 2537 quasdam
1441 2505 1523 2527 auro
1540 2495 1656 2539 signa·-

189 2540 245 2568 tas
269 2535 418 2570 ostendit
441 2536 482 2569 ad
507 2548 583 2570 eum
608 2536 726 2570 missas
743 2548 764 2570 a
778 2537 962 2571 Botaniate
976 2537 1066 2571 dona
1081 2538 1113 2571 ei
1128 2538 1270 2582 plurima
1285 2544 1320 2572 et
1334 2540 1495 2573 maximos
1510 2541 1655 2575 honores

190 2580 398 2625 pollicentes.
446 2581 570 2626 quibus
591 2582 649 2615 ille
672 2582 794 2616 auditis
815 2582 895 2616 nihil
921 2587 1096 2616 cunctatus
1120 2583 1255 2626 renuit,
1287 2585 1381 2618 aiens
1403 2585 1501 2620 nullis
1525 2598 1563 2620 se
1580 2598 1654 2620 um—

190 2636 290 2669 quam
316 2626 561 2661 conditionibus
586 2639 626 2660 eo
653 2628 884 2661 adducendum
906 2634 947 2661 ut
967 2628 1085 2662 volens
1099 2629 1337 2672 imperatorem
1351 2631 1467 2665 fratris
1483 2633 1535 2665 sui
1550 2633 1653 2666 filium

190 2670 364 2715 proderet.
410 2684 490 2706 mox
505 2684 578 2706 eum
596 2673 654 2717 qui
669 2674 713 2706 ad
728 2684 766 2707 se
782 2678 924 2708 venerat
938 2673 982 2707 ad
998 2674 1207 2717 logothetam
1223 2676 1326 2710 mittit
1337 2702 1348 2719 ,
1378 2688 1504 2721 rogans
1524 2685 1562 2711 ut
1578 2690 1651 2711 eum

190 2716 327 2751 audiret
339 2717 518 2764 auditaque
533 2719 575 2753 ad
587 2719 825 2765 imperatorem
839 2720 1007 2763 referret,
1037 2725 1074 2754 et
1095 2731 1182 2764 quae
1205 2721 1243 2755 in
1261 2733 1331 2756 rem
1348 2723 1416 2757 ,tali
1433 2729 1582 2768 tempore
1598 2725 1652 2756 so-

190 2767 268 2796 rent
287 2772 307 2795 a
333 2767 419 2798 eret.

283 2773 339 2842 15.
383 2810 428 2842 At
441 2808 471 2842 is
483 2810 542 2854 qui
557 2810 600 2844 ad
617 2810 798 2845 Caesarem
814 2814 957 2845 venerat
971 2822 1010 2845 se
1025 2811 1267 2856 deprehensum
1294 2817 1329 2847 et
1342 2814 1538 2859 logothetae
1553 2813 1650 2847 dedi-

192 2858 261 2888 tum
279 2853 396 2888 videns
411 2856 587 2899 quemdam
603 2868 623 2892 e
638 2856 856 2893 familiaribus
870 2857 1059 2893 adstantem
1074 2858 1109 2892 in
1124 2869 1238 2894 aurem
1253 2858 1427 2905 alloquens
1439 2861 1480 2894 ad
1493 2860 1648 2894 coniura-
