1878 3262
343 210 404 255 IN
421 207 740 254 HISTORIAM
756 208 984 253 IOANNIS
1005 207 1237 253 ClNNAMI
1255 207 1458 252 NOTAE.
1542 207 1640 253 331

172 328 220 363 ut
235 321 289 360 ad
305 334 421 360 suum
438 319 631 372 palatium
647 334 722 372 pro
739 333 875 359 rerum
895 318 1170 371 quarumpiam
1189 317 1319 359 oblata
1337 319 1387 357 de
1406 330 1513 357 novo
1529 330 1644 356 occa-

171 380 282 419 sione
299 377 596 430 regrederetur,
625 377 670 415 id
690 377 804 429 plane
821 377 1078 425 recusaverit,
1107 376 1438 443 mandaveritque
1456 374 1642 423 Mmmffli,

175 443 223 475 ut
239 437 284 474 in
305 437 442 487 ripam
459 448 581 472 suam
602 433 874 482 descenderet,
910 433 978 471 vel
1007 435 1052 470 in
1077 435 1187 471 man·
1212 449 1259 472 ex
1286 447 1387 486 equo
1417 431 1644 485 (legendum

172 490 316 545 nequo)
339 492 588 544 colloquium
598 492 730 543 fleret,
759 496 806 529 ut
822 490 946 528 refert
966 489 1055 527 Odo
1075 489 1100 528 l.
1119 492 1159 530 4.
1217 489 1439 529 cuiusmodi
1456 500 1644 540 congres-

172 563 239 590 sus
258 551 424 589 formam
442 548 599 587 admisit
619 553 705 600 post
724 546 823 585 haec
839 545 1059 594 Conradus,
1093 546 1161 596 qui
1181 548 1355 599 primum
1379 545 1552 585 Manueli
1579 544 1646 583 lo-

173 621 265 647 cum
290 605 506 645 concedere
535 605 667 653 ultro,
708 604 753 642 id
775 603 954 654 roganti,
991 602 1187 643 noluerat.
1242 603 1313 643 sed
1343 603 1442 642 haec
1462 601 1645 655 pluribus

171 663 451 716 prosequimur
474 663 518 701 in
543 661 737 700 dissertat.
758 663 814 702 27
839 660 892 698 ad
915 658 1147 698 Ioinvillam.

285 733 325 772 Ρ.
345 723 398 763 83
418 733 459 761 v.
471 723 510 762 7.
565 716 684 759 τοὶ-
700 712 916 770 ανακτορα]
950 716 1144 754 Palatium
1161 715 1470 754 Blachernarum
1496 713 1645 753 intelli-

173 776 249 828 git,
279 776 389 827 quod
415 776 467 814 ad
489 775 599 814 urbis
622 779 779 826 partem
801 773 1014 812 australem
1033 778 1139 822 erat,
1168 770 1271 824 πρός
1292 769 1433 822 νότον,
1465 772 1522 810 310
1541 772 1645 809 0111111

172 833 406 885 legendum,
447 845 530 870 non
558 829 661 884 πρὸς
691 834 837 872 νῶτον
898 830 956 869 ita
975 830 1061 868 etl.
1079 829 1108 871 4
1127 842 1168 872 n.
1193 828 1246 870 14
1271 829 1298 868 l.
1322 830 1348 871 5
1373 842 1413 867 n.
1435 832 1514 871 71:
1542 824 1644 869 κατᾶ

173 887 297 932 νότον
313 893 386 941 τῆς
406 886 562 938 πόλεως
579 889 686 927 idem
705 888 898 940 palatium
915 886 1069 925 statuit.

287 960 327 986 v.
349 948 387 987 9.
444 943 516 987 τὸν
541 947 638 1013 τῇδε
663 942 790 996 νεών]
821 944 1031 996 Templum
1050 941 1384 990 Blachernarum,
1410 940 1453 978 in
1476 953 1556 991 quo
1579 953 1646 977 as-

174 1003 440 1042 servabantur
462 999 510 1043 τοὶ
541 989 713 1052 ἐντάφια
738 1004 812 1042 τοῦ
841 1003 1019 1053 Χριστοῦ
1049 996 1279 1052 σπάργανα,
1310 1009 1412 1047 quae
1431 996 1494 1035 1113
1513 995 1647 1035 innuit

175 1060 311 1099 verbis
337 1060 567 1098 Cinnamus:
610 1055 686 1100 ὅσα
712 1061 787 1098 τοῦ
810 1058 1008 1111 σωτηρίου
1036 1058 1217 1108 Χριστοῦ
1241 1050 1468 1095 πελάσαντα
1497 1050 1649 1106 σώματι

177 1119 433 1169 Χριστιανοῖς
460 1116 541 1158 ἐστι
569 1110 834 1167 φυλακτήρια.
905 1114 1142 1166 sepulcrales
1180 1125 1302 1164 porro
1334 1110 1483 1149 Christi
1510 1110 1649 1149 fascias

176 1187 200 1211 a
226 1172 433 1211 Pulcheria
459 1173 637 1222 Augusta
664 1172 849 1210 inventas
872 1170 948 1208 hac
979 1171 1021 1209 in
1053 1170 1150 1208 aede
1187 1168 1385 1219 depositas
1417 1172 1557 1205 auctor
1588 1172 1650 1204 est

176 1229 422 1280 Nicephorus
451 1229 648 1269 Callist.1.
674 1229 701 1271 4
734 1242 768 1268 0.
798 1231 839 1270 2.
896 1227 992 1267 vide
1016 1239 1117 1278 quae
1145 1226 1399 1265 observamus
1422 1223 1479 1263 ad
1509 1224 1649 1262 Annae

290 1357 331 1382 v.
351 1342 417 1385 14.
477 1337 676 1383 Νικόλαόν
691 1340 808 1393 τινα]
830 1341 1039 1392 catalogus
1061 1338 1382 1392 patriarcharum
1400 1338 1489 1390 Cp.:
1519 1331 1652 1377 Νικό-

177 1402 272 1448 λαος
300 1395 474 1451 μοναχός
501 1397 522 1439 ὁ
541 1394 796 1446 Μουζοῖλων,
840 1397 907 1438 ἐπὶ
935 1400 1010 1439 τοῦ
1039 1393 1166 1438 αὐτοῦ
1194 1395 1485 1448 (Μανουηλος)
1515 1389 1651 1447 ἀρχιε-

176 1457 377 1503 πίσκοπος
399 1453 615 1509 γενόμενος
634 1451 835 1526 πρότερον
858 1451 1051 1506 Κύπρου,
1089 1453 1157 1494 καὶ
1166 1449 1570 1522 παραιτησάμενος,
1594 1465 1652 1498 ως

177 1511 318 1554 πολλοὶ
337 1509 410 1565 μὲν
431 1511 590 1566 ἔλεγον,
618 1511 688 1552 καὶ
711 1509 787 1563 τήν
808 1507 1099 1564 ἆρχιεροσύνην
1122 1505 1265 1561 αὐτήν,
1294 1508 1437 1549 πολλοὶ
1455 1505 1499 1548 δὲ
1518 1502 1650 1571 μόνην

177 1585 254 1622 την
277 1570 478 1637 διοίκησιν
496 1571 577 1608 τῶν
596 1564 861 1636 πραγμάτων,
901 1566 970 1607 καὶ
989 1566 1054 1607 ἐπὶ
1072 1563 1285 1619 τριάκοντα
1302 1562 1399 1606 {nvo}
1419 1565 1486 1616 ἔτη
1508 1559 1657 1615 oxole}->

179 1638 274 1675 σας,
312 1622 395 1666 εἶτα
420 1621 674 1692 ανεβιβασθη
703 1624 761 1673 εἰς
787 1621 854 1665 τόν
882 1621 1042 1673 θρόνον
1070 1626 1142 1675 τῆς
1168 1618 1651 1669 Κωνσταντινουπόλεως,

179 1682 249 1723 καὶ
277 1679 453 1734 ποιήσας
469 1678 653 1750 χρόνους
671 1677 704 1734 γ’
714 1709 727 1732 ,
756 1683 889 1750 μῆνας
909 1677 965 1728 δ’,
997 1677 1082 1721 εἶτα
1110 1675 1369 1748 παρῃτήσατο
1399 1674 1652 1734 οἷμφιβόλως,

181 1738 225 1780 ἐκ
225 1740 336 1807 βίας
352 1741 434 1778 τῶν
454 1734 783 1804 οἷποσχισθὲντων
803 1733 877 1778 ἀπ’
894 1734 1036 1786 αὐτοῦ,
1071 1739 1232 1777 πολλῶν
1255 1733 1409 1783 ὄντων,
1438 1750 1507 1775 και
1531 1734 1572 1782 ἐξ
1595 1734 1654 1773 ὦν

183 1791 306 1843 αυτὸς
324 1790 634 1847 ἐχειροτόνησεν.
690 1794 840 1832 Nicolai
860 1794 1079 1832 Muzalonis
1107 1792 1358 1844 patriarchae
1387 1793 1456 1843 Cp.
1477 1789 1658 1828 meminit

182 1850 416 1890 Theodorus
435 1850 673 1889 Balsamon‘
661 1865 705 1888 111
727 1851 839 1902 epist.
858 1851 973 1889 Basil.
994 1850 1046 1888 ad
1064 1848 1388 1902 Amphilochium
1406 1861 1439 1886 c.
1458 1850 1526 1890 69.
1565 1845 1658 1886 vide
1680 1849 1711 1884 P
1735 1848 1803 1884 443

180 1908 248 1948 Ius
268 1909 452 1947 Graeco·
459 1908 683 1945 Romanum
705 1913 802 1945 tom.
825 1911 848 1949 1
867 1921 907 1958 p.
926 1907 1024 1949 224.

293 1978 333 2016 p.
352 1962 407 2006 84
427 1977 467 2002 v.
485 1963 526 2004 4.
587 1959 808 2015 Θεόδοτος]
842 1963 975 2002 Abbas
996 1969 1036 2000 et
1054 1958 1280 2015 ἡγούμενος
1304 1963 1379 2012 τῆς
1404 1958 1520 2013 αγίας
1533 1954 1660 1999 Ἀνα-

182 2016 371 2069 στασεως.
431 2021 555 2059 catal.
586 2026 686 2072 patr.
719 2020 790 2071 Cp.
851 2020 901 2059 de
928 2019 1007 2058 hoc
1023 2018 1264 2058 monasterio
1291 2017 1411 2056 dixi
1399 2031 1444 2055 m
1474 2015 1580 2055 notis
1606 2014 1658 2054 ad

181 2076 476 2118 Bondelmontii
500 2077 684 2129 descript.
699 2077 768 2128 Cp.

296 2147 335 2174 v.
358 2138 397 2178 8.
453 2130 666 2188 γενόμενοί
691 2148 734 2174 τε
763 2132 807 2174 ἐν
828 2131 1004 2187 Νικαίᾳ]
1034 2130 1241 2170 Mathaeus
1260 2129 1408 2170 Paria:
1440 2129 1571 2168 evasit
1590 2135 1660 2166 ta·-

185 2205 275 2230 men
301 2192 522 2243 imperator
546 2205 637 2229 cum
655 2190 916 2242 principibus·
942 2191 1053 2237 sui-9,
1087 2195 1124 2226 et
1143 2200 1234 2224 cum
1255 2184 1504 2238 difficultate
1525 2187 1658 2223 nimia

186 2262 315 2300 usque
345 2249 543 2287 Nicaeam
564 2249 769 2299 pervenit,
814 2245 987 2298 indeque
1015 2244 1407 2294 Constantinopolim
1435 2244 1553 2293 profe
1554 2249 1658 2292 ctus,

186 2319 315 2357 usque
351 2303 412 2343 ad
444 2306 646 2357 sequentis
681 2305 848 2341 initium
872 2304 980 2340 veris
1005 2299 1303 2352 perendinavit.
1361 2298 1464 2337 adde
1492 2299 1660 2350 Tyrium

186 2361 213 2400 l.
238 2366 290 2405 16
308 2375 341 2401 c.
361 2364 430 2411 23,
461 2364 577 2400 Gesta
596 2360 695 2398 Lud.
715 2359 786 2398 VII
807 2372 839 2400 c.
863 2362 928 2401 10.
960 2358 1132 2397 Com-adi
1160 2370 1251 2395 cum
1270 2356 1537 2395 Iconiensibus
1561 2369 1661 2393 con-

185 2418 341 2457 flictum
367 2424 535 2456 narrant
559 2418 663 2456 idem
685 2416 829 2467 Tyrius
858 2416 885 2454 l.
910 2418 960 2457 16
984 2429 1017 2454 e.
1036 2418 1092 2458 20
1110 2418 1165 2457 21
1184 2417 1263 2464 22,
1294 2414 1414 2452 Gesta
1435 2412 1538 2452 Lud.
1563 2425 1597 2450 c.
1618 2414 1659 2461 6,

187 2474 277 2514 Ode
296 2475 347 2514 de
365 2474 626 2527 Diogi101.5,
660 2474 814 2512 Nicetas
834 2472 906 2514 1.1
933 2485 971 2512 11.
993 2476 1018 2514 6
1042 2477 1118 2512 etc.

299 2545 341 2574 v.
362 2535 425 2573 11.
490 2530 665 2583 Τζὲχων]
697 2529 871 2568 Tzechos
898 2534 1016 2568 vocat
1044 2528 1277 2575 Cinnamus,
1324 2540 1422 2580 quos
1444 2525 1511 2563 alii
1527 2524 1660 2563 Bohe-

187 2600 299 2638 m08,
328 2588 422 2627 olim
441 2589 496 2626 sic
522 2588 648 2626 dictos
670 2601 694 2625 a
715 2586 884 2625 'lzechio
898 2615 909 2634 ,
941 2585 1070 2637 primo
1095 2583 1297 2622 Bohemici
1314 2583 1563 2635 principatus
1586 2596 1661 2621 au·-

189 2650 319 2694 ctore‚
347 2645 458 2684 cm'us
483 2646 635 2683 mentio
661 2650 721 2682 est
749 2643 856 2695 apud
876 2643 1048 2681 Aeneam
1067 2641 1237 2679 Silvium
1264 2640 1308 2678 111
1332 2640 1481 2679 Histor.
1498 2639 1660 2678 Bohem.

191 2714 226 2738 c.
244 2703 282 2741 3.
310 2700 358 2739 ab
378 2702 445 2740 illo
472 2702 597 2751 enim,
636 2702 770 2752 lingua
803 2700 980 2748 Slavica,
1021 2712 1091 2737 seu
1120 2698 1372 2746 sclavonica,
1416 2697 1584 2747 caecos,
1624 2700 1664 2733 et

195 2756 382 2795 Czeclzios·
412 2758 628 2797 etiamnum
653 2757 852 2797 nominari
878 2756 1074 2795 Bohemos
1102 2760 1272 2794 constat.
1331 2755 1478 2794 diversi
1497 2767 1620 2806 porno
1643 2765 1666 2788 a

194 2812 375 2861 Zecchis,
412 2814 461 2852 de
486 2816 629 2866 quibus
654 2815 871 2866 Procopius
898 2814 924 2853 l.
946 2817 974 2855 2
1004 2813 1054 2852 de
1085 2812 1193 2850 Bello
1214 2812 1320 2851 Pers.
1345 2827 1377 2850 0.
1398 2815 1472 2861 29,
1510 2811 1536 2849 l.
1557 2809 1584 2850 4
1616 2808 1666 2846 de

195 2870 305 2910 Bello
331 2869 451 2910 Goth.
476 2885 509 2910 0.
537 2872 564 2914 4
591 2879 633 2912 et
661 2871 957 2925 Theophanes
946 2885 989 2910 111
1019 2871 1206 2923 Coprony
1207 2883 1271 2909 mo
1298 2883 1337 2922 p.
1356 2871 1451 2912 369.
1479 2880 1571 2906 nam
1598 2864 1665 2903 isti
