<?xml version="1.0" encoding="UTF-8"?>
<!DOCTYPE html PUBLIC "-//W3C//DTD XHTML 1.0 Transitional//EN"
    "http://www.w3.org/TR/xhtml1/DTD/xhtml1-transitional.dtd">
<html xmlns="http://www.w3.org/1999/xhtml" xml:lang="en" lang="en">
 <head>
  <title>
</title>
<meta http-equiv="Content-Type" content="text/html;charset=utf-8" />
  <meta name='ocr-system' content='tesseract 3.04.00' />
  <meta name='ocr-capabilities' content='ocr_page ocr_carea ocr_par ocr_line ocrx_word'/>
</head>
<body>
  <div class='ocr_page' id='page_1' title='image "./corpusscriptorum26niebuoft_0534.png"; bbox 0 0 1878 3262; ppageno 0'>
   <div class='ocr_carea' id='block_1_1' title="bbox 265 185 1347 243">
    <p class='ocr_par' dir='ltr' id='par_1_1' title="bbox 265 185 1347 243">
     <span class='ocr_line' id='line_1_1' title="bbox 265 185 1347 243; baseline -0.002 -7"><span class='ocrx_word' id='word_1_1' title='bbox 265 185 337 236; x_wconf 63' lang='lat'><strong>74‘</strong></span> <span class='ocrx_word' id='word_1_2' title='bbox 691 187 997 232; x_wconf 79' lang='lat' dir='ltr'>NIGEPHORI</span> <span class='ocrx_word' id='word_1_3' title='bbox 1028 188 1296 243; x_wconf 70' lang='grc' dir='ltr'><strong>ΒΒῩΕΝΜΙ</strong></span> <span class='ocrx_word' id='word_1_4' title='bbox 1339 198 1347 216; x_wconf 66' lang='grc'>&gt;</span> 
     </span>
    </p>
   </div>
   <div class='ocr_carea' id='block_1_2' title="bbox 149 296 1784 1871">
    <p class='ocr_par' dir='ltr' id='par_1_2' title="bbox 149 296 1784 1871">
     <span class='ocr_line' id='line_1_2' title="bbox 269 296 1727 359; baseline 0.001 -12"><span class='ocrx_word' id='word_1_5' title='bbox 269 296 314 347; x_wconf 77' lang='grc' dir='ltr'><strong>δὲ</strong></span> <span class='ocrx_word' id='word_1_6' title='bbox 334 306 489 358; x_wconf 75' lang='grc' dir='ltr'><em>μᾶλλον</em></span> <span class='ocrx_word' id='word_1_7' title='bbox 517 304 592 344; x_wconf 75' lang='grc' dir='ltr'><em>τοῦ</em></span> <span class='ocrx_word' id='word_1_8' title='bbox 624 317 665 344; x_wconf 87' lang='grc' dir='ltr'><em>τε</em></span> <span class='ocrx_word' id='word_1_9' title='bbox 696 296 949 357; x_wconf 72' lang='grc' dir='ltr'><em>ὗποθεμένου</em></span> <span class='ocrx_word' id='word_1_10' title='bbox 982 301 1027 344; x_wconf 85' lang='grc' dir='ltr'><em>τὸ</em></span> <span class='ocrx_word' id='word_1_11' title='bbox 1058 298 1284 359; x_wconf 92' lang='grc' dir='ltr'><em>δύστροπον</em></span> <span class='ocrx_word' id='word_1_12' title='bbox 1305 306 1379 346; x_wconf 77' lang='grc' dir='ltr'><em>’καὶ</em></span> <span class='ocrx_word' id='word_1_13' title='bbox 1401 304 1473 348; x_wconf 80' lang='grc' dir='ltr'><em>τοῦ</em></span> <span class='ocrx_word' id='word_1_14' title='bbox 1495 302 1727 357; x_wconf 70' lang='grc' dir='ltr'><em>πεισθέντος</em></span> 
     </span>
     <span class='ocr_line' id='line_1_3' title="bbox 267 370 1727 429; baseline 0.001 -14"><span class='ocrx_word' id='word_1_15' title='bbox 267 373 313 415; x_wconf 82' lang='grc' dir='ltr'><em>τὸ</em></span> <span class='ocrx_word' id='word_1_16' title='bbox 341 371 517 422; x_wconf 70' lang='grc' dir='ltr'><em>εὔκολον,</em></span> <span class='ocrx_word' id='word_1_17' title='bbox 541 375 682 427; x_wconf 83' lang='grc' dir='ltr'><em>πρῶτα</em></span> <span class='ocrx_word' id='word_1_18' title='bbox 705 372 778 425; x_wconf 74' lang='grc' dir='ltr'><strong>μὲν</strong></span> <span class='ocrx_word' id='word_1_19' title='bbox 802 372 889 413; x_wconf 77' lang='grc' dir='ltr'><em>υἱὸν</em></span> <span class='ocrx_word' id='word_1_20' title='bbox 911 371 1120 425; x_wconf 71' lang='grc' dir='ltr'><em>ἐκπέμπειν</em></span> <span class='ocrx_word' id='word_1_21' title='bbox 1133 370 1384 429; x_wconf 83' lang='grc' dir='ltr'><em>Ἀνδρόνικον</em></span> <span class='ocrx_word' id='word_1_22' title='bbox 1407 375 1508 416; x_wconf 80' lang='grc' dir='ltr'><em>κατὰ</em></span> <span class='ocrx_word' id='word_1_23' title='bbox 1531 380 1604 418; x_wconf 80' lang='grc' dir='ltr'><em>τοῦ</em></span> <span class='ocrx_word' id='word_1_24' title='bbox 1624 377 1727 417; x_wconf 77' lang='grc' dir='ltr'><em>ἀπο-</em></span> 
     </span>
     <span class='ocr_line' id='line_1_4' title="bbox 267 437 1727 495; baseline 0.002 -14"><span class='ocrx_word' id='word_1_25' title='bbox 267 437 415 481; x_wconf 85' lang='grc' dir='ltr'><em>στάτου</em></span> <span class='ocrx_word' id='word_1_26' title='bbox 441 438 736 493; x_wconf 78' lang='grc' dir='ltr'><em>συνεβούλευεν.</em></span> <span class='ocrx_word' id='word_1_27' title='bbox 804 438 860 490; x_wconf 80' lang='grc' dir='ltr'><strong>ὥς</strong></span> <span class='ocrx_word' id='word_1_28' title='bbox 888 440 929 481; x_wconf 82' lang='grc' dir='ltr'><strong>δ’</strong></span> <span class='ocrx_word' id='word_1_29' title='bbox 961 439 1214 493; x_wconf 71' lang='grc' dir='ltr'><em>ἐνιστάμενον</em></span> <span class='ocrx_word' id='word_1_30' title='bbox 1244 439 1320 483; x_wconf 73' lang='grc' dir='ltr'><em>εἶδε</em></span> <span class='ocrx_word' id='word_1_31' title='bbox 1342 441 1411 483; x_wconf 84' lang='grc' dir='ltr'><strong>τὸν</strong></span> <span class='ocrx_word' id='word_1_32' title='bbox 1427 445 1622 495; x_wconf 80' lang='grc' dir='ltr'><strong><em>βασιλέα,</em></strong></span> <span class='ocrx_word' id='word_1_33' title='bbox 1658 446 1727 486; x_wconf 83' lang='grc' dir='ltr'><strong>καὶ</strong></span> 
     </span>
     <span class='ocr_line' id='line_1_5' title="bbox 215 506 1728 567; baseline 0.003 -18"><span class='ocrx_word' id='word_1_34' title='bbox 215 512 248 548; x_wconf 88' lang='lat' dir='ltr'>D</span> <span class='ocrx_word' id='word_1_35' title='bbox 272 512 389 550; x_wconf 77' lang='grc' dir='ltr'><em>τοῦτο</em></span> <span class='ocrx_word' id='word_1_36' title='bbox 412 509 525 558; x_wconf 79' lang='grc' dir='ltr'><em>τέλος</em></span> <span class='ocrx_word' id='word_1_37' title='bbox 546 506 707 550; x_wconf 78' lang='grc' dir='ltr'><em>εἷπόντα</em></span> <span class='ocrx_word' id='word_1_38' title='bbox 727 506 782 558; x_wconf 81' lang='grc' dir='ltr'><strong>ὥς</strong></span> <span class='ocrx_word' id='word_1_39' title='bbox 798 508 886 563; x_wconf 74' lang='grc' dir='ltr'><em>ἤτοι</em></span> <span class='ocrx_word' id='word_1_40' title='bbox 908 509 977 562; x_wconf 65' lang='grc' dir='ltr'><strong>ἐμὲ</strong></span> <span class='ocrx_word' id='word_1_41' title='bbox 992 509 1074 565; x_wconf 82' lang='grc' dir='ltr'><strong>χρὴ</strong></span> <span class='ocrx_word' id='word_1_42' title='bbox 1093 509 1187 551; x_wconf 72' lang='grc' dir='ltr'><em>κατ’</em></span> <span class='ocrx_word' id='word_1_43' title='bbox 1210 510 1357 551; x_wconf 73' lang='grc' dir='ltr'><em>ἐκείνου</em></span> <span class='ocrx_word' id='word_1_44' title='bbox 1377 510 1603 566; x_wconf 75' lang='grc' dir='ltr'><em>στρατεύειν</em></span> <span class='ocrx_word' id='word_1_45' title='bbox 1622 511 1649 567; x_wconf 82' lang='grc' dir='ltr'>ἢ</span> <span class='ocrx_word' id='word_1_46' title='bbox 1667 513 1728 563; x_wconf 72' lang='grc' dir='ltr'><em>σε’,</em></span> 
     </span>
     <span class='ocr_line' id='line_1_6' title="bbox 266 575 1760 635; baseline 0.001 -17"><span class='ocrx_word' id='word_1_47' title='bbox 266 575 449 619; x_wconf 70' lang='grc' dir='ltr'><em>ἐπείθετό</em></span> <span class='ocrx_word' id='word_1_48' title='bbox 471 594 512 619; x_wconf 85' lang='grc' dir='ltr'><em>τε</em></span> <span class='ocrx_word' id='word_1_49' title='bbox 540 578 606 619; x_wconf 83' lang='grc' dir='ltr'><strong>καὶ</strong></span> <span class='ocrx_word' id='word_1_50' title='bbox 629 578 681 619; x_wconf 79' lang='grc' dir='ltr'><em>τὰ</em></span> <span class='ocrx_word' id='word_1_51' title='bbox 700 576 802 634; x_wconf 84' lang='grc' dir='ltr'><em>πρὸς</em></span> <span class='ocrx_word' id='word_1_52' title='bbox 819 577 891 632; x_wconf 81' lang='grc' dir='ltr'><strong>τὴν</strong></span> <span class='ocrx_word' id='word_1_53' title='bbox 910 579 1166 633; x_wconf 71' lang='grc' dir='ltr'><strong><em>ἐκστρατείαν</em></strong></span> <span class='ocrx_word' id='word_1_54' title='bbox 1187 577 1313 619; x_wconf 76' lang='grc' dir='ltr'><em>αὐτοῦ</em></span> <span class='ocrx_word' id='word_1_55' title='bbox 1336 578 1600 635; x_wconf 78' lang='grc' dir='ltr'><em>ηὕτρεπίζετο.</em></span> <span class='ocrx_word' id='word_1_56' title='bbox 1643 582 1760 623; x_wconf 60' lang='lat' dir='ltr'><strong>{neza</strong></span> 
     </span>
     <span class='ocr_line' id='line_1_7' title="bbox 269 640 1728 705; baseline 0.002 -19"><span class='ocrx_word' id='word_1_57' title='bbox 269 647 310 687; x_wconf 71' lang='grc' dir='ltr'><strong>δ’</strong></span> <span class='ocrx_word' id='word_1_58' title='bbox 335 643 604 702; x_wconf 78' lang='grc' dir='ltr'><em>ἀποχρώντως</em></span> <span class='ocrx_word' id='word_1_59' title='bbox 625 643 700 700; x_wconf 78' lang='grc' dir='ltr'><em>εἶχε</em></span> <span class='ocrx_word' id='word_1_60' title='bbox 719 644 849 703; x_wconf 83' lang='grc' dir='ltr'><em>τούτῳ</em></span> <span class='ocrx_word' id='word_1_61' title='bbox 869 640 1012 700; x_wconf 72' lang='grc' dir='ltr'><em>τᾶτῆς</em></span> <span class='ocrx_word' id='word_1_62' title='bbox 1031 650 1310 702; x_wconf 76' lang='grc' dir='ltr'><strong>παρασκευῆς,</strong></span> <span class='ocrx_word' id='word_1_63' title='bbox 1339 649 1610 702; x_wconf 83' lang='grc' dir='ltr'><em>διεπεραιοῦτο</em></span> <span class='ocrx_word' id='word_1_64' title='bbox 1627 649 1728 705; x_wconf 86' lang='grc' dir='ltr'><em>πρὸς</em></span> 
     </span>
     <span class='ocr_line' id='line_1_8' title="bbox 218 710 1728 772; baseline 0.001 -16"><span class='ocrx_word' id='word_1_65' title='bbox 218 710 220 714; x_wconf 48' lang='grc'>’</span> <span class='ocrx_word' id='word_1_66' title='bbox 266 714 341 769; x_wconf 81' lang='grc' dir='ltr'><strong>τὴν</strong></span> <span class='ocrx_word' id='word_1_67' title='bbox 355 715 493 756; x_wconf 82' lang='grc' dir='ltr'><strong><em>Ἀσίαν</em></strong></span> <span class='ocrx_word' id='word_1_68' title='bbox 514 716 582 756; x_wconf 84' lang='grc' dir='ltr'><strong>καὶ</strong></span> <span class='ocrx_word' id='word_1_69' title='bbox 604 714 677 764; x_wconf 80' lang='grc' dir='ltr'><em>τὰς</em></span> <span class='ocrx_word' id='word_1_70' title='bbox 698 711 886 768; x_wconf 84' lang='grc' dir='ltr'><em>δυνάμεις</em></span> <span class='ocrx_word' id='word_1_71' title='bbox 908 712 1090 770; x_wconf 78' lang='grc' dir='ltr'><strong><em>συνάγων</em></strong></span> <span class='ocrx_word' id='word_1_72' title='bbox 1109 713 1270 772; x_wconf 72' lang='grc' dir='ltr'><em>ἐξώρμα</em></span> <span class='ocrx_word' id='word_1_73' title='bbox 1291 715 1393 772; x_wconf 87' lang='grc' dir='ltr'><em>πρὸς</em></span> <span class='ocrx_word' id='word_1_74' title='bbox 1409 716 1609 770; x_wconf 79' lang='grc' dir='ltr'><em>πολέμιον.</em></span> <span class='ocrx_word' id='word_1_75' title='bbox 1636 717 1728 759; x_wconf 64' lang='grc' dir='ltr'><em>δια-ζ</em></span> 
     </span>
     <span class='ocr_line' id='line_1_9' title="bbox 265 781 1730 841; baseline 0.001 -17"><span class='ocrx_word' id='word_1_76' title='bbox 265 783 347 837; x_wconf 79' lang='grc' dir='ltr'><strong>βὰς</strong></span> <span class='ocrx_word' id='word_1_77' title='bbox 374 784 417 825; x_wconf 79' lang='grc' dir='ltr'><strong>δὲ</strong></span> <span class='ocrx_word' id='word_1_78' title='bbox 443 783 707 825; x_wconf 72' lang='grc' dir='ltr'><em>τὰΒιθυνῶν</em></span> <span class='ocrx_word' id='word_1_79' title='bbox 729 782 825 840; x_wconf 74' lang='grc' dir='ltr'><em>ὅρη,</em></span> <span class='ocrx_word' id='word_1_80' title='bbox 861 783 994 837; x_wconf 71' lang='grc' dir='ltr'><em>ἐπειδὴ</em></span> <span class='ocrx_word' id='word_1_81' title='bbox 1019 781 1221 837; x_wconf 72' lang='grc' dir='ltr'><em>ἐμάνθανε</em></span> <span class='ocrx_word' id='word_1_82' title='bbox 1239 788 1382 826; x_wconf 83' lang='grc' dir='ltr'><em>τοῦτον</em></span> <span class='ocrx_word' id='word_1_83' title='bbox 1401 786 1490 841; x_wconf 81' lang='grc' dir='ltr'><em>περὶ</em></span> <span class='ocrx_word' id='word_1_84' title='bbox 1510 785 1583 834; x_wconf 82' lang='grc' dir='ltr'><em>τὰς</em></span> <span class='ocrx_word' id='word_1_85' title='bbox 1598 784 1730 840; x_wconf 84' lang='grc' dir='ltr'><em>πηγὰς</em></span> 
     </span>
     <span class='ocr_line' id='line_1_10' title="bbox 267 851 1727 909; baseline 0.001 -15"><span class='ocrx_word' id='word_1_86' title='bbox 267 856 341 894; x_wconf 85' lang='grc' dir='ltr'><em>τοῦ</em></span> <span class='ocrx_word' id='word_1_87' title='bbox 360 853 590 909; x_wconf 78' lang='grc' dir='ltr'><strong>Σαγγαρίου</strong></span> <span class='ocrx_word' id='word_1_88' title='bbox 611 851 959 909; x_wconf 74' lang='grc' dir='ltr'><strong>στρατοπεδεύειν,</strong></span> <span class='ocrx_word' id='word_1_89' title='bbox 1007 851 1052 894; x_wconf 87' lang='grc' dir='ltr'><em>τὸ</em></span> <span class='ocrx_word' id='word_1_90' title='bbox 1084 851 1316 908; x_wconf 86' lang='grc' dir='ltr'><strong>Δορύλαιον</strong></span> <span class='ocrx_word' id='word_1_91' title='bbox 1347 853 1521 895; x_wconf 73' lang='grc' dir='ltr'><em>διελθὼν</em></span> <span class='ocrx_word' id='word_1_92' title='bbox 1547 853 1727 909; x_wconf 74' lang='grc' dir='ltr'><em>ἠπείγετο</em></span> 
     </span>
     <span class='ocr_line' id='line_1_11' title="bbox 267 918 1784 979; baseline 0.001 -17"><span class='ocrx_word' id='word_1_93' title='bbox 267 920 370 977; x_wconf 86' lang='grc' dir='ltr'><em>πρὸς</em></span> <span class='ocrx_word' id='word_1_94' title='bbox 389 921 440 963; x_wconf 81' lang='grc' dir='ltr'><em>τὰ</em></span> <span class='ocrx_word' id='word_1_95' title='bbox 461 919 613 977; x_wconf 87' lang='grc' dir='ltr'><em>πρόσω.</em></span> <span class='ocrx_word' id='word_1_96' title='bbox 638 946 641 950; x_wconf 91' lang='grc'><strong>-</strong></span> <span class='ocrx_word' id='word_1_97' title='bbox 681 920 833 975; x_wconf 75' lang='grc' dir='ltr'><em>μαθών</em></span> <span class='ocrx_word' id='word_1_98' title='bbox 864 921 907 962; x_wconf 84' lang='grc' dir='ltr'><strong>δὲ</strong></span> <span class='ocrx_word' id='word_1_99' title='bbox 937 922 1004 962; x_wconf 84' lang='grc' dir='ltr'><strong>καὶ</strong></span> <span class='ocrx_word' id='word_1_100' title='bbox 1037 918 1288 978; x_wconf 79' lang='grc' dir='ltr'><em>ὃβάρβαρος</em></span> <span class='ocrx_word' id='word_1_101' title='bbox 1306 921 1379 976; x_wconf 84' lang='grc' dir='ltr'><strong>τὴν</strong></span> <span class='ocrx_word' id='word_1_102' title='bbox 1400 920 1542 964; x_wconf 89' lang='grc' dir='ltr'><em>τούτου</em></span> <span class='ocrx_word' id='word_1_103' title='bbox 1566 921 1726 979; x_wconf 66' lang='grc' dir='ltr'><em>ἔφοδον,</em></span> <span class='ocrx_word' id='word_1_104' title='bbox 1741 924 1784 959; x_wconf 87' lang='grc'><strong>10</strong></span> 
     </span>
     <span class='ocr_line' id='line_1_12' title="bbox 268 984 1731 1047; baseline 0.001 -17"><span class='ocrx_word' id='word_1_105' title='bbox 268 989 383 1031; x_wconf 78' lang='grc' dir='ltr'><em>ἓκίνει</em></span> <span class='ocrx_word' id='word_1_106' title='bbox 408 991 476 1031; x_wconf 87' lang='grc' dir='ltr'><strong>καὶ</strong></span> <span class='ocrx_word' id='word_1_107' title='bbox 500 989 621 1038; x_wconf 80' lang='grc' dir='ltr'><em>αὐτὸς</em></span> <span class='ocrx_word' id='word_1_108' title='bbox 644 988 719 1039; x_wconf 76' lang='grc' dir='ltr'><em>τὰς</em></span> <span class='ocrx_word' id='word_1_109' title='bbox 746 987 936 1043; x_wconf 77' lang='grc' dir='ltr'><em>δυνάμεις</em></span> <span class='ocrx_word' id='word_1_110' title='bbox 961 989 1100 1031; x_wconf 75' lang='grc' dir='ltr'><em>αὐτοῦ.</em></span> <span class='ocrx_word' id='word_1_111' title='bbox 1168 988 1477 1042; x_wconf 71' lang='grc' dir='ltr'><em>’ὗπαντιάζουσιν</em></span> <span class='ocrx_word' id='word_1_112' title='bbox 1507 984 1578 1032; x_wconf 69' lang='grc' dir='ltr'><strong>οὖν</strong></span> <span class='ocrx_word' id='word_1_113' title='bbox 1601 989 1731 1047; x_wconf 72' lang='grc' dir='ltr'><em>ἄμφω,</em></span> 
     </span>
     <span class='ocr_line' id='line_1_13' title="bbox 149 1055 1729 1115; baseline -0.001 -14"><span class='ocrx_word' id='word_1_114' title='bbox 149 1067 179 1101; x_wconf 89' lang='lat' dir='ltr'>P</span> <span class='ocrx_word' id='word_1_115' title='bbox 201 1065 247 1101; x_wconf 74' lang='lat'><strong>52</strong></span> <span class='ocrx_word' id='word_1_116' title='bbox 267 1060 356 1115; x_wconf 75' lang='grc' dir='ltr'><em>περὶ</em></span> <span class='ocrx_word' id='word_1_117' title='bbox 385 1057 458 1111; x_wconf 81' lang='grc' dir='ltr'><strong>τὴν</strong></span> <span class='ocrx_word' id='word_1_118' title='bbox 491 1055 662 1111; x_wconf 86' lang='grc' dir='ltr'><em>Ζόμπου</em></span> <span class='ocrx_word' id='word_1_119' title='bbox 691 1059 939 1112; x_wconf 76' lang='grc' dir='ltr'><em>καλουμένην</em></span> <span class='ocrx_word' id='word_1_120' title='bbox 968 1058 1170 1115; x_wconf 79' lang='grc' dir='ltr'><em>γέφυραν,</em></span> <span class='ocrx_word' id='word_1_121' title='bbox 1205 1060 1272 1100; x_wconf 87' lang='grc' dir='ltr'><strong>καὶ</strong></span> <span class='ocrx_word' id='word_1_122' title='bbox 1293 1057 1729 1115; x_wconf 72' lang='grc' dir='ltr'><em>στρατοπεδευσάμενοι</em></span> 
     </span>
     <span class='ocr_line' id='line_1_14' title="bbox 265 1123 1730 1184; baseline 0.001 -16"><span class='ocrx_word' id='word_1_123' title='bbox 265 1126 317 1168; x_wconf 78' lang='grc' dir='ltr'><em>τὰ</em></span> <span class='ocrx_word' id='word_1_124' title='bbox 347 1125 449 1182; x_wconf 85' lang='grc' dir='ltr'><em>πρὸς</em></span> <span class='ocrx_word' id='word_1_125' title='bbox 481 1125 550 1167; x_wconf 82' lang='grc' dir='ltr'><strong>τὸν</strong></span> <span class='ocrx_word' id='word_1_126' title='bbox 580 1123 756 1179; x_wconf 86' lang='grc' dir='ltr'><em>πόλεμον</em></span> <span class='ocrx_word' id='word_1_127' title='bbox 789 1124 1038 1182; x_wconf 75' lang='grc' dir='ltr'><em>ἐξηρτύοντο.</em></span> <span class='ocrx_word' id='word_1_128' title='bbox 1107 1126 1195 1181; x_wconf 78' lang='grc' dir='ltr'><strong>ἅμα</strong></span> <span class='ocrx_word' id='word_1_129' title='bbox 1227 1128 1270 1168; x_wconf 79' lang='grc' dir='ltr'><strong>δὲ</strong></span> <span class='ocrx_word' id='word_1_130' title='bbox 1291 1132 1341 1184; x_wconf 84' lang='grc' dir='ltr'><em>τῇ</em></span> <span class='ocrx_word' id='word_1_131' title='bbox 1362 1128 1413 1184; x_wconf 70' lang='grc' dir='ltr'><strong>ἕῳ</strong></span> <span class='ocrx_word' id='word_1_132' title='bbox 1445 1127 1519 1177; x_wconf 81' lang='grc' dir='ltr'><em>τὰς</em></span> <span class='ocrx_word' id='word_1_133' title='bbox 1540 1126 1730 1181; x_wconf 86' lang='grc' dir='ltr'><em>δυνάμεις</em></span> 
     </span>
     <span class='ocr_line' id='line_1_15' title="bbox 266 1192 1726 1252; baseline 0.001 -16"><span class='ocrx_word' id='word_1_134' title='bbox 266 1196 406 1249; x_wconf 63' lang='grc' dir='ltr'><em>ἐξῆγον</em></span> <span class='ocrx_word' id='word_1_135' title='bbox 436 1195 503 1236; x_wconf 79' lang='grc' dir='ltr'><em>καὶ</em></span> <span class='ocrx_word' id='word_1_136' title='bbox 538 1192 831 1250; x_wconf 81' lang='grc' dir='ltr'><em>παρετάττοντο</em></span> <span class='ocrx_word' id='word_1_137' title='bbox 864 1193 978 1236; x_wconf 80' lang='grc' dir='ltr'><em>τόνδε</em></span> <span class='ocrx_word' id='word_1_138' title='bbox 1013 1194 1082 1236; x_wconf 87' lang='grc' dir='ltr'><strong>τὸν</strong></span> <span class='ocrx_word' id='word_1_139' title='bbox 1117 1194 1279 1252; x_wconf 87' lang='grc' dir='ltr'><em>τρόπον.</em></span> <span class='ocrx_word' id='word_1_140' title='bbox 1349 1194 1370 1238; x_wconf 84' lang='grc' dir='ltr'><strong>ὅ</strong></span> <span class='ocrx_word' id='word_1_141' title='bbox 1403 1196 1477 1249; x_wconf 75' lang='grc' dir='ltr'><strong>μὲν</strong></span> <span class='ocrx_word' id='word_1_142' title='bbox 1512 1202 1659 1252; x_wconf 83' lang='grc' dir='ltr'><em>καῖσαρ</em></span> <span class='ocrx_word' id='word_1_143' title='bbox 1681 1196 1726 1238; x_wconf 79' lang='grc' dir='ltr'><em>τὸ</em></span> 
     </span>
     <span class='ocr_line' id='line_1_16' title="bbox 266 1261 1783 1319; baseline 0.001 -15"><span class='ocrx_word' id='word_1_144' title='bbox 266 1264 390 1317; x_wconf 79' lang='grc' dir='ltr'><em>μέσον</em></span> <span class='ocrx_word' id='word_1_145' title='bbox 417 1261 493 1316; x_wconf 71' lang='grc' dir='ltr'><em>εἶχε</em></span> <span class='ocrx_word' id='word_1_146' title='bbox 515 1267 587 1316; x_wconf 80' lang='grc' dir='ltr'><em>τῆς</em></span> <span class='ocrx_word' id='word_1_147' title='bbox 602 1261 827 1317; x_wconf 80' lang='grc' dir='ltr'><em>Ῥωμαϊκῆς</em></span> <span class='ocrx_word' id='word_1_148' title='bbox 848 1261 997 1312; x_wconf 78' lang='grc' dir='ltr'><em>τάξεως</em></span> <span class='ocrx_word' id='word_1_149' title='bbox 1018 1262 1119 1316; x_wconf 61' lang='grc' dir='ltr'><em>ἔχων</em></span> <span class='ocrx_word' id='word_1_150' title='bbox 1139 1264 1241 1317; x_wconf 70' lang='grc' dir='ltr'><strong>μεθ’</strong></span> <span class='ocrx_word' id='word_1_151' title='bbox 1265 1262 1411 1306; x_wconf 70' lang='grc' dir='ltr'><em>ἑαυτοῦ</em></span> <span class='ocrx_word' id='word_1_152' title='bbox 1437 1263 1530 1313; x_wconf 82' lang='grc' dir='ltr'><em>τοὺς</em></span> <span class='ocrx_word' id='word_1_153' title='bbox 1553 1265 1726 1319; x_wconf 81' lang='grc' dir='ltr'><em>ἀσπιδη-</em></span> <span class='ocrx_word' id='word_1_154' title='bbox 1739 1265 1783 1301; x_wconf 80' lang='grc'><strong>15</strong></span> 
     </span>
     <span class='ocr_line' id='line_1_17' title="bbox 266 1329 1729 1388; baseline 0.001 -16"><span class='ocrx_word' id='word_1_155' title='bbox 266 1330 507 1388; x_wconf 83' lang='grc' dir='ltr'><em>φόρουςκαὶ</em></span> <span class='ocrx_word' id='word_1_156' title='bbox 531 1329 828 1388; x_wconf 74' lang='grc' dir='ltr'><em>πελεκηφόρους</em></span> <span class='ocrx_word' id='word_1_157' title='bbox 846 1330 1111 1388; x_wconf 79' lang='grc' dir='ltr'><em>βαρβάρους,</em></span> <span class='ocrx_word' id='word_1_158' title='bbox 1153 1330 1213 1382; x_wconf 74' lang='grc' dir='ltr'><strong>οἷς</strong></span> <span class='ocrx_word' id='word_1_159' title='bbox 1237 1330 1261 1386; x_wconf 78' lang='grc' dir='ltr'><strong><em>ἦ</em></strong></span> <span class='ocrx_word' id='word_1_160' title='bbox 1286 1336 1366 1374; x_wconf 87' lang='grc' dir='ltr'><strong>τῶν</strong></span> <span class='ocrx_word' id='word_1_161' title='bbox 1385 1333 1599 1385; x_wconf 80' lang='grc' dir='ltr'><em>βασιλείων</em></span> <span class='ocrx_word' id='word_1_162' title='bbox 1621 1331 1729 1374; x_wconf 75' lang='grc' dir='ltr'><em>ἄνω-</em></span> 
     </span>
     <span class='ocr_line' id='line_1_18' title="bbox 264 1398 1727 1457; baseline 0.001 -16"><span class='ocrx_word' id='word_1_163' title='bbox 264 1404 341 1442; x_wconf 75' lang='grc' dir='ltr'><strong>θεν</strong></span> <span class='ocrx_word' id='word_1_164' title='bbox 369 1401 602 1442; x_wconf 83' lang='grc' dir='ltr'><em>πεπίστευτο</em></span> <span class='ocrx_word' id='word_1_165' title='bbox 633 1398 821 1456; x_wconf 67' lang='grc' dir='ltr'><em>φυλακή·</em></span> <span class='ocrx_word' id='word_1_166' title='bbox 864 1399 909 1442; x_wconf 83' lang='grc' dir='ltr'><em>τὸ</em></span> <span class='ocrx_word' id='word_1_167' title='bbox 947 1400 1075 1450; x_wconf 75' lang='grc' dir='ltr'><em>δεξιὸν</em></span> <span class='ocrx_word' id='word_1_168' title='bbox 1104 1400 1148 1442; x_wconf 76' lang='grc' dir='ltr'><strong>δὲ</strong></span> <span class='ocrx_word' id='word_1_169' title='bbox 1173 1402 1292 1456; x_wconf 73' lang='grc' dir='ltr'><em>κέρας</em></span> <span class='ocrx_word' id='word_1_170' title='bbox 1317 1401 1355 1442; x_wconf 78' lang='grc' dir='ltr'><strong>οἷ</strong></span> <span class='ocrx_word' id='word_1_171' title='bbox 1375 1399 1628 1457; x_wconf 71' lang='grc' dir='ltr'><em>μισθοφόροι</em></span> <span class='ocrx_word' id='word_1_172' title='bbox 1651 1418 1727 1443; x_wconf 91' lang='grc' dir='ltr'><strong>κα-</strong></span> 
     </span>
     <span class='ocr_line' id='line_1_19' title="bbox 262 1462 1731 1526; baseline -0.001 -15"><span class='ocrx_word' id='word_1_173' title='bbox 262 1476 394 1522; x_wconf 79' lang='grc' dir='ltr'><em>τεῖχον</em></span> <span class='ocrx_word' id='word_1_174' title='bbox 420 1470 591 1519; x_wconf 85' lang='grc' dir='ltr'><em>Κελτοί,</em></span> <span class='ocrx_word' id='word_1_175' title='bbox 626 1462 682 1510; x_wconf 70' lang='grc' dir='ltr'><strong>ὧν</strong></span> <span class='ocrx_word' id='word_1_176' title='bbox 714 1467 934 1524; x_wconf 85' lang='grc' dir='ltr'><em>προ”ι’·στατό</em></span> <span class='ocrx_word' id='word_1_177' title='bbox 964 1486 1025 1519; x_wconf 87' lang='grc' dir='ltr'><em>τις</em></span> <span class='ocrx_word' id='word_1_178' title='bbox 1047 1469 1200 1518; x_wconf 82' lang='grc' dir='ltr'><em>Κελτὸς</em></span> <span class='ocrx_word' id='word_1_179' title='bbox 1230 1463 1263 1526; x_wconf 74' lang='grc' dir='ltr'><em>ᾧ</em></span> <span class='ocrx_word' id='word_1_180' title='bbox 1293 1467 1421 1523; x_wconf 70' lang='grc' dir='ltr'><em>ὄνομα</em></span> <span class='ocrx_word' id='word_1_181' title='bbox 1442 1468 1619 1519; x_wconf 83' lang='grc' dir='ltr'><em>Πάπας·</em></span> <span class='ocrx_word' id='word_1_182' title='bbox 1653 1473 1731 1511; x_wconf 41' lang='grc' dir='ltr'><em>τοῦ,</em></span> 
     </span>
     <span class='ocr_line' id='line_1_20' title="bbox 262 1535 1725 1595; baseline 0.001 -17"><span class='ocrx_word' id='word_1_183' title='bbox 262 1535 468 1590; x_wconf 75' lang='grc' dir='ltr'><em>εὐωνύμου</em></span> <span class='ocrx_word' id='word_1_184' title='bbox 489 1537 532 1578; x_wconf 78' lang='grc' dir='ltr'><strong>δὲ</strong></span> <span class='ocrx_word' id='word_1_185' title='bbox 554 1537 719 1592; x_wconf 75' lang='grc' dir='ltr'><em>κέρατος</em></span> <span class='ocrx_word' id='word_1_186' title='bbox 742 1535 763 1577; x_wconf 83' lang='grc' dir='ltr'><strong><em>ὃ</em></strong></span> <span class='ocrx_word' id='word_1_187' title='bbox 787 1537 1021 1595; x_wconf 70' lang='grc' dir='ltr'><em>δομέστικος</em></span> <span class='ocrx_word' id='word_1_188' title='bbox 1039 1541 1119 1579; x_wconf 86' lang='grc' dir='ltr'><strong>τῶν</strong></span> <span class='ocrx_word' id='word_1_189' title='bbox 1143 1542 1300 1591; x_wconf 81' lang='grc' dir='ltr'><em>σχολῶν</em></span> <span class='ocrx_word' id='word_1_190' title='bbox 1327 1544 1504 1591; x_wconf 81' lang='grc' dir='ltr'><em>κατεῖχεν</em></span> <span class='ocrx_word' id='word_1_191' title='bbox 1520 1536 1725 1594; x_wconf 84' lang='grc' dir='ltr'><em>Ἀνδρόνι-</em></span> 
     </span>
     <span class='ocr_line' id='line_1_21' title="bbox 261 1602 1784 1662; baseline -0.002 -15"><span class='ocrx_word' id='word_1_192' title='bbox 261 1619 351 1655; x_wconf 83' lang='grc' dir='ltr'><em>κος’</em></span> <span class='ocrx_word' id='word_1_193' title='bbox 381 1605 565 1661; x_wconf 81' lang='grc' dir='ltr'><em>οὕραγεῖν</em></span> <span class='ocrx_word' id='word_1_194' title='bbox 598 1605 639 1646; x_wconf 67' lang='grc' dir='ltr'><strong>δ’</strong></span> <span class='ocrx_word' id='word_1_195' title='bbox 675 1602 696 1646; x_wconf 80' lang='grc' dir='ltr'><em>ὃ</em></span> <span class='ocrx_word' id='word_1_196' title='bbox 720 1603 992 1659; x_wconf 81' lang='grc' dir='ltr'><em>Βοτανειάτης</em></span> <span class='ocrx_word' id='word_1_197' title='bbox 1013 1606 1177 1647; x_wconf 75' lang='grc' dir='ltr'><em>τέτακτο</em></span> <span class='ocrx_word' id='word_1_198' title='bbox 1202 1604 1460 1662; x_wconf 80' lang='grc' dir='ltr'><em>Νικηφόρος,</em></span> <span class='ocrx_word' id='word_1_199' title='bbox 1488 1604 1509 1646; x_wconf 77' lang='grc' dir='ltr'><em>ὃ</em></span> <span class='ocrx_word' id='word_1_200' title='bbox 1532 1606 1784 1660; x_wconf 80' lang='grc' dir='ltr'><em>βασιλεῦς20</em></span> 
     </span>
     <span class='ocr_line' id='line_1_22' title="bbox 209 1671 1726 1730; baseline 0 -14"><span class='ocrx_word' id='word_1_201' title='bbox 209 1671 464 1727; x_wconf 84' lang='grc' dir='ltr'><em>ΒῬωμαίων</em></span> <span class='ocrx_word' id='word_1_202' title='bbox 497 1674 537 1723; x_wconf 78' lang='grc' dir='ltr'><strong>ἒς</strong></span> <span class='ocrx_word' id='word_1_203' title='bbox 555 1671 743 1729; x_wconf 77' lang='grc' dir='ltr'><em>ὕστερον,</em></span> <span class='ocrx_word' id='word_1_204' title='bbox 779 1673 880 1727; x_wconf 67' lang='grc' dir='ltr'><em>ἔχων</em></span> <span class='ocrx_word' id='word_1_205' title='bbox 912 1673 1016 1727; x_wconf 69' lang='grc' dir='ltr'><strong>μεθ’</strong></span> <span class='ocrx_word' id='word_1_206' title='bbox 1053 1673 1201 1716; x_wconf 72' lang='grc' dir='ltr'><em>ἑαυτοῦ</em></span> <span class='ocrx_word' id='word_1_207' title='bbox 1233 1674 1306 1729; x_wconf 81' lang='grc' dir='ltr'><strong>τὴν</strong></span> <span class='ocrx_word' id='word_1_208' title='bbox 1334 1678 1414 1716; x_wconf 85' lang='grc' dir='ltr'><strong>τῶν</strong></span> <span class='ocrx_word' id='word_1_209' title='bbox 1451 1676 1624 1730; x_wconf 82' lang='grc' dir='ltr'><em>Φρυγῶν</em></span> <span class='ocrx_word' id='word_1_210' title='bbox 1657 1677 1726 1716; x_wconf 81' lang='grc' dir='ltr'><strong>καὶ</strong></span> 
     </span>
     <span class='ocr_line' id='line_1_23' title="bbox 257 1739 1730 1798; baseline 0.001 -14"><span class='ocrx_word' id='word_1_211' title='bbox 257 1746 340 1784; x_wconf 86' lang='grc' dir='ltr'><strong>τῶν</strong></span> <span class='ocrx_word' id='word_1_212' title='bbox 367 1739 599 1793; x_wconf 85' lang='grc' dir='ltr'><em>Λυκαόνων</em></span> <span class='ocrx_word' id='word_1_213' title='bbox 635 1740 849 1798; x_wconf 75' lang='grc' dir='ltr'><em>φάλαγγα,</em></span> <span class='ocrx_word' id='word_1_214' title='bbox 893 1741 949 1784; x_wconf 63' lang='grc' dir='ltr'><em>ἔτι</em></span> <span class='ocrx_word' id='word_1_215' title='bbox 987 1743 1029 1784; x_wconf 74' lang='grc' dir='ltr'><strong>δὲ</strong></span> <span class='ocrx_word' id='word_1_216' title='bbox 1063 1744 1130 1784; x_wconf 83' lang='grc' dir='ltr'><strong>καὶ</strong></span> <span class='ocrx_word' id='word_1_217' title='bbox 1163 1743 1236 1797; x_wconf 81' lang='grc' dir='ltr'><strong>τὴν</strong></span> <span class='ocrx_word' id='word_1_218' title='bbox 1261 1747 1341 1785; x_wconf 90' lang='grc' dir='ltr'><strong>τῶν</strong></span> <span class='ocrx_word' id='word_1_219' title='bbox 1358 1742 1565 1785; x_wconf 79' lang='grc' dir='ltr'><em>Ἀσιανῶν.</em></span> <span class='ocrx_word' id='word_1_220' title='bbox 1634 1740 1655 1784; x_wconf 83' lang='grc' dir='ltr'><strong>ὅ</strong></span> <span class='ocrx_word' id='word_1_221' title='bbox 1683 1744 1730 1785; x_wconf 75' lang='grc' dir='ltr'><strong>δὲ</strong></span> 
     </span>
     <span class='ocr_line' id='line_1_24' title="bbox 260 1808 1724 1871; baseline 0 -18"><span class='ocrx_word' id='word_1_222' title='bbox 260 1810 482 1868; x_wconf 76' lang='grc' dir='ltr'><em>Οὖρσέλιος</em></span> <span class='ocrx_word' id='word_1_223' title='bbox 522 1809 697 1851; x_wconf 78' lang='grc' dir='ltr'><em>κατιὸιὺν</em></span> <span class='ocrx_word' id='word_1_224' title='bbox 742 1808 847 1852; x_wconf 74' lang='grc' dir='ltr'><em>οὕτω</em></span> <span class='ocrx_word' id='word_1_225' title='bbox 889 1811 1114 1866; x_wconf 75' lang='grc' dir='ltr'><em>ταξαμὲνην</em></span> <span class='ocrx_word' id='word_1_226' title='bbox 1158 1811 1231 1866; x_wconf 81' lang='grc' dir='ltr'><strong>τὴν</strong></span> <span class='ocrx_word' id='word_1_227' title='bbox 1260 1809 1486 1865; x_wconf 75' lang='grc' dir='ltr'><em>Ῥωμαικὴν</em></span> <span class='ocrx_word' id='word_1_228' title='bbox 1521 1809 1724 1871; x_wconf 78' lang='grc' dir='ltr'><em>φάλαγγα,</em></span> 
     </span>
    </p>
   </div>
   <div class='ocr_carea' id='block_1_3' title="bbox 350 1915 1496 1964">
    <p class='ocr_par' dir='ltr' id='par_1_3' title="bbox 350 1915 1496 1964">
     <span class='ocr_line' id='line_1_25' title="bbox 350 1915 1496 1964; baseline -0.001 -10"><span class='ocrx_word' id='word_1_229' title='bbox 350 1920 384 1955; x_wconf 84' lang='grc'><strong>7.</strong></span> <span class='ocrx_word' id='word_1_230' title='bbox 408 1915 596 1964; x_wconf 78' lang='grc' dir='ltr'><em>συνάγων]</em></span> <span class='ocrx_word' id='word_1_231' title='bbox 623 1915 864 1963; x_wconf 72' lang='grc' dir='ltr'><em>συναγαγώνί)</em></span> <span class='ocrx_word' id='word_1_232' title='bbox 1002 1919 1055 1954; x_wconf 88' lang='grc'><strong>19.</strong></span> <span class='ocrx_word' id='word_1_233' title='bbox 1079 1920 1265 1964; x_wconf 75' lang='grc' dir='ltr'><em>κατεῖχεν]</em></span> <span class='ocrx_word' id='word_1_234' title='bbox 1287 1918 1496 1964; x_wconf 63' lang='grc' dir='ltr'><em>κατῆρχενῖ</em></span> 
     </span>
    </p>
   </div>
   <div class='ocr_carea' id='block_1_4' title="bbox 256 2009 1747 2878">
    <p class='ocr_par' dir='ltr' id='par_1_4' title="bbox 256 2009 1747 2878">
     <span class='ocr_line' id='line_1_26' title="bbox 258 2009 1722 2056; baseline 0 -12"><span class='ocrx_word' id='word_1_235' title='bbox 258 2010 452 2054; x_wconf 82' lang='lat' dir='ltr'><strong>intelligens</strong></span> <span class='ocrx_word' id='word_1_236' title='bbox 481 2013 516 2044; x_wconf 89' lang='lat' dir='ltr'><strong>et</strong></span> <span class='ocrx_word' id='word_1_237' title='bbox 544 2009 664 2044; x_wconf 79' lang='lat' dir='ltr'><strong>aemuli</strong></span> <span class='ocrx_word' id='word_1_238' title='bbox 688 2009 926 2044; x_wconf 79' lang='lat' dir='ltr'><strong>machinatoris</strong></span> <span class='ocrx_word' id='word_1_239' title='bbox 952 2009 1056 2047; x_wconf 78' lang='lat' dir='ltr'><strong>malas</strong></span> <span class='ocrx_word' id='word_1_240' title='bbox 1071 2014 1164 2044; x_wconf 86' lang='lat' dir='ltr'><strong>artes</strong></span> <span class='ocrx_word' id='word_1_241' title='bbox 1181 2010 1320 2055; x_wconf 87' lang='lat' dir='ltr'><strong>eiusque</strong></span> <span class='ocrx_word' id='word_1_242' title='bbox 1335 2010 1394 2055; x_wconf 90' lang='lat' dir='ltr'><strong>qui</strong></span> <span class='ocrx_word' id='word_1_243' title='bbox 1410 2019 1591 2056; x_wconf 79' lang='lat' dir='ltr'>persuasus</span> <span class='ocrx_word' id='word_1_244' title='bbox 1607 2010 1722 2044; x_wconf 88' lang='lat' dir='ltr'><strong>abillo</strong></span> 
     </span>
     <span class='ocr_line' id='line_1_27' title="bbox 259 2055 1723 2100; baseline -0.001 -9"><span class='ocrx_word' id='word_1_245' title='bbox 259 2060 335 2091; x_wconf 86' lang='lat' dir='ltr'><strong>erat</strong></span> <span class='ocrx_word' id='word_1_246' title='bbox 362 2056 531 2090; x_wconf 82' lang='lat' dir='ltr'>incautam</span> <span class='ocrx_word' id='word_1_247' title='bbox 554 2056 774 2098; x_wconf 79' lang='lat' dir='ltr'>facilitatem,</span> <span class='ocrx_word' id='word_1_248' title='bbox 805 2055 928 2090; x_wconf 86' lang='lat' dir='ltr'><strong>institit</strong></span> <span class='ocrx_word' id='word_1_249' title='bbox 952 2055 1079 2100; x_wconf 90' lang='lat' dir='ltr'><strong>primo,</strong></span> <span class='ocrx_word' id='word_1_250' title='bbox 1110 2061 1150 2090; x_wconf 88' lang='lat' dir='ltr'><strong>ut</strong></span> <span class='ocrx_word' id='word_1_251' title='bbox 1164 2056 1394 2090; x_wconf 82' lang='lat' dir='ltr'><strong>Andronicum</strong></span> <span class='ocrx_word' id='word_1_252' title='bbox 1423 2055 1533 2100; x_wconf 85' lang='lat' dir='ltr'><strong>potius</strong></span> <span class='ocrx_word' id='word_1_253' title='bbox 1561 2055 1663 2090; x_wconf 85' lang='lat' dir='ltr'><strong>filium</strong></span> <span class='ocrx_word' id='word_1_254' title='bbox 1687 2055 1723 2089; x_wconf 84' lang='lat' dir='ltr'><strong>iu</strong></span> 
     </span>
     <span class='ocr_line' id='line_1_28' title="bbox 259 2101 1723 2147; baseline -0.001 -10"><span class='ocrx_word' id='word_1_255' title='bbox 259 2102 420 2137; x_wconf 75' lang='lat' dir='ltr'><strong>rebellem</strong></span> <span class='ocrx_word' id='word_1_256' title='bbox 436 2102 606 2144; x_wconf 77' lang='lat' dir='ltr'><strong>mitteret,</strong></span> <span class='ocrx_word' id='word_1_257' title='bbox 640 2106 678 2135; x_wconf 84' lang='lat' dir='ltr'><strong>ut</strong></span> <span class='ocrx_word' id='word_1_258' title='bbox 695 2107 806 2136; x_wconf 87' lang='lat' dir='ltr'><strong>autem</strong></span> <span class='ocrx_word' id='word_1_259' title='bbox 822 2102 923 2135; x_wconf 85' lang='lat' dir='ltr'><strong>fixum</strong></span> <span class='ocrx_word' id='word_1_260' title='bbox 938 2101 973 2135; x_wconf 83' lang='lat' dir='ltr'><strong>in</strong></span> <span class='ocrx_word' id='word_1_261' title='bbox 990 2102 1165 2147; x_wconf 83' lang='lat' dir='ltr'><strong>proposito</strong></span> <span class='ocrx_word' id='word_1_262' title='bbox 1180 2102 1416 2147; x_wconf 79' lang='lat' dir='ltr'><strong>imperatorem</strong></span> <span class='ocrx_word' id='word_1_263' title='bbox 1430 2101 1515 2135; x_wconf 86' lang='lat' dir='ltr'><strong>vidit</strong></span> <span class='ocrx_word' id='word_1_264' title='bbox 1528 2101 1723 2145; x_wconf 80' lang='lat' dir='ltr'><strong>audivitque</strong></span> 
     </span>
     <span class='ocr_line' id='line_1_29' title="bbox 259 2145 1723 2192; baseline -0.001 -10"><span class='ocrx_word' id='word_1_265' title='bbox 259 2148 303 2183; x_wconf 89' lang='lat' dir='ltr'><strong>ad</strong></span> <span class='ocrx_word' id='word_1_266' title='bbox 326 2152 509 2182; x_wconf 86' lang='lat' dir='ltr'><strong>extremum</strong></span> <span class='ocrx_word' id='word_1_267' title='bbox 531 2147 713 2181; x_wconf 79' lang='lat' dir='ltr'><strong>dicentem:</strong></span> <span class='ocrx_word' id='word_1_268' title='bbox 746 2152 806 2181; x_wconf 86' lang='lat' dir='ltr'><strong>aut</strong></span> <span class='ocrx_word' id='word_1_269' title='bbox 830 2159 883 2181; x_wconf 91' lang='lat' dir='ltr'><strong>me</strong></span> <span class='ocrx_word' id='word_1_270' title='bbox 906 2147 960 2181; x_wconf 82' lang='lat' dir='ltr'><strong>isti</strong></span> <span class='ocrx_word' id='word_1_271' title='bbox 976 2147 1064 2181; x_wconf 89' lang='lat' dir='ltr'><strong>bello</strong></span> <span class='ocrx_word' id='word_1_272' title='bbox 1082 2159 1238 2192; x_wconf 87' lang='lat' dir='ltr'><strong>praeesse</strong></span> <span class='ocrx_word' id='word_1_273' title='bbox 1255 2152 1394 2192; x_wconf 83' lang='lat' dir='ltr'><strong>oportet</strong></span> <span class='ocrx_word' id='word_1_274' title='bbox 1408 2152 1468 2180; x_wconf 88' lang='lat' dir='ltr'><strong>aut</strong></span> <span class='ocrx_word' id='word_1_275' title='bbox 1482 2152 1538 2191; x_wconf 82' lang='lat' dir='ltr'><strong>te,</strong></span> <span class='ocrx_word' id='word_1_276' title='bbox 1567 2145 1723 2180; x_wconf 78' lang='lat' dir='ltr'><strong>assentiri</strong></span> 
     </span>
     <span class='ocr_line' id='line_1_30' title="bbox 260 2192 1722 2239; baseline -0.002 -11"><span class='ocrx_word' id='word_1_277' title='bbox 260 2199 315 2228; x_wconf 87' lang='lat' dir='ltr'><strong>est</strong></span> <span class='ocrx_word' id='word_1_278' title='bbox 335 2198 474 2226; x_wconf 88' lang='lat' dir='ltr'><strong>coactus</strong></span> <span class='ocrx_word' id='word_1_279' title='bbox 497 2199 532 2226; x_wconf 85' lang='lat' dir='ltr'><strong>et</strong></span> <span class='ocrx_word' id='word_1_280' title='bbox 553 2192 586 2226; x_wconf 90' lang='lat' dir='ltr'><strong>in</strong></span> <span class='ocrx_word' id='word_1_281' title='bbox 608 2198 807 2237; x_wconf 82' lang='lat' dir='ltr'><strong>apparatum</strong></span> <span class='ocrx_word' id='word_1_282' title='bbox 831 2193 1053 2227; x_wconf 78' lang='lat' dir='ltr'><strong>demandatae</strong></span> <span class='ocrx_word' id='word_1_283' title='bbox 1075 2194 1299 2239; x_wconf 75' lang='lat' dir='ltr'><strong>expeditionis</strong></span> <span class='ocrx_word' id='word_1_284' title='bbox 1314 2194 1516 2227; x_wconf 84' lang='lat' dir='ltr'><strong>incumbere.</strong></span> <span class='ocrx_word' id='word_1_285' title='bbox 1561 2192 1605 2226; x_wconf 79' lang='lat' dir='ltr'><strong>ad</strong></span> <span class='ocrx_word' id='word_1_286' title='bbox 1621 2203 1722 2236; x_wconf 87' lang='lat' dir='ltr'><strong>quam</strong></span> 
     </span>
     <span class='ocr_line' id='line_1_31' title="bbox 260 2237 1721 2285; baseline -0.001 -11"><span class='ocrx_word' id='word_1_287' title='bbox 260 2244 300 2274; x_wconf 90' lang='lat' dir='ltr'><strong>ut</strong></span> <span class='ocrx_word' id='word_1_288' title='bbox 316 2239 399 2273; x_wconf 85' lang='lat' dir='ltr'><strong>satis</strong></span> <span class='ocrx_word' id='word_1_289' title='bbox 415 2240 599 2272; x_wconf 84' lang='lat' dir='ltr'><strong>instructus</strong></span> <span class='ocrx_word' id='word_1_290' title='bbox 615 2239 709 2271; x_wconf 84' lang='lat' dir='ltr'><strong>visus</strong></span> <span class='ocrx_word' id='word_1_291' title='bbox 726 2244 795 2280; x_wconf 85' lang='lat' dir='ltr'><strong>est,</strong></span> <span class='ocrx_word' id='word_1_292' title='bbox 826 2239 952 2273; x_wconf 82' lang='lat' dir='ltr'><strong>traiioit</strong></span> <span class='ocrx_word' id='word_1_293' title='bbox 972 2239 1006 2272; x_wconf 87' lang='lat' dir='ltr'><strong>in</strong></span> <span class='ocrx_word' id='word_1_294' title='bbox 1023 2239 1137 2273; x_wconf 80' lang='lat' dir='ltr'><strong>Asiam</strong></span> <span class='ocrx_word' id='word_1_295' title='bbox 1160 2244 1195 2272; x_wconf 89' lang='lat' dir='ltr'><strong>et</strong></span> <span class='ocrx_word' id='word_1_296' title='bbox 1211 2239 1324 2285; x_wconf 87' lang='lat' dir='ltr'><strong>copias</strong></span> <span class='ocrx_word' id='word_1_297' title='bbox 1340 2243 1529 2273; x_wconf 78' lang='lat' dir='ltr'><strong>contractas</strong></span> <span class='ocrx_word' id='word_1_298' title='bbox 1542 2237 1576 2271; x_wconf 90' lang='lat' dir='ltr'><strong>in</strong></span> <span class='ocrx_word' id='word_1_299' title='bbox 1591 2238 1721 2272; x_wconf 85' lang='lat' dir='ltr'><strong>hostem</strong></span> 
     </span>
     <span class='ocr_line' id='line_1_32' title="bbox 261 2283 1722 2330; baseline -0.002 -11"><span class='ocrx_word' id='word_1_300' title='bbox 261 2286 368 2319; x_wconf 86' lang='lat' dir='ltr'><strong>ducit.</strong></span> <span class='ocrx_word' id='word_1_301' title='bbox 415 2284 584 2330; x_wconf 85' lang='lat' dir='ltr'><strong>superatis</strong></span> <span class='ocrx_word' id='word_1_302' title='bbox 607 2289 719 2318; x_wconf 85' lang='lat' dir='ltr'><strong>autem</strong></span> <span class='ocrx_word' id='word_1_303' title='bbox 737 2284 891 2327; x_wconf 87' lang='lat' dir='ltr'><strong>Bithynis</strong></span> <span class='ocrx_word' id='word_1_304' title='bbox 918 2285 1107 2328; x_wconf 85' lang='lat' dir='ltr'><strong>montibus,</strong></span> <span class='ocrx_word' id='word_1_305' title='bbox 1140 2285 1199 2319; x_wconf 90' lang='lat' dir='ltr'><strong>ubi</strong></span> <span class='ocrx_word' id='word_1_306' title='bbox 1222 2285 1384 2329; x_wconf 83' lang='lat' dir='ltr'><strong>cognovit</strong></span> <span class='ocrx_word' id='word_1_307' title='bbox 1405 2295 1480 2318; x_wconf 87' lang='lat' dir='ltr'><strong>eum</strong></span> <span class='ocrx_word' id='word_1_308' title='bbox 1504 2283 1545 2316; x_wconf 88' lang='lat' dir='ltr'><strong>ad</strong></span> <span class='ocrx_word' id='word_1_309' title='bbox 1562 2283 1722 2327; x_wconf 85' lang='lat' dir='ltr'><strong>Sangarii</strong></span> 
     </span>
     <span class='ocr_line' id='line_1_33' title="bbox 258 2329 1730 2375; baseline -0.003 -10"><span class='ocrx_word' id='word_1_310' title='bbox 258 2333 374 2365; x_wconf 79' lang='lat' dir='ltr'><strong>fontes</strong></span> <span class='ocrx_word' id='word_1_311' title='bbox 390 2336 501 2364; x_wconf 88' lang='lat' dir='ltr'><strong>castra</strong></span> <span class='ocrx_word' id='word_1_312' title='bbox 522 2334 680 2363; x_wconf 88' lang='lat' dir='ltr'><strong>metatum</strong></span> <span class='ocrx_word' id='word_1_313' title='bbox 692 2356 702 2372; x_wconf 92' lang='lat'>‚</span> <span class='ocrx_word' id='word_1_314' title='bbox 735 2330 939 2372; x_wconf 80' lang='lat' dir='ltr'><strong>Dorylaeum</strong></span> <span class='ocrx_word' id='word_1_315' title='bbox 954 2336 1186 2374; x_wconf 84' lang='lat' dir='ltr'><strong>transgressus</strong></span> <span class='ocrx_word' id='word_1_316' title='bbox 1201 2331 1340 2364; x_wconf 85' lang='lat' dir='ltr'><strong>ulterius</strong></span> <span class='ocrx_word' id='word_1_317' title='bbox 1364 2329 1580 2375; x_wconf 82' lang='lat' dir='ltr'><strong>properabat.</strong></span> <span class='ocrx_word' id='word_1_318' title='bbox 1627 2329 1730 2363; x_wconf 81' lang='lat' dir='ltr'><strong>cuius.</strong></span> 
     </span>
     <span class='ocr_line' id='line_1_34' title="bbox 261 2374 1722 2424; baseline -0.002 -13"><span class='ocrx_word' id='word_1_319' title='bbox 261 2378 386 2411; x_wconf 76' lang='lat' dir='ltr'><strong>infesto</strong></span> <span class='ocrx_word' id='word_1_320' title='bbox 401 2377 437 2410; x_wconf 86' lang='lat' dir='ltr'><strong>in</strong></span> <span class='ocrx_word' id='word_1_321' title='bbox 451 2388 489 2409; x_wconf 87' lang='lat' dir='ltr'><strong>se</strong></span> <span class='ocrx_word' id='word_1_322' title='bbox 504 2375 652 2410; x_wconf 83' lang='lat' dir='ltr'><strong>adventu</strong></span> <span class='ocrx_word' id='word_1_323' title='bbox 668 2376 833 2409; x_wconf 83' lang='lat' dir='ltr'><strong>barbarus</strong></span> <span class='ocrx_word' id='word_1_324' title='bbox 853 2377 990 2420; x_wconf 81' lang='lat' dir='ltr'><strong>cognito</strong></span> <span class='ocrx_word' id='word_1_325' title='bbox 1000 2405 1010 2421; x_wconf 79' lang='grc'><em>,</em></span> <span class='ocrx_word' id='word_1_326' title='bbox 1035 2377 1142 2410; x_wconf 87' lang='lat' dir='ltr'><strong>movit</strong></span> <span class='ocrx_word' id='word_1_327' title='bbox 1157 2381 1192 2410; x_wconf 88' lang='lat' dir='ltr'><strong>et</strong></span> <span class='ocrx_word' id='word_1_328' title='bbox 1204 2376 1279 2424; x_wconf 85' lang='lat' dir='ltr'><strong>ipse</strong></span> <span class='ocrx_word' id='word_1_329' title='bbox 1295 2383 1414 2410; x_wconf 84' lang='lat' dir='ltr'><strong>contra</strong></span> <span class='ocrx_word' id='word_1_330' title='bbox 1428 2374 1551 2419; x_wconf 82' lang='lat' dir='ltr'><strong>copias.</strong></span> <span class='ocrx_word' id='word_1_331' title='bbox 1601 2385 1722 2408; x_wconf 85' lang='lat' dir='ltr'><strong>occur-</strong></span> 
     </span>
     <span class='ocr_line' id='line_1_35' title="bbox 261 2420 1721 2467; baseline -0.002 -10"><span class='ocrx_word' id='word_1_332' title='bbox 261 2427 343 2457; x_wconf 86' lang='lat' dir='ltr'><strong>runt</strong></span> <span class='ocrx_word' id='word_1_333' title='bbox 366 2422 466 2466; x_wconf 82' lang='lat' dir='ltr'><strong>igitur</strong></span> <span class='ocrx_word' id='word_1_334' title='bbox 490 2421 552 2455; x_wconf 86' lang='lat' dir='ltr'><strong>sibi</strong></span> <span class='ocrx_word' id='word_1_335' title='bbox 577 2421 676 2454; x_wconf 86' lang='lat' dir='ltr'><strong>ambo</strong></span> <span class='ocrx_word' id='word_1_336' title='bbox 703 2421 744 2454; x_wconf 86' lang='lat' dir='ltr'><strong>ad</strong></span> <span class='ocrx_word' id='word_1_337' title='bbox 761 2426 897 2466; x_wconf 91' lang='lat' dir='ltr'><strong>pontem</strong></span> <span class='ocrx_word' id='word_1_338' title='bbox 913 2421 1034 2467; x_wconf 89' lang='lat' dir='ltr'><strong>Zompi</strong></span> <span class='ocrx_word' id='word_1_339' title='bbox 1050 2422 1186 2456; x_wconf 89' lang='lat' dir='ltr'><strong>dictum.</strong></span> <span class='ocrx_word' id='word_1_340' title='bbox 1232 2421 1289 2455; x_wconf 89' lang='lat' dir='ltr'><strong>ubi</strong></span> <span class='ocrx_word' id='word_1_341' title='bbox 1305 2421 1436 2455; x_wconf 84' lang='lat' dir='ltr'><strong>munitis</strong></span> <span class='ocrx_word' id='word_1_342' title='bbox 1451 2431 1511 2465; x_wconf 86' lang='lat' dir='ltr'><strong>pro</strong></span> <span class='ocrx_word' id='word_1_343' title='bbox 1527 2430 1565 2453; x_wconf 81' lang='lat' dir='ltr'><strong>se</strong></span> <span class='ocrx_word' id='word_1_344' title='bbox 1579 2420 1721 2465; x_wconf 81' lang='lat' dir='ltr'><strong>quisque</strong></span> 
     </span>
     <span class='ocr_line' id='line_1_36' title="bbox 261 2465 1721 2512; baseline -0.001 -11"><span class='ocrx_word' id='word_1_345' title='bbox 261 2468 381 2502; x_wconf 85' lang='lat' dir='ltr'><strong>castris</strong></span> <span class='ocrx_word' id='word_1_346' title='bbox 404 2468 445 2501; x_wconf 89' lang='lat' dir='ltr'><strong>ad</strong></span> <span class='ocrx_word' id='word_1_347' title='bbox 472 2467 635 2512; x_wconf 89' lang='lat' dir='ltr'><strong>praelium</strong></span> <span class='ocrx_word' id='word_1_348' title='bbox 654 2466 929 2510; x_wconf 78' lang='lat' dir='ltr'><strong>accingebantur.</strong></span> <span class='ocrx_word' id='word_1_349' title='bbox 976 2467 1142 2512; x_wconf 81' lang='lat' dir='ltr'><strong>postridie</strong></span> <span class='ocrx_word' id='word_1_350' title='bbox 1171 2467 1277 2512; x_wconf 88' lang='lat' dir='ltr'><strong>primo</strong></span> <span class='ocrx_word' id='word_1_351' title='bbox 1306 2478 1403 2501; x_wconf 80' lang='lat' dir='ltr'><strong>mane</strong></span> <span class='ocrx_word' id='word_1_352' title='bbox 1429 2465 1544 2510; x_wconf 84' lang='lat' dir='ltr'><strong>copias</strong></span> <span class='ocrx_word' id='word_1_353' title='bbox 1571 2465 1721 2500; x_wconf 81' lang='lat' dir='ltr'><strong>educunt</strong></span> 
     </span>
     <span class='ocr_line' id='line_1_37' title="bbox 259 2511 1723 2557; baseline 0 -11"><span class='ocrx_word' id='word_1_354' title='bbox 259 2514 484 2557; x_wconf 82' lang='lat' dir='ltr'><strong>ordinantque</strong></span> <span class='ocrx_word' id='word_1_355' title='bbox 507 2513 612 2546; x_wconf 88' lang='lat' dir='ltr'><strong>aciem</strong></span> <span class='ocrx_word' id='word_1_356' title='bbox 628 2513 716 2546; x_wconf 89' lang='lat' dir='ltr'><strong>hunc</strong></span> <span class='ocrx_word' id='word_1_357' title='bbox 732 2512 874 2547; x_wconf 87' lang='lat' dir='ltr'><strong>maxime</strong></span> <span class='ocrx_word' id='word_1_358' title='bbox 888 2513 925 2547; x_wconf 81' lang='lat' dir='ltr'><strong>in</strong></span> <span class='ocrx_word' id='word_1_359' title='bbox 939 2513 1081 2547; x_wconf 89' lang='lat' dir='ltr'><strong>modum.</strong></span> <span class='ocrx_word' id='word_1_360' title='bbox 1130 2514 1259 2547; x_wconf 86' lang='lat' dir='ltr'><strong>Caesar</strong></span> <span class='ocrx_word' id='word_1_361' title='bbox 1272 2512 1404 2557; x_wconf 86' lang='lat' dir='ltr'><strong>quidem</strong></span> <span class='ocrx_word' id='word_1_362' title='bbox 1416 2511 1556 2545; x_wconf 83' lang='lat' dir='ltr'><strong>mediam</strong></span> <span class='ocrx_word' id='word_1_363' title='bbox 1574 2511 1723 2546; x_wconf 72' lang='lat' dir='ltr'><strong>obtinuit</strong></span> 
     </span>
     <span class='ocr_line' id='line_1_38' title="bbox 259 2556 1720 2603; baseline -0.001 -11"><span class='ocrx_word' id='word_1_364' title='bbox 259 2559 366 2593; x_wconf 80' lang='lat' dir='ltr'><strong>aciem</strong></span> <span class='ocrx_word' id='word_1_365' title='bbox 385 2560 568 2593; x_wconf 82' lang='lat' dir='ltr'><strong>Romanam</strong></span> <span class='ocrx_word' id='word_1_366' title='bbox 584 2559 711 2592; x_wconf 85' lang='lat' dir='ltr'><strong>habens</strong></span> <span class='ocrx_word' id='word_1_367' title='bbox 726 2570 839 2592; x_wconf 84' lang='lat' dir='ltr'><strong>secum</strong></span> <span class='ocrx_word' id='word_1_368' title='bbox 856 2564 1004 2593; x_wconf 81' lang='lat' dir='ltr'><strong>cetratos</strong></span> <span class='ocrx_word' id='word_1_369' title='bbox 1020 2563 1055 2592; x_wconf 90' lang='lat' dir='ltr'><strong>et</strong></span> <span class='ocrx_word' id='word_1_370' title='bbox 1069 2559 1277 2603; x_wconf 82' lang='lat' dir='ltr'><strong>securigeros</strong></span> <span class='ocrx_word' id='word_1_371' title='bbox 1293 2558 1454 2592; x_wconf 84' lang='lat' dir='ltr'><strong>barbaros</strong></span> <span class='ocrx_word' id='word_1_372' title='bbox 1465 2583 1475 2599; x_wconf 79' lang='grc'><em>,</em></span> <span class='ocrx_word' id='word_1_373' title='bbox 1506 2556 1627 2601; x_wconf 87' lang='lat' dir='ltr'><strong>quibus</strong></span> <span class='ocrx_word' id='word_1_374' title='bbox 1655 2569 1720 2602; x_wconf 88' lang='lat' dir='ltr'><strong>pa-</strong></span> 
     </span>
     <span class='ocr_line' id='line_1_39' title="bbox 261 2602 1719 2640; baseline -0.001 -1"><span class='ocrx_word' id='word_1_375' title='bbox 261 2604 332 2640; x_wconf 85' lang='lat' dir='ltr'><strong>latii</strong></span> <span class='ocrx_word' id='word_1_376' title='bbox 347 2604 412 2638; x_wconf 89' lang='lat' dir='ltr'><strong>iam</strong></span> <span class='ocrx_word' id='word_1_377' title='bbox 428 2604 505 2637; x_wconf 85' lang='lat' dir='ltr'><strong>olim</strong></span> <span class='ocrx_word' id='word_1_378' title='bbox 519 2604 647 2637; x_wconf 85' lang='lat' dir='ltr'><strong>credita</strong></span> <span class='ocrx_word' id='word_1_379' title='bbox 663 2604 817 2638; x_wconf 79' lang='lat' dir='ltr'><strong>custodia</strong></span> <span class='ocrx_word' id='word_1_380' title='bbox 833 2609 896 2639; x_wconf 84' lang='lat' dir='ltr'><strong>est.</strong></span> <span class='ocrx_word' id='word_1_381' title='bbox 947 2605 1101 2639; x_wconf 87' lang='lat' dir='ltr'><strong>dextrum</strong></span> <span class='ocrx_word' id='word_1_382' title='bbox 1124 2615 1229 2639; x_wconf 81' lang='lat' dir='ltr'><strong>cornu</strong></span> <span class='ocrx_word' id='word_1_383' title='bbox 1252 2603 1294 2637; x_wconf 73' lang='lat' dir='ltr'><strong>sti</strong></span> <span class='ocrx_word' id='word_1_384' title='bbox 1320 2602 1472 2636; x_wconf 86' lang='lat' dir='ltr'><strong>endiariis</strong></span> <span class='ocrx_word' id='word_1_385' title='bbox 1489 2602 1599 2636; x_wconf 87' lang='lat' dir='ltr'><strong>Gallis</strong></span> <span class='ocrx_word' id='word_1_386' title='bbox 1626 2613 1719 2637; x_wconf 86' lang='lat' dir='ltr'><strong>com-</strong></span> 
     </span>
     <span class='ocr_line' id='line_1_40' title="bbox 262 2648 1719 2695; baseline -0.001 -11"><span class='ocrx_word' id='word_1_387' title='bbox 262 2650 395 2684; x_wconf 86' lang='lat' dir='ltr'><strong>missum</strong></span> <span class='ocrx_word' id='word_1_388' title='bbox 413 2654 488 2682; x_wconf 82' lang='lat' dir='ltr'><strong>erat</strong></span> <span class='ocrx_word' id='word_1_389' title='bbox 500 2674 510 2690; x_wconf 89' lang='lat'>‚</span> <span class='ocrx_word' id='word_1_390' title='bbox 541 2649 663 2693; x_wconf 87' lang='lat' dir='ltr'><strong>quibus</strong></span> <span class='ocrx_word' id='word_1_391' title='bbox 684 2654 843 2694; x_wconf 82' lang='lat' dir='ltr'><strong>praeerat</strong></span> <span class='ocrx_word' id='word_1_392' title='bbox 858 2651 980 2684; x_wconf 84' lang='lat' dir='ltr'><strong>Gallus</strong></span> <span class='ocrx_word' id='word_1_393' title='bbox 1005 2651 1135 2695; x_wconf 89' lang='lat' dir='ltr'><strong>quidam</strong></span> <span class='ocrx_word' id='word_1_394' title='bbox 1151 2649 1282 2684; x_wconf 88' lang='lat' dir='ltr'><strong>nomine</strong></span> <span class='ocrx_word' id='word_1_395' title='bbox 1327 2658 1402 2694; x_wconf 86' lang='lat' dir='ltr'><strong>apa.</strong></span> <span class='ocrx_word' id='word_1_396' title='bbox 1448 2648 1584 2681; x_wconf 84' lang='lat' dir='ltr'><strong>sinistro</strong></span> <span class='ocrx_word' id='word_1_397' title='bbox 1601 2648 1719 2682; x_wconf 81' lang='lat' dir='ltr'><strong>cornui</strong></span> 
     </span>
     <span class='ocr_line' id='line_1_41' title="bbox 258 2693 1720 2740; baseline -0.001 -10"><span class='ocrx_word' id='word_1_398' title='bbox 258 2694 461 2730; x_wconf 78' lang='lat' dir='ltr'><strong>domesticus</strong></span> <span class='ocrx_word' id='word_1_399' title='bbox 476 2694 664 2727; x_wconf 87' lang='lat' dir='ltr'><strong>scholarum</strong></span> <span class='ocrx_word' id='word_1_400' title='bbox 679 2696 891 2739; x_wconf 86' lang='lat' dir='ltr'><strong>praesidebat</strong></span> <span class='ocrx_word' id='word_1_401' title='bbox 905 2696 1127 2730; x_wconf 82' lang='lat' dir='ltr'><strong>Andronicus.</strong></span> <span class='ocrx_word' id='word_1_402' title='bbox 1174 2694 1334 2740; x_wconf 78' lang='lat' dir='ltr'><strong>postremi</strong></span> <span class='ocrx_word' id='word_1_403' title='bbox 1350 2693 1488 2737; x_wconf 84' lang='lat' dir='ltr'><strong>agminis</strong></span> <span class='ocrx_word' id='word_1_404' title='bbox 1503 2695 1720 2738; x_wconf 75' lang='lat' dir='ltr'><strong>praefectura</strong></span> 
     </span>
     <span class='ocr_line' id='line_1_42' title="bbox 256 2739 1720 2786; baseline -0.001 -11"><span class='ocrx_word' id='word_1_405' title='bbox 256 2741 451 2785; x_wconf 87' lang='lat' dir='ltr'><strong>Nicephoro</strong></span> <span class='ocrx_word' id='word_1_406' title='bbox 468 2740 668 2773; x_wconf 85' lang='lat' dir='ltr'><strong>Botaniatae</strong></span> <span class='ocrx_word' id='word_1_407' title='bbox 691 2740 722 2773; x_wconf 82' lang='lat' dir='ltr'><strong>ei</strong></span> <span class='ocrx_word' id='word_1_408' title='bbox 743 2741 801 2784; x_wconf 88' lang='lat' dir='ltr'><strong>qui</strong></span> <span class='ocrx_word' id='word_1_409' title='bbox 827 2746 948 2786; x_wconf 86' lang='lat' dir='ltr'><strong>postea</strong></span> <span class='ocrx_word' id='word_1_410' title='bbox 972 2741 1150 2786; x_wconf 82' lang='lat' dir='ltr'><strong>imperavit</strong></span> <span class='ocrx_word' id='word_1_411' title='bbox 1172 2739 1371 2774; x_wconf 80' lang='lat' dir='ltr'><strong>demandata</strong></span> <span class='ocrx_word' id='word_1_412' title='bbox 1387 2744 1440 2773; x_wconf 85' lang='lat' dir='ltr'><strong>est</strong></span> <span class='ocrx_word' id='word_1_413' title='bbox 1454 2740 1591 2773; x_wconf 86' lang='lat' dir='ltr'><strong>habenti</strong></span> <span class='ocrx_word' id='word_1_414' title='bbox 1606 2750 1720 2774; x_wconf 78' lang='lat' dir='ltr'><strong>secum</strong></span> 
     </span>
     <span class='ocr_line' id='line_1_43' title="bbox 260 2785 1747 2831; baseline -0.001 -10"><span class='ocrx_word' id='word_1_415' title='bbox 260 2787 436 2830; x_wconf 84' lang='lat' dir='ltr'><strong>Phrygum</strong></span> <span class='ocrx_word' id='word_1_416' title='bbox 452 2790 489 2820; x_wconf 86' lang='lat' dir='ltr'><strong>et</strong></span> <span class='ocrx_word' id='word_1_417' title='bbox 502 2786 698 2830; x_wconf 83' lang='lat' dir='ltr'><strong>Lycaonum</strong></span> <span class='ocrx_word' id='word_1_418' title='bbox 715 2786 915 2830; x_wconf 81' lang='lat' dir='ltr'><strong>phalangem</strong></span> <span class='ocrx_word' id='word_1_419' title='bbox 931 2790 968 2820; x_wconf 85' lang='lat' dir='ltr'><strong>et</strong></span> <span class='ocrx_word' id='word_1_420' title='bbox 982 2793 1164 2831; x_wconf 88' lang='lat' dir='ltr'><strong>praeterea</strong></span> <span class='ocrx_word' id='word_1_421' title='bbox 1171 2785 1379 2819; x_wconf 81' lang='lat' dir='ltr'><strong>Asianorum.</strong></span> <span class='ocrx_word' id='word_1_422' title='bbox 1397 2790 1434 2819; x_wconf 90' lang='lat' dir='ltr'><strong>at</strong></span> <span class='ocrx_word' id='word_1_423' title='bbox 1444 2785 1591 2819; x_wconf 88' lang='lat' dir='ltr'><strong>Urselius</strong></span> <span class='ocrx_word' id='word_1_424' title='bbox 1601 2785 1720 2819; x_wconf 79' lang='lat' dir='ltr'><strong>videns</strong></span> <span class='ocrx_word' id='word_1_425' title='bbox 1744 2798 1747 2801; x_wconf 93' lang='lat'>·</span> 
     </span>
     <span class='ocr_line' id='line_1_44' title="bbox 261 2830 1719 2878; baseline -0.001 -11"><span class='ocrx_word' id='word_1_426' title='bbox 261 2832 312 2867; x_wconf 82' lang='lat' dir='ltr'><strong>sic</strong></span> <span class='ocrx_word' id='word_1_427' title='bbox 325 2832 522 2867; x_wconf 79' lang='lat' dir='ltr'><strong>instructam</strong></span> <span class='ocrx_word' id='word_1_428' title='bbox 535 2831 640 2866; x_wconf 86' lang='lat' dir='ltr'><strong>aciem</strong></span> <span class='ocrx_word' id='word_1_429' title='bbox 655 2831 842 2867; x_wconf 82' lang='lat' dir='ltr'><strong>Romanam</strong></span> <span class='ocrx_word' id='word_1_430' title='bbox 858 2832 1013 2868; x_wconf 81' lang='lat' dir='ltr'><strong>bifariam</strong></span> <span class='ocrx_word' id='word_1_431' title='bbox 1027 2837 1063 2867; x_wconf 82' lang='lat' dir='ltr'><strong>et</strong></span> <span class='ocrx_word' id='word_1_432' title='bbox 1077 2832 1153 2878; x_wconf 80' lang='lat' dir='ltr'><strong>ipse</strong></span> <span class='ocrx_word' id='word_1_433' title='bbox 1167 2831 1284 2866; x_wconf 72' lang='lat' dir='ltr'><strong>divisit</strong></span> <span class='ocrx_word' id='word_1_434' title='bbox 1298 2831 1500 2874; x_wconf 85' lang='lat' dir='ltr'><strong>exercitum,</strong></span> <span class='ocrx_word' id='word_1_435' title='bbox 1528 2836 1566 2865; x_wconf 87' lang='lat' dir='ltr'><strong>et</strong></span> <span class='ocrx_word' id='word_1_436' title='bbox 1579 2830 1719 2876; x_wconf 83' lang='lat' dir='ltr'><strong>pbalan-</strong></span> 
     </span>
    </p>
   </div>
  </div>
 </body>
</html>
