1878 3262
612 201 1010 247 HISTORIARUM
1042 203 1093 246 L.
1120 203 1180 246 V.
1537 201 1636 250 241

169 315 353 374 ἇλομένῳ
368 314 483 372 (οὗὸὲ
499 315 579 373 γὰρ
599 313 813 374 συνεχώρει
830 315 877 359 τὸ
894 318 1115 373 τεναγῶδες
1133 320 1187 375 τῇ
1195 315 1331 376 χέρσῳ
1352 319 1546 363 διοκεῖλαι
1563 318 1637 375 τὴν

169 383 298 439 ναῦν)
331 383 510 442 θάτερον
537 384 864 443 παρασφήλαντα
889 392 975 428 τοῒν
1001 388 1142 428 ποδοῖν
1163 386 1348 444 πονήρως
1368 387 1481 446 αὐτῷ
1501 389 1636 432 ‹icave-
1663 410 1667 414 ·

169 457 312 508 θῆναι.
379 451 400 496 ὃ
430 454 474 496 δὲ
505 454 599 497 οὐδὲ
631 453 687 504 ὥς
711 459 784 509 τῆς
813 452 918 509 ἄγαν
942 453 1066 508 ἤθελε
1085 453 1219 510 λήγειν
1236 458 1496 513 προθυμίας,
1528 455 1636 508 ἀλλά

167 539 260 565 τινα
277 525 352 564 τοῦ
365 527 553 576 ποταμοῦ
569 522 647 580 γὰρ
668 517 740 565 οὖν
754 520 1003 578 ἐπειγόμενος
1020 522 1217 580 ἐκτροπήν
1227 556 1241 576 ,
1276 524 1318 566 ἐν
1336 522 1467 583 τούτῳ
1484 541 1526 567 τε
1543 527 1634 581 διη-

133 600 158 636 5
169 588 370 647 μερεύσας
398 595 458 649 τῷ
485 590 595 648 πόνῳ
618 594 676 641 εἷς
701 589 818 647 ὄγκον
839 592 960 647 ἐπῆρε
981 590 1027 633 τὸ
1045 591 1267 647 πεπονηκὸς
1285 592 1397 651 αὐτῷ
1418 597 1494 636 τοῦ
1509 594 1636 644 ποδὸς

163 659 300 717 μέρος.
368 664 450 702 τῶν
470 661 514 702 δὲ
529 660 603 714 τὴν
618 658 807 715 Ζεύγμην
824 657 1110 717 φρουρούντων
1127 660 1353 717 βαρβάρων
1374 659 1429 712 ὡς
1451 666 1628 705 πλεῖστοι
1648 667 1683 703 D

163 729 325 782 τειχέων
341 727 606 785 ἐκδραμόντες
625 726 681 778 ὧς
697 727 995 782 ἀντιταξόμενοι
1017 728 1203 783 ἔστησαν.
1273 729 1367 771 ἀλλ’
1392 729 1478 785 ἅμα
1493 748 1535 774 τε
1549 736 1632 785 βα-

163 797 279 840 σιλέα
299 795 404 839 εἶδον
421 799 489 838 καὶ
509 796 632 847 ἄλλος
651 796 773 840 ἄλλον
795 796 1049 855 προφθάνειν
1078 795 1321 853 ἐπειγόμενοι
1344 804 1540 858 ταραγμῷ
1563 803 1632 842 καὶ

162 864 334 923 θορύβῳ
354 866 395 915 ἐς
410 865 483 920 τὴν
503 864 618 907 πόλιν
637 867 860 908 εἰσέπιπτον
878 867 1068 916 ἐπεξιέναι
1089 883 1131 909 τε
1153 867 1283 908 οὐκέτι
1300 865 1493 921 ἐτόλμων.
1562 871 1632 911 καὶ

110 941 156 976 10
165 933 305 975 λοιπὸν
325 931 517 988 Ῥωμαῖοι
542 934 594 976 τὰ
623 934 725 992 πρὸς
748 937 1008 989 τειχομαχίαν
1023 933 1274 992 ἐξηρτύοντο.
1341 937 1455 993 τρίτῃ
1474 936 1518 978 δὲ
1535 937 1628 990 μετ’

163 1003 314 1057 ἐκείνην
338 1000 471 1062 ἡμέρα
498 1004 566 1044 καὶ
591 1002 708 1060 ἔργου
734 1003 902 1058 εἴχοντο.
971 1004 1009 1046 οἳ
1040 1005 1083 1046 δὲ
1109 1002 1315 1061 βάρβαροι
1339 1005 1382 1046 ἐκ
1403 1009 1484 1047 τῶν
1504 1003 1631 1047 ἐπάλ-

161 1073 261 1121 ξεων
278 1069 518 1125 ἀμυνόμενοι
538 1076 773 1129 κεκραγμῶν
795 1090 914 1114 τινων
934 1074 1001 1114 καὶ
1021 1070 1190 1127 ἀσήμων
1206 1073 1421 1129 ἆλαλαγῶν
1438 1073 1508 1115 τὸν
1529 1074 1630 1131 ἀέρα

161 1137 362 1196 ἐπλήρουν
389 1138 560 1193 ἔβαλλόν
581 1158 622 1182 τε
649 1142 822 1195 ὁιηνεκές
839 1143 906 1183 καὶ
928 1140 1161 1195 ἐβάλλοντο.
1230 1141 1324 1183 ἀλλ’
1346 1143 1408 1183 ἐπὶ
1434 1141 1631 1194 τοιούτοις

157 1208 234 1262 μὲν
252 1206 279 1262 ἦ
298 1208 443 1250 αὐτίκα
460 1210 527 1250 καὶ
547 1206 574 1264 ἦ
590 1210 683 1263 μετ’
705 1211 854 1264 ἐκείνην
870 1209 1068 1265 ἧνάλωτο,
1094 1212 1162 1252 καὶ
1181 1210 1297 1252 οὐδὲν
1313 1210 1404 1253 οἷ”τε
1416 1209 1631 1265 Ῥωμαίοις

103 1282 148 1320 15
160 1275 250 1318 οὕτε
283 1275 452 1327 Οὕννοις
479 1276 718 1335 προύχώρει.
786 1278 863 1334 ἐγὼ
893 1280 936 1321 δὲ
965 1281 1032 1320 καὶ
1062 1278 1166 1320 ἄλλα
1194 1280 1268 1333 μὲν
1295 1284 1376 1321 τῶν
1400 1282 1456 1330 εἷς
1477 1281 1627 1336 ἐκείνην
1650 1289 1680 1325 P
1705 1290 1773 1327 140

156 1346 443 1399 τετελεσμένων
462 1345 688 1400 θαυμάζειν
708 1346 786 1401 ἴχω
806 1347 879 1401 τὴν
896 1348 1152 1404 πολιορκίαν,
1183 1346 1257 1403 τήν
1283 1364 1326 1403 γε
1354 1348 1436 1402 μὴν
1454 1354 1528 1390 τοῦ
1545 1354 1628 1403 βα-

156 1415 300 1463 σιλέως
322 1413 498 1468 τόλμαν,
534 1417 568 1457 εἷ
594 1415 652 1470 μὴ
689 1416 831 1473 παρὼν
862 1414 1078 1472 ἐτύγχανον
1108 1418 1203 1472 τῇδε
1234 1420 1315 1458 τῶν
1342 1418 1628 1473 πραττομένων

156 1481 361 1537 αὐτόπτης
375 1482 603 1539 γινόμενος,
629 1488 757 1541 σχολῇ
779 1483 829 1526 ἂν
851 1485 1147 1542 ἀφηγουμένοις
1164 1486 1390 1527 ἐπίστευσα.
1434 1483 1629 1540 Ῥωμαῖοι

155 1550 234 1607 γὰρ
266 1550 424 1601 ξύλινον
450 1551 730 1607 τεκτηνάμενοι
761 1551 913 1609 πύργον
942 1554 1173 1607 ἀναβαίνειν
1203 1554 1267 1595 ἐπὶ
1294 1553 1368 1608 τὴν
1396 1552 1512 1595 πόλιν
1543 1557 1627 1597 ὁιε-
1679 1571 1682 1574 ·

99 1624 319 1662 ΞΟνοοῦντο
331 1652 346 1672 ,
382 1618 437 1670 ὡς
464 1620 543 1663 ἀπὸ
560 1621 698 1678 χειρὸς
718 1629 802 1672 τοῖς
820 1623 883 1663 ἐπὶ
904 1626 984 1664 τῶν
1004 1621 1205 1672 ἐπάλξεων
1232 1621 1626 1678 ἀντικαταστησόμε-

153 1705 215 1731 νοι
234 1687 476 1745 βαρβάροις.
546 1688 567 1731 ὃ
590 1692 632 1732 δὲ
650 1695 809 1747 πρῶτος
827 1695 908 1732 τῶν
935 1690 1070 1733 ἄλλων
1099 1691 1329 1745 ἀναβαίνειν
1351 1691 1464 1746 ἠξίου
1493 1690 1626 1734 “Taif-

153 1773 228 1811 την
249 1757 294 1798 δέ
310 1757 412 1810 μοι”
449 1758 574 1813 λέγων
601 1757 976 1816 αἄνδρεςῬωμαῖοι
986 1792 998 1811 ,
1025 1761 1146 1814 μείζω
1168 1764 1250 1801 τιῦν
1265 1759 1400 1802 ἄλλων
1412 1765 1627 1817 χαριεῖσθε

152 1824 228 1880 τὴν
255 1823 412 1867 ,ni-‘voum
424 1857 438 1877 ,
469 1826 512 1868 εἶ’
531 1843 573 1882 γε
602 1827 872 1882 ἀναβαίνοντα
894 1826 1064 1871 κωλύετε
1084 1828 1255 1883 μηδ’έν.”
1327 1828 1375 1869 οὗ
1397 1829 1532 1881 μέντοι
1555 1831 1625 1871 καὶ

248 1912 280 1947 1.
303 1907 491 1956 ἁλομένῳ]
517 1911 606 1947 cod.
627 1908 829 1958 ἁλλομένῳ.

151 1978 268 2021 limus,
298 1989 365 2023 quo
383 1978 488 2012 minus
503 1979 641 2024 propius
657 1979 699 2012 ad
715 1979 811 2013 littus
826 1982 946 2025 posset
959 1980 1056 2014 navis
1072 1979 1259 2024 applicari)
1291 1990 1353 2025 pes
1377 1981 1466 2015 alter
1479 1981 1622 2025 gravius

151 2024 352 2061 offenderit.
383 2030 485 2069 atque
499 2025 579 2058 inde
594 2025 678 2059 male
693 2026 845 2059 haberet.
891 2037 1001 2070 neque
1023 2031 1136 2059 tamen
1154 2026 1231 2059 ideo
1255 2037 1277 2060 a
1302 2026 1410 2070 priori
1422 2028 1549 2062 remisit
1564 2039 1623 2062 ar-

152 2070 257 2104 dore:
289 2070 351 2104 sed
373 2070 450 2104 dum
474 2070 618 2104 fluminis
640 2082 772 2105 cursum
796 2071 967 2105 divertere
988 2077 1153 2115 conatur,
1181 2076 1324 2116 totoque
1348 2072 1403 2107 die
1424 2073 1503 2107 huic
1525 2074 1624 2119 operi

149 2116 310 2159 interest,
342 2121 531 2151 tumescere
555 2128 632 2162 pars
655 2117 750 2151 laesa
772 2117 868 2162 pedis
895 2117 1018 2162 coepit.
1062 2117 1198 2162 plurimi
1219 2128 1302 2151 vero
1325 2130 1368 2151 ex
1391 2119 1549 2154 barbaris
1564 2120 1622 2165 qui

152 2162 327 2206 Zeugmen
344 2163 524 2196 tuebantur
539 2168 636 2196 extra
651 2162 783 2197 moenia
803 2168 1041 2208 procurrentes
1057 2174 1229 2209 opponere
1251 2174 1290 2197 se
1306 2163 1468 2199 Romanis
1486 2173 1623 2211 parant.

151 2219 270 2242 verum
286 2208 383 2242 simul
398 2215 502 2253 atque
514 2209 751 2254 imperatorem
765 2209 900 2250 vident,
927 2209 1004 2242 dum
1020 2220 1097 2243 sese
1110 2209 1255 2243 invicem
1270 2216 1492 2254 praevertere
1506 2212 1621 2246 nitun-

151 2258 232 2295 tur,
259 2253 388 2299 ingenti
411 2255 555 2288 tumultu
579 2260 615 2288 et
636 2255 865 2300 trepidatione
885 2255 919 2288 in
944 2255 1061 2289 urbem
1078 2254 1234 2296 irruunt,
1263 2266 1328 2289 nec
1343 2268 1385 2290 ea
1399 2257 1542 2302 amplius
1556 2269 1620 2292 au-

150 2299 235 2334 dent
249 2300 376 2344 egredi.
424 2300 569 2335 Romani
584 2306 662 2347 post
677 2302 761 2335 haec
771 2329 781 2346 ‚
798 2301 950 2335 omnibus
965 2312 1054 2345 quae
1069 2301 1114 2334 ad
1129 2302 1414 2346 oppugnationem
1428 2305 1623 2338 necessaria

151 2349 249 2380 erant
263 2347 436 2392 apparatis
446 2371 458 2388 ,
488 2347 587 2381 tertio
604 2351 683 2392 post
697 2347 753 2381 die
768 2358 838 2380 rem
855 2346 1106 2391 aggrediuntur.
1152 2347 1291 2381 barbari
1305 2352 1418 2383 autem
1434 2361 1455 2383 e
1468 2351 1622 2384 turribus

151 2396 427 2438 propugnantes,
460 2393 728 2438 clamoribusque
743 2398 779 2427 et
792 2393 1089 2428 vociferationibus
1102 2393 1279 2438 implentes
1291 2397 1424 2436 aerem,
1448 2395 1520 2429 tela
1534 2407 1620 2429 con-

150 2437 246 2471 tinuo
260 2438 429 2472 iaciebant
441 2439 588 2484 telisque
602 2439 748 2473 vicissim
764 2439 1022 2484 impetebantur.
1060 2444 1164 2484 atque
1178 2439 1213 2472 in
1228 2450 1269 2472 eo
1285 2440 1477 2474 certaminis
1491 2453 1620 2484 genere

152 2482 226 2516 dies
242 2483 308 2517 iste
323 2488 360 2518 et
373 2495 517 2529 sequens
533 2490 749 2530 consumptus
767 2491 838 2525 est,
863 2485 1023 2519 Romanis
1038 2485 1179 2530 perinde
1194 2496 1235 2518 ac
1249 2485 1424 2529 Hungaris
1438 2486 1519 2520 nihil
1534 2498 1618 2532 pro-

150 2527 354 2563 ficientibus.
393 2535 465 2564 tum
482 2536 518 2565 et
533 2532 598 2565 alia
613 2531 770 2565 demirari
786 2531 878 2565 subit
889 2531 924 2565 in
940 2543 982 2565 ea
997 2531 1172 2565 obsidione
1186 2531 1298 2574 facta,
1319 2532 1517 2575 praesertim
1532 2545 1616 2568 vero

151 2573 365 2619 imperatoris
380 2576 569 2611 audaciam:
600 2589 700 2622 quam
711 2601 719 2615 ,
746 2577 808 2611 nisi
823 2582 904 2610 tunc
918 2577 1082 2621 temporis
1098 2576 1278 2610 adfuissem
1292 2587 1471 2621 praesens,
1503 2582 1539 2612 et
1553 2591 1616 2613 eo-

151 2630 227 2653 rum
241 2631 328 2664 quae
341 2622 395 2656 hic
409 2628 509 2667 gesta
523 2628 603 2657 sunt
618 2623 719 2657 testis
732 2623 807 2668 ipse
821 2623 1036 2667 exstitissem,
1055 2622 1128 2656 aliis
1142 2622 1354 2656 narrantibus
1367 2622 1425 2657 vix
1441 2635 1482 2658 ac
1496 2635 1539 2658 ne
1558 2625 1618 2660 vix

151 2664 287 2710 quidem
300 2668 482 2702 crederem.
507 2669 648 2703 Romani
664 2668 747 2703 enim
762 2669 875 2714 lignea
890 2674 1062 2702 exstructa
1075 2668 1160 2702 turri
1173 2669 1434 2703 transscendere
1447 2669 1483 2703 in
1498 2671 1617 2705 urbem

153 2716 191 2744 et
205 2711 383 2747 comminus
397 2726 471 2748 cum
488 2715 640 2750 barbaris
654 2715 786 2749 moenia
810 2715 1065 2749 defensantibus
1087 2725 1205 2748 manus
1219 2725 1400 2749 conserere
1413 2720 1617 2751 statuerunt.

151 2756 887 2842 {Qssrffissffizmgigffissffjffig
901 2760 1615 2841 {3332‘Li-“usseffinoessffl'ajffiiss

696 2820 715 2841 e

153 2859 222 2883 non
244 2830 518 2892 prohibueritis?
561 2864 672 2900 neque
686 2858 798 2890 tamen
813 2853 904 2900 quod
918 2853 1028 2890 animo
1041 2817 1199 2889 vulgarat
1211 2834 1373 2899 perfecit,
1397 2854 1477 2899 quia
1491 2853 1613 2887 ducum

208 2901 406 2937 Cinnamus.
1287 2904 1339 2943 16
