1878 3262
631 179 1027 226 HISTORIARUM
1060 183 1108 226 L.
1139 183 1197 226 ΙΙ.
1590 184 1656 232 49

187 291 316 343 οὕτως
335 292 429 350 ἄχρι
445 295 513 336 καὶ
532 295 590 345 εἷς
604 295 779 348 βασιλέα
803 293 973 347 τούτους
990 295 1342 354 παρελκυσᾶμενος
1353 310 1365 323 ·
1397 297 1446 341 οὔ
1461 298 1545 354 μὴν
1561 300 1654 343 οὐδε

185 361 243 412 ὥς
273 365 349 404 τοῦ
375 361 482 405 κατὰ
512 363 664 406 σκοπὸν
678 393 684 398 ·
697 364 890 417 βασιλεὺς
917 364 1066 419 ἔτυχεν.
1132 366 1269 422 ἐπειδὴ
1291 366 1370 424 γὰρ
1391 367 1516 410 αὐτὸν
1534 366 1639 411 εἶδον

183 434 340 472 θᾶττον
361 429 390 485 ἢ
417 429 535 487 λόγος
559 431 871 486 ἓξιππασάμενοι
898 431 1074 491 ᾤχοντο·
1112 432 1168 484 ὥς
1185 436 1230 477 δὲ
1243 434 1487 490 πεντήκοντα
1505 435 1652 494 ἑτέροις

182 497 353 541 κατόπιν
385 499 521 542 αὐτῶν
557 503 663 544 ἰοῦσι
696 505 924 556 συνῆλθον,
962 505 1023 559 τῷ
1051 500 1200 556 πλήθει
1219 503 1504 561 θαρσήσαντες
1522 507 1652 562 ἐλογί-

149 577 171 613 5
185 569 296 619 ζοντο
324 566 403 623 ἤδη
430 566 486 619 ὥς
510 568 672 612 ἐπιόντα
693 574 837 612 τοῦτον
858 567 1190 624 ὑποστησόμενοι.
1259 570 1281 614 ὃ
1308 574 1352 615 δὲ
1370 575 1500 616 καίτοι
1518 575 1650 617 πολλὰ
1674 577 1705 611 C

180 640 262 679 τῶν
288 636 398 694 ἀμφ’
414 637 544 681 ,αὐτὸν
570 638 644 680 οὐκ
661 636 930 681 ἐπαινούντων
944 638 991 681 τὸ
1009 639 1226 695 ἐγχείρημα
1255 641 1424 699 (πολλῷ
1445 642 1522 700 γὰρ
1547 642 1651 700 ἔφα-

181 721 279 747 σκον
306 704 384 760 ἤδη
417 705 573 748 ἄποθεν
599 711 673 749 τοῦ
699 705 1002 764 στρατεύματος
1030 707 1179 757 αὐτοὺς
1204 709 1504 764 γεγενῆσθαι),
1544 710 1654 762 ὅλοις

178 771 290 827 ὅμως
315 773 506 831 ῥυτῆρσιν
533 776 694 818 ἐδίωκεν
713 776 859 818 οὐδένα
876 775 1019 833 καιρὸν
1039 776 1173 826 ἀνιείς.
1225 777 1344 834 μέχρι
1362 778 1437 831 μὲν
1454 773 1526 820 οὖν
1543 797 1651 830 τινος

179 847 397 900 συμπαρῆν
427 843 540 902 αὖτῷ
569 846 636 886 καὶ
667 842 689 886 ὃ
719 843 1057 902 σεβαστοκράτωρ
1085 847 1152 887 καὶ
1172 844 1437 898 συνιππάζετο
1451 860 1463 871 ·
1500 847 1583 890 ἐπεὶ
1605 849 1650 890 δὲ

126 915 252 953 1οτοῦ
266 912 394 953 ἵππου
413 911 492 967 ἤδη
513 912 640 955 αὐτοῦ
656 912 900 968 κεκμηκότος
930 913 1060 956 οὐκέτι
1087 912 1343 971 προσώτερον
1368 922 1517 972 χωρεῖν
1546 915 1649 971 ἠδύ-

175 996 274 1022 νατο
284 1012 298 1031 ,
335 980 458 1030 αὐτὸς
474 983 549 1035 μὲν
567 981 693 1023 αὐτοῦ
711 1000 788 1024 που
809 983 1006 1025 ἐλέλειπτο
1016 1015 1029 1035 ,
1068 981 1142 1038 τήν
1161 1001 1202 1026 τε
1222 986 1425 1041 σωτηρίαν
1444 984 1524 1039 ἤδη
1545 985 1648 1027 ἀπο-
1672 995 1706 1029 V
1728 999 1774 1033 22

176 1048 295 1103 γνοὺς
320 1049 452 1091 πολλὰ
478 1050 549 1092 τὸν
577 1050 755 1108 ἀδελφὸν
787 1050 1002 1108 παρεκάλει
1030 1050 1219 1107 γυναικός
1235 1069 1276 1094 τε
1296 1054 1363 1094 καὶ
1384 1055 1540 1096 παίδων
1560 1054 1650 1110 πέρι

174 1121 257 1158 τῶν
285 1115 444 1160 ἑαυτοῦ.
514 1116 536 1160 ὅ
567 1119 610 1161 δὲ
640 1119 752 1177 αὐτῷ
769 1121 843 1174 μὲν
861 1121 1028 1174 ἐπετίμα
1045 1122 1113 1163 καὶ
1131 1121 1204 1175 τὴν
1223 1121 1436 1178 ὀλιγωρίαν
1455 1122 1650 1174 ὠνείδιζεν

169 1183 313 1227 “effa''
344 1187 469 1242 λέγων
489 1181 555 1230 “ὦ
584 1189 750 1245 φίλτατε
780 1189 951 1246 ἀδελφέ,
989 1187 1117 1241 ζῶντά
1140 1206 1190 1243 με
1215 1187 1442 1246 ὑπείληφας
1460 1188 1539 1232 ὑπὸ
1559 1198 1650 1241 ταῖς

121 1261 162 1297 15
175 1258 256 1296 τῶν
281 1257 483 1309 πολεμίων
510 1273 554 1299 σε
584 1258 807 1299 λελοιπέναι
821 1259 941 1314 χερσί
948 1277 963 1312 ;
1000 1258 1058 1312 μὴ
1079 1256 1129 1300 σύ
1149 1275 1191 1313 γε
1204 1271 1215 1282 ·
1253 1258 1311 1312 μὴ
1332 1257 1461 1308 οὕτως
1478 1259 1651 1310 ἀναξίως

172 1321 321 1365 ἑαυτοῦ
343 1326 410 1366 καὶ
430 1323 570 1382 φρόνει
588 1327 655 1367 καὶ
674 1326 805 1382 λέγε.”
874 1330 948 1368 τοῦ
968 1327 1011 1368 δὲ
1032 1324 1169 1368 “ciam
1186 1325 1261 1368 κᾶν
1276 1334 1411 1380 μεῖνον
1430 1332 1550 1382 γοῦν,
1590 1326 1646 1378 ὥς
1667 1336 1700 1371 D

172 1392 407 1447 συνέψομαί
422 1409 486 1435 σοι
503 1393 577 1448 τὴν
595 1396 658 1436 ἐπὶ
678 1387 773 1446 τοὺς
798 1392 1039 1451 βαρβάρους
1067 1392 1202 1436 ἴόντι”
1241 1396 1530 1451 προστιθέντος
1564 1403 1650 1447 τοῖς

171 1458 326 1516 λόγοις,
362 1459 496 1515 “pecul
521 1462 596 1517 τὴν
623 1464 894 1518 συμπλοκὴν”
935 1463 1036 1520 ἔφη,
1071 1461 1257 1505 ιεθᾶττον
1275 1463 1326 1518 ἢν
1346 1466 1447 1521 διδῷ
1464 1464 1564 1514 θεὸς
1582 1466 1652 1506 ε’πί

0 1543 10 1579 ’ς
171 1546 216 1571 σε
249 1527 356 1583 ἥξω·
395 1528 451 1580 ὥς
474 1535 546 1572 νῦν
573 1547 616 1586 γε
645 1531 747 1589 πρὸς
765 1530 914 1588 ἑτέροις
931 1531 1001 1574 τὸν
1018 1535 1114 1573 νοῦν
1134 1531 1213 1586 ἔχω
1226 1563 1239 1583 ,
1276 1533 1349 1574 καί
1362 1550 1414 1586 με
1433 1531 1459 1586 ἡ
1478 1537 1552 1575 τοῦ
1571 1534 1645 1575 ἀν-

0 1587 6 1604 ι
114 1599 494 1654 Ξοδραγαθίζεσθαι
523 1600 721 1654 ἐπιθυμία
749 1602 887 1651 δεινῶς
903 1600 973 1658 ἐφ’
995 1599 1142 1655 ἑαυτὴν
1161 1600 1309 1643 {laet-³²
1379 1601 1500 1643 ταῦτ’
1524 1603 1646 1644 εῗπιὺν

168 1671 228 1722 τῷ
247 1667 412 1724 ἀδελφῷ
430 1667 502 1721 τὴν
520 1669 584 1709 ἐπὶ
602 1669 697 1720 τοὺς
715 1671 930 1723 πολεμίους
952 1668 1136 1724 ἤλαυνεν.
1204 1671 1270 1711 καὶ
1289 1669 1341 1711 τὰ
1358 1670 1433 1723 μὲν
1451 1670 1556 1712 κατὰ
1575 1670 1645 1713 τὸν

167 1736 340 1788 βασιλέα
359 1737 453 1791 τῇδε
473 1737 685 1793 ἐφέροντο·
728 1738 767 1779 οἳ
792 1738 836 1780 ‹5'
860 1739 923 1779 ἐπὶ
941 1742 1021 1780 τῶν
1040 1736 1172 1791 λόχων
1189 1736 1379 1794 καθάπερ
1402 1738 1556 1795 εἴρηται
1576 1756 1642 1781 τε-

168 1804 356 1859 ταγμένοι
382 1808 462 1846 τῶν
483 1805 546 1847 ἐπὶ
566 1804 687 1861 δόξης
703 1806 793 1849 τινὰ
814 1807 1019 1862 ἐπίκλησιν
1036 1806 1265 1863 Κοτέρτζην
1293 1805 1372 1861 ὅπη
1395 1808 1492 1849 ποτὲ
1518 1805 1644 1862 τύχης

262 1936 315 1970 10.
337 1931 594 1980 προσώτερον]
618 1935 750 1970 Tollius
772 1934 1008 1982 προσωτέρω.

166 2051 357 2094 peratorem
372 2059 480 2093 usque
494 2048 638 2083 fuissent
653 2049 836 2094 pertracti,
862 2049 942 2083 nihil
954 2049 1033 2083 inde
1047 2052 1159 2083 tamen
1176 2060 1219 2083 ex
1234 2048 1344 2084 animo
1363 2049 1422 2083 ille
1437 2054 1638 2084 consecutus

0 2110 18 2130 ις
167 2098 230 2128 est.
275 2094 349 2139 ipso
365 2095 491 2139 quippe
507 2095 760 2138 animadverso,
791 2095 904 2129 statim
926 2096 1030 2139 fugae
1045 2107 1083 2128 se
1099 2095 1236 2129 dedere.
1281 2106 1360 2129 mox
1377 2095 1527 2129 adiuncti
1542 2096 1638 2141 quin-

167 2139 330 2184 quaginta
346 2142 420 2174 aliis
435 2141 718 2185 subsequentibus
731 2167 742 2183 ‚
773 2152 910 2174 numero
928 2141 1065 2182 confisi,
1097 2141 1266 2174 consilium
1282 2141 1421 2186 capiunt
1437 2142 1639 2187 opperiundi

165 2185 386 2230 imperatoris·
432 2186 506 2228 ille,
539 2187 603 2220 etsi
626 2187 765 2221 comites
781 2191 818 2220 ut
832 2187 1009 2232 plurimum
1025 2187 1155 2220 facinus
1170 2187 1399 2231 improbarent
1417 2198 1522 2232 seque
1538 2187 1639 2220 dicti-

166 2236 280 2265 tarent
297 2232 415 2277 procul
429 2238 576 2266 semotos
589 2234 633 2267 ab
650 2233 799 2266 exercitu
811 2259 821 2275 ‚
845 2237 957 2266 tamen
971 2232 1058 2266 laxis
1073 2233 1213 2266 habenis
1223 2259 1233 2275 ,
1260 2244 1304 2266 ne
1318 2233 1483 2267 tantillum
1500 2233 1636 2277 quidem

166 2283 338 2322 moratus,
372 2278 572 2323 insequitur.
619 2279 822 2324 aliquamdiu
845 2279 977 2323 quidem
997 2278 1095 2312 etiam
1117 2280 1369 2312 sebastocrator
1383 2279 1449 2323 ipsi
1466 2279 1585 2312 aderat
1599 2282 1636 2312 et

165 2334 234 2357 una
248 2335 322 2357 cum
337 2335 377 2358 eo
393 2325 561 2368 fugientes
580 2325 694 2358 hostes
711 2336 797 2369 equo
813 2330 932 2358 vectus
947 2326 1163 2369 sequebatur.
1209 2324 1268 2357 ubi
1294 2336 1378 2358 vero
1397 2324 1545 2368 fatigato
1568 2324 1636 2359 iam

165 2380 252 2414 equo
268 2381 412 2414 pergere
427 2371 656 2404 ulterius·non
683 2375 820 2415 potest,
850 2370 1061 2416 despondens
1090 2371 1235 2404 animum
1264 2370 1442 2415 saluteque
1470 2369 1634 2414 quodam-

163 2415 263 2448 modo
294 2415 497 2461 desperata,
529 2417 666 2450 fratrem
698 2418 875 2458 obsecrat,
902 2416 1083 2461 uxorisque
1111 2428 1151 2450 ac
1178 2416 1360 2450 liberorum
1379 2426 1494 2449 curam
1508 2415 1633 2449 habeat

163 2460 330 2494 hortatur.
377 2467 413 2495 at
435 2462 493 2495 isse
517 2474 716 2496 succensens
741 2463 838 2496 fratri
860 2463 1136 2508 exprobransque
1168 2466 1291 2495 metum
1322 2462 1460 2495 “frater
1470 2461 1633 2506 ”inquit

163 2506 367 2541 “carissime
379 2535 389 2552 ,
421 2519 517 2542 mene
542 2508 619 2542 dum
645 2514 816 2553 superstes
830 2509 893 2543 sim
909 2508 1078 2542 existimas
1094 2508 1157 2541 sub
1174 2507 1326 2541 manibus
1340 2512 1375 2540 te
1391 2506 1535 2540 hostium
1549 2506 1632 2541 reli-

164 2553 320 2586 cturum?
349 2553 438 2593 noli,
469 2565 616 2598 quaeso,
649 2559 718 2588 tam
743 2554 880 2598 indigne
902 2554 945 2587 de
967 2565 1020 2587 me
1044 2558 1103 2587 aut
1123 2553 1266 2596 sentire,
1296 2556 1356 2586 aut
1378 2551 1481 2597 loqui.
1492 2552 1514 2568 ’²
1560 2557 1631 2587 tum

0 2601 10 2627 Ι
162 2595 218 2630 ille
247 2598 271 2616 ‘⁶
283 2609 381 2632 mane
394 2599 529 2642 igitur”
557 2600 605 2634 ait
635 2601 775 2634 “donec
788 2604 899 2634 tecum
915 2601 1080 2634 barbaros
1099 2597 1319 2643 aggrediar.’'
1367 2598 1552 2642 imperator
1567 2609 1630 2631 au-

163 2646 233 2676 tem
261 2645 373 2689 “post
390 2645 509 2680 initum
532 2645 694 2692 praelium
703 2646 722 2662 '’
751 2646 861 2691 inquit
890 2646 1022 2691 “quam
1051 2645 1119 2678 cito
1139 2645 1222 2678 deus
1240 2644 1374 2678 dederit
1388 2644 1431 2677 ad
1447 2648 1482 2678 te
1497 2643 1628 2678 redibo.

164 2698 254 2721 nunc
277 2690 412 2734 quidem
439 2691 503 2725 alia
525 2692 633 2726 animo
659 2693 905 2733 obversantur,
934 2703 975 2725 ac
1001 2691 1114 2724 nescio
1140 2702 1228 2735 quae
1251 2689 1419 2735 praeclari
1444 2689 1630 2734 cuiuspiam

165 2732 286 2767 edendi
310 2735 470 2771 facinoris
496 2749 549 2771 me
571 2743 668 2772 tenet
690 2737 840 2771 libido.‘'
887 2738 938 2771 his
965 2738 1106 2770 fratrem
1134 2737 1300 2769 allocutus
1324 2736 1423 2770 irruit
1445 2735 1480 2769 in
1506 2736 1630 2771 hostes.

165 2783 268 2823 atque
282 2779 339 2815 ilie
357 2786 427 2816 tum
443 2794 541 2818 casus
555 2784 752 2828 imperatori
766 2784 923 2822 obvenit:
954 2783 1011 2828 qui
1028 2794 1110 2816 vero
1126 2782 1160 2815 in
1174 2782 1300 2816 insidiis
1311 2810 1322 2826 ,
1352 2781 1403 2815 uti
1428 2780 1630 2814 memoravi-

165 2835 238 2859 mus
250 2851 261 2866 9
289 2826 390 2871 positi
404 2833 520 2871 eraut,
552 2830 727 2875 quemdam
744 2843 762 2865 e
777 2829 989 2875 magnatibus
1006 2828 1201 2863 Cotertzem
1215 2828 1347 2862 nomine
1362 2827 1537 2861 confestim
1552 2825 1630 2859 mit-

221 2878 415 2912 Cinnamus.
1332 2874 1357 2914 4
