1878 3262
257 218 324 264 62
736 217 962 263 IOANNIS
995 217 1226 264 cINNAm

260 337 341 376 τῶν
376 351 435 384 τις
468 329 690 389 βαρβάρων
723 331 880 374 ἐκείνων
913 331 987 387 τὴν
1018 332 1218 387 βασιλέως
1248 331 1324 388 οὗχ
1350 331 1569 388 ὕπομείνας
1586 333 1718 390 ἀκμὴν

260 401 399 450 ὕπτιός
425 418 465 442 τε
492 401 560 443 διὰ
585 404 703 442 τοῦτο
722 405 780 457 τῷ
797 399 936 458 ἐδάφει
954 402 1277 458 προσερεισθείς,
1313 402 1447 457 ἐπειδὴ
1476 403 1719 460 προσωτέρω

259 467 522 523 ἶππαζόμενον
550 469 672 510 αὐτὸν
703 467 876 511 κατενόει
889 501 902 520 ,
937 470 1057 524 βέλος
1074 469 1190 526 ἀφεὶς
1208 469 1333 526 ἄκρου
1350 469 1533 526 τυγχάνει
1551 475 1624 513 τοῦ
1640 487 1717 513 πο-

259 538 329 587 δὸς
363 537 558 589 ὄπισθεν,
593 537 694 579 ἔνθα
728 537 831 591 μετὰ
857 537 909 580 τὰ
938 538 1078 594 σφυρὰ
1105 538 1168 578 ἐπὶ
1186 538 1356 594 πτέρναν
1373 536 1400 593 ἦ
1419 537 1539 595 φύσις
1556 539 1717 593 ἀναχω-

259 610 386 662 ροῦσα
403 605 476 659 τὴν
494 605 634 660 ἐξοχὴν
651 612 832 647 ποιεῖται.
900 608 966 648 καὶ
985 604 1006 647 ὃ
1021 607 1095 660 μὲν
1118 608 1185 648 καὶ
1209 606 1398 666 ᾂευτέραν
1417 607 1589 661 πέμψειν
1605 607 1750 662 ἠπεί-5

256 690 368 729 γετο,
403 674 593 727 βασιλεὺς
628 675 672 716 δὲ
705 671 956 731 προτερήσας
989 675 1062 730 τὴν
1090 672 1219 731 ὁρμὴν
1244 679 1326 716 τῶν
1353 678 1501 731 τριχῶν
1518 672 1620 717 εἷλκε
1640 676 1718 727 ζω-

258 744 393 799 γρείαν
402 774 416 794 ,
454 742 528 784 σὺν
555 742 666 799 αὐτῷ
692 743 735 784 δὲ
758 742 830 797 τὴν
848 744 911 784 ἐπὶ
929 742 974 784 τὸ
994 741 1265 799 στρατόπεδον
1284 742 1355 784 &bv
1366 743 1603 799 Ἀνδρονίκῳ
1621 759 1720 785 συν-

259 815 374 869 αντᾷ.
442 809 520 865 ἤδη
547 810 623 867 γὰρ
642 815 715 853 τοῦ
730 812 936 864 βασιλείου
953 812 1183 865 ἐνεχθέντος
1201 811 1311 868 αὐτῷ
1323 811 1450 852 ἵππου
1470 809 1720 866 ὄχησάμενος

141 888 169 920 Ρ
192 887 236 923 35
260 880 365 921 κατὰ
389 881 564 936 Περσῶν
590 880 656 920 καὶ
687 879 809 929 αὐτὸς
833 878 980 934 ἤλαυνε
992 911 1005 930 ,
1041 878 1171 921 πολλά
1189 897 1230 922 τε
1247 884 1319 934 τῆς
1335 880 1397 920 ε’πὶ
1417 879 1468 921 τὰ
1485 877 1624 936 πρόσω
1642 896 1719 921 πο-

258 949 368 1004 ρειάς
387 947 526 1004 εἴργων
536 979 549 998 ,
578 946 645 990 ἅτε
664 946 917 989 παντάπασιν
937 947 1108 989 ἄνοπλον
1126 947 1223 990 ὄντα
1240 949 1308 989 καὶ
1326 946 1448 990 αὐτόν
1458 980 1471 999 ,
1508 947 1643 1002 ἐπειδὴ
1659 947 1718 1003 μὴ
1730 953 1774 989 10

256 1018 410 1058 πείθειν
436 1014 511 1069 εἶχε
550 1014 724 1072 (θάρσει
749 1015 826 1073 γὰρ
853 1018 920 1058 καὶ
940 1010 1056 1066 οὗτος
1075 1016 1223 1073 ἀπείρῳ
1243 1018 1420 1073 διῳκεῖτο
1439 1017 1505 1058 καὶ
1524 1015 1627 1058 ἔπνει
1646 1016 1720 1066 τὰς

254 1083 413 1138 μάχας,
449 1085 627 1133 ἐπιεικῶς
645 1084 689 1126 τὸ
709 1083 807 1141 δόρυ
821 1085 1003 1141 χειρίσας
1020 1086 1087 1126 καὶ
1116 1086 1188 1139 τὴν
1207 1085 1380 1136 ἀσπίδα,
1417 1082 1479 1134 οἷς
1496 1085 1562 1127 καὶ
1583 1083 1720 1133 αὐτοῖς

255 1153 330 1206 οὐχ
366 1151 422 1202 ὡς
455 1153 571 1202 ἰδίοις
605 1153 748 1209 ἐχρῆτο
777 1151 881 1194 ἀλλά
906 1170 1014 1203 τινος
1031 1158 1110 1195 τῶν
1130 1153 1208 1195 ἀπὸ
1228 1151 1347 1207 δόξης
1366 1150 1611 1210 ἀφελόμενος
1627 1151 1718 1194 ἴτυ-

253 1221 355 1275 χεν)
369 1253 381 1272 ‚
419 1220 541 1262 αὐτὸν
574 1221 647 1274 μὲν
684 1221 812 1277 ἀφῆκε
849 1220 1119 1278 πορεύεσθαι·
1156 1219 1177 1263 ὃ
1208 1222 1250 1263 δὲ
1276 1219 1358 1278 ὁδῷ
1382 1220 1532 1278 προϊὼν
1551 1222 1616 1262 καὶ
1635 1226 1719 1270 τοῖς

256 1293 409 1338 λοιποῖς
427 1290 603 1342 ξυνέμιξε
621 1293 694 1330 τοῦ
706 1287 913 1343 Ῥωμαίων
931 1293 1119 1346 στρατοῦ.
1159 1290 1406 1343 πυθομένοις
1421 1306 1463 1331 τε
1482 1289 1590 1338 ὅπως
1609 1288 1718 1347 αὐτῷ
1731 1292 1774 1327 15

255 1358 308 1400 τὰ
326 1358 430 1400 κατὰ
448 1357 517 1399 τὸν
534 1355 707 1411 πόλεμον
726 1355 962 1412 ἀπαντήσειε
986 1356 1098 1415 μόνῳ
1115 1362 1196 1399 τῶν
1214 1356 1400 1400 ἁπάντων
1418 1358 1480 1399 ἐπὶ
1499 1356 1594 1406 τοὺς
1609 1361 1718 1414 βαρ·

252 1425 408 1483 βάρους
443 1424 540 1467 ἰόντι
550 1457 564 1477 ,
600 1427 690 1482 περὶ
723 1426 797 1480 μὲν
831 1430 905 1469 τοῦ
929 1430 1010 1468 τῶν
1036 1426 1236 1480 πολεμίων
1254 1423 1380 1484 φόνου
1391 1457 1405 1478 ,
1442 1424 1513 1475 οὓς
1529 1424 1718 1482 καθάπερ

202 1500 232 1534 Β
255 1495 409 1553 εἴρηται
428 1494 654 1543 ἀπεκτονώς
672 1493 827 1548 ἔτυχεν,
856 1493 1097 1550 ἀπήγγελλεν
1116 1494 1231 1536 οὐδέν
1239 1526 1252 1546 ,
1284 1492 1516 1549 καυχήσεως
1533 1493 1720 1550 ἀγεννοῦς

251 1562 436 1616 ὑποψίαν
461 1560 792 1619 παραιτούμενος.
861 1561 977 1619 ἔργον
1002 1562 1079 1618 γὰρ
1106 1562 1181 1616 οὐχ
1211 1561 1283 1604 ὑπ’
1304 1562 1402 1617 ὄψιν
1420 1562 1543 1604 ἐλθὸν
1558 1569 1643 1612 τοῖς
1658 1561 1718 1617 μὴ

130 1635 162 1669 V
184 1637 230 1671 28
253 1631 426 1685 εὐμενῶς
452 1629 609 1672 ἀκούειν
636 1631 845 1672 ἐθέλουσιν
874 1629 1013 1689 ῥᾴδιον
1030 1632 1087 1680 εἷς
1103 1630 1332 1687 ἀνατροπὴν
1348 1631 1508 1686 γίνεται.
1575 1634 1649 1672 τοῦ
1675 1635 1774 1686 γεΞΟ

248 1700 330 1754 μὴν
348 1698 579 1756 τραύματος
597 1699 870 1752 ἐπιμελεῖσθαι
889 1698 1034 1740 αὐτίκα
1062 1699 1236 1741 ἐκέλευεν
1245 1730 1258 1750 ,
1295 1697 1351 1749 ὥς
1373 1698 1432 1753 μὴ
1462 1696 1716 1755 φλεγμήναν-

248 1786 319 1818 τος
338 1765 553 1822 ἀνήκεστόν
581 1784 619 1808 τι
644 1768 710 1808 καὶ
733 1768 955 1823 ἓπισυμβῇ·
991 1765 1055 1809 ὅτε
1086 1766 1136 1821 δὴ
1162 1767 1297 1823 γε’γονέ
1310 1784 1347 1809 τι
1367 1769 1433 1809 καὶ
1452 1764 1571 1822 λόγου
1592 1765 1717 1817 ἄξιον.

249 1837 385 1891 ἐπειδὴ
405 1835 557 1892 γὰρμὴ
578 1833 682 1889 εἶχον
707 1834 816 1885 ὅπως
846 1836 958 1893 αὐτῷ
985 1833 1212 1893 χρήσηται,
1248 1840 1329 1878 τῶν
1365 1839 1621 1893 στρατιωτῶν
1656 1852 1716 1885 τις

339 1944 396 1979 23.
420 1940 620 1989 χρήσηται]
644 1942 733 1978 Duc.
755 1940 970 1988 χρήσεσθαι.

251 2037 344 2069 teros
361 2034 405 2068 ad
419 2034 532 2079 fugam
549 2034 727 2080 compellit.
773 2037 845 2068 tum
858 2034 1024 2069 barbarus
1038 2033 1191 2079 quidam,
1221 2045 1289 2068 non
1307 2045 1408 2068 ausus
1425 2034 1637 2081 imperatoris
1650 2033 1714 2068 im-

250 2086 367 2125 petum
393 2081 560 2125 experiri,
591 2081 729 2125 supinus
751 2081 825 2114 solo
849 2081 1072 2125 recumbens,
1101 2080 1158 2114 ubi
1174 2085 1447 2126 praetervectum
1459 2081 1556 2115 videt
1570 2081 1716 2125 longius,

252 2127 321 2159 telo
338 2126 460 2159 emisso
476 2131 659 2159 extremam
674 2126 769 2171 pedis
786 2131 914 2171 partem
932 2138 952 2160 a
969 2131 1064 2170 tergo
1080 2126 1211 2170 attigit,
1234 2126 1291 2159 ubi
1307 2126 1396 2160 circa
1411 2127 1613 2168 claviculos,
1634 2137 1715 2160 ver-

252 2183 311 2205 sus
332 2171 474 2210 calcem,
500 2171 671 2215 quidpiam
686 2178 804 2205 natura
820 2178 940 2205 extans
954 2172 1105 2216 reliquitz
1138 2183 1279 2216 cumque
1301 2172 1359 2205 ilie
1382 2172 1425 2206 ad
1440 2172 1541 2205 ictum
1555 2175 1713 2217 repeten-

251 2217 330 2250 dum
345 2228 382 2250 se
397 2216 609 2261 accingeret,
640 2217 859 2261 praeveniens
873 2218 1071 2262 imperator,
1103 2219 1375 2262 comprehensum
1389 2217 1536 2251 crinibus
1549 2217 1714 2251 hominem

250 2263 366 2296 vivum
394 2261 496 2307 cepit.
541 2261 620 2295 inde
636 2262 679 2295 ad
694 2267 804 2296 castra
819 2274 893 2296 cum
909 2263 966 2296 ἰΙΙο
982 2267 1160 2297 revertens
1170 2288 1181 2304 ‚
1211 2263 1331 2296 obvius
1358 2263 1399 2296 fit
1415 2262 1605 2297 Andronico
1617 2289 1629 2304 ‚
1655 2263 1714 2308 qui

250 2307 316 2342 iam
342 2307 522 2341 adductum
546 2318 669 2351 equum
692 2313 829 2352 nactus,
862 2314 979 2342 contra
994 2309 1117 2343 Persas
1133 2308 1273 2354 perinde
1289 2308 1476 2353 equitabat.
1523 2309 1634 2343 multis
1649 2319 1713 2342 nu-

249 2358 318 2388 tem
343 2353 457 2388 verbis
481 2354 610 2386 frustra
635 2353 833 2386 dehortatus
848 2364 890 2387 ne
906 2354 1045 2388 ulterius
1067 2354 1199 2388 inermis
1216 2358 1252 2387 et
1266 2353 1338 2398 ipse
1361 2353 1600 2396 contenderet,
1632 2354 1713 2399 (in-

250 2398 402 2433 credibili
431 2398 517 2432 enim
547 2398 721 2443 praeditus
744 2398 887 2432 audacia
911 2403 1019 2433 totum
1044 2400 1195 2444 spirabat
1218 2399 1382 2441 Martem,
1416 2399 1547 2434 hastam
1561 2405 1713 2434 tractare

249 2455 466 2489 parmamque
489 2449 624 2488 gestare
645 2444 932 2488 promptissimus,
961 2446 1082 2489 quibus
1098 2452 1178 2479 tunc
1194 2456 1260 2478 non
1276 2444 1442 2490 propriis,
1475 2445 1534 2480 sed
1560 2445 1712 2490 acceptis

249 2491 293 2524 ab
308 2491 421 2535 aliquo
440 2502 460 2524 e
477 2490 684 2534 magnatibus
701 2489 910 2533 utebatur),
944 2491 1213 2534 proficiscentem
1235 2490 1367 2535 quidem
1382 2490 1415 2523 in
1431 2491 1593 2535 praelium
1616 2491 1712 2524 dimi-

248 2536 313 2577 sit,
343 2537 417 2580 ipse
444 2547 525 2570 vero
553 2535 745 2569 continuato
776 2535 867 2580 quod
894 2535 1087 2570 instituerat
1112 2537 1252 2578 itinere,
1283 2535 1326 2569 ad
1351 2547 1432 2569 suos
1448 2537 1584 2570 tandem
1599 2536 1711 2570 rediit.

249 2581 496 2615 sciscitantibus
510 2592 594 2615 vero
610 2581 691 2626 quid
705 2580 769 2615 sibi
785 2579 961 2615 accidisset
989 2581 1024 2614 in
1052 2593 1094 2614 ea
1121 2592 1220 2626 quam
1235 2581 1376 2615 omnium
1391 2581 1480 2615 solus
1495 2582 1530 2616 in
1546 2582 1711 2616 barbaros

249 2632 445 2672 susceperat
469 2626 706 2671 expeditione,
735 2637 890 2671 quaeque
913 2625 1033 2660 fuisset
1058 2627 1172 2660 clades
1196 2627 1358 2668 hostium,
1391 2638 1498 2671 quos,
1531 2632 1569 2661 ut
1583 2638 1711 2661 memo—

200 2670 202 2673 ’
249 2673 342 2715 ravi,
373 2672 545 2706 occiderat
558 2698 567 2715 ,
597 2680 706 2705 vanae
721 2672 847 2716 gloriae
862 2671 1084 2716 suspicionem
1101 2672 1272 2707 declinans
1283 2697 1294 2713 ‚
1323 2671 1402 2706 nihii
1419 2672 1552 2717 quidem
1567 2684 1710 2719 respon-

251 2717 313 2752 dit.
359 2729 461 2763 saepe
476 2718 562 2752 enim
578 2718 758 2762 contingit,
783 2722 822 2752 ut
835 2717 978 2763 quodvis
994 2718 1166 2762 egregium
1180 2717 1312 2752 facinus
1322 2744 1333 2760 ‚
1360 2718 1450 2762 quod
1465 2729 1531 2752 non
1547 2719 1610 2752 sub
1626 2729 1710 2753 ocn-

247 2764 299 2797 los
322 2763 435 2806 cadit,
467 2764 509 2797 ab
525 2763 565 2797 iis
581 2763 638 2807 qui
652 2763 816 2797 malevolo
831 2763 938 2797 animo
954 2763 1114 2805 audiunt,
1142 2764 1177 2798 in
1202 2762 1407 2797 contrarium
1430 2764 1530 2798 facile
1545 2764 1711 2799 deflectu-

247 2815 313 2846 tur,
360 2809 541 2843 curandum
566 2814 679 2842 autem
703 2810 877 2843 confestim
899 2808 1018 2843 vuinus
1044 2809 1184 2851 statuit,
1214 2820 1258 2843 ne
1272 2809 1300 2843 si
1315 2809 1512 2844 succederet
1525 2809 1709 2844 inflanuna-

247 2855 318 2898 tio,
349 2854 519 2901 quidpiam
550 2854 768 2900 periculosius
795 2854 986 2890 accideret:
1015 2865 1083 2900 quo
1109 2859 1179 2890 tum
1204 2859 1359 2900 tempore
1383 2866 1439 2890 res
1462 2855 1564 2901 digna
1584 2856 1709 2891 accidit
