1878 3262
253 207 347 254 188
507 167 513 174 ἱ
726 203 950 247 IOANNIS
984 203 1212 249 clNNAMI

247 340 322 372 τας
341 322 486 371 ἵππον,
513 319 763 360 Βαλδουῖνον
790 318 834 360 δὲ
859 316 989 375 ἄνδρα
1015 321 1348 376 στεφηφοροῧντα
1371 317 1532 376 ’μακρὰν
1545 319 1700 364 ἄποθεν

248 390 419 446 ἔφιππον
443 387 517 441 μὲν
541 385 772 429 παντάπασι
799 387 842 428 δὲ
868 385 1098 442 ἀσήμαντον
1135 385 1411 443 πορευόμενον.
1480 386 1501 431 ὅ
1539 391 1609 442 μὲν
1647 390 1699 445 δὴ

246 457 454 512 θρίαμβος
479 457 541 498 ἐπὶ
566 453 722 505 τούτοις
746 456 970 508 τετέλεστο,
1007 455 1199 510 βασιλεὺς
1231 455 1275 497 δὲ
1299 456 1360 497 ἐπὶ
1386 456 1490 499 ὀκτὼ
1514 461 1565 514 τῇ
1590 456 1700 500 πόλει

245 525 497 581 παραμείνας
533 522 671 578 ἡλίους
704 525 854 566 ἔκεΐθεν
881 524 1097 578 ἀπήλαυνε.
1162 522 1362 579 τοσαύτην
1384 541 1426 580 γε
1451 525 1531 580 μὴν
1556 527 1701 568 δουλο-

245 593 436 649 πρέπειαν
454 592 666 647 Ἀντιοχεῖς
690 595 746 642 εἷς
771 592 892 635 αὐτὸν
918 585 1188 644 ἐπεδείξαντο,
1227 590 1329 635 ὥστε
1365 593 1489 635 αὐτοῦ
1512 601 1596 644 τοῖς
1614 592 1734 639 Ῥε-5

244 659 396 705 νάλδου
437 662 754 718 ἔνδιατρίβοντος
783 660 923 715 δόμοις
948 662 1078 711 οὐδεὶς
1103 661 1294 714 οὐδεμίαν
1318 666 1398 703 τῶν
1423 661 1703 718 ἀμφιβαλλόν-

244 745 326 772 των
363 730 477 788 παρὰ
513 737 597 781 τοῖς
632 728 858 786 ὅμογενέσιν
896 728 1108 773 ἐδικάσατο
1147 731 1259 784 δίκην
1295 728 1357 773 ὅτι
1389 729 1447 785 μὴ
1473 729 1585 787 παρὰ
1603 729 1704 774 Ῥω-

241 800 392 852 μαίοις.

103 874 134 908 Ρ
159 876 225 911 109
387 867 466 912 21.
536 870 680 909 Ταῦτα
717 866 1001 924 κατωρθωκὼς
1035 866 1227 921 βασιλεὺς
1264 866 1327 908 ἐπὶ
1363 867 1574 922 Νουραδὶν
1607 865 1706 908 ἴέναι

245 934 562 987 συνεσκευάζετο.
633 936 728 977 ἀλλ’
767 937 911 986 ἐκεῖνος
944 935 1016 990 τὴν
1051 934 1199 992 ἔφοδον
1223 934 1340 992 γνοὺς
1363 934 1433 976 τὸν
1457 935 1636 990 Σαγγέλη
1662 951 1704 977 τε
1717 943 1762 980 10

244 1002 383 1045 ἔλυσεν
407 1004 496 1046 υἱέα
523 1002 653 1059 ἄνδρα
673 1003 826 1046 Ἰταλὸν
851 1006 919 1046 καὶ
943 1003 1013 1046 τὸν
1046 1011 1131 1054 τοῖς
1155 1005 1196 1046 ἐν
1220 1003 1475 1061 Παλαιστίνῃ
1501 1005 1708 1060 ἐφεστῶτα

247 1072 454 1123 ἱππεῦσιν,
494 1070 539 1112 ὃν
563 1072 739 1125 τέμπλου
763 1075 968 1129 μα·ι’στορα
992 1074 1170 1115 Λατῖνοι
1195 1071 1458 1126 ὀνομάζουσιν
1464 1104 1478 1123 ,
1513 1073 1708 1126 ἐπισημο-

245 1138 393 1189 τάτους
419 1139 545 1196 ἄμφω
557 1170 571 1191 ,
609 1140 711 1196 πρὸς
738 1142 780 1182 δὲ
806 1143 872 1183 καὶ
897 1145 978 1183 τῶν
1004 1135 1048 1184 εὖ
1071 1140 1288 1196 γεγονότων
1313 1138 1500 1190 πολλούς.
1566 1143 1640 1182 τοῦ
1663 1156 1708 1195 γε

245 1208 327 1262 μὴν
353 1208 539 1263 ἀγελαίου
566 1209 634 1249 καὶ
659 1207 879 1264 σύγκλυδος
905 1209 1024 1263 ὄχλου
1051 1212 1107 1258 εἰς
1131 1208 1421 1267 ἑξακισχιλίους
1438 1207 1640 1265 μάλιστα,
1668 1207 1714 1250 οἳ

246 1277 291 1318 ἐκ
328 1280 400 1331 τῆς
430 1277 669 1330 Ἀλαμανῶν
707 1279 774 1319 καὶ
808 1279 1027 1334 Γερμανῶν
1052 1276 1266 1333 ἐτύγχανον
1290 1276 1551 1334 ἐζωγρημένοι
1575 1275 1706 1335 τούτῳ
1718 1283 1762 1320 15

246 1349 460 1401 στρατιᾶς,
501 1343 669 1400 ὁπηνίκα
707 1346 844 1388 ἐκεῖνοι
883 1348 945 1388 ἐπὶ
966 1345 1101 1388 Ἀσίαν
1126 1344 1376 1402 ἐστράτευον.
1441 1349 1570 1389 ταῦτα
1593 1348 1710 1387 Νου-

246 1415 364 1470 ραδὶν
390 1414 533 1465 ἐποίει,
560 1413 661 1470 πρὸς
687 1415 731 1456 δὲ
756 1416 823 1456 καὶ
849 1415 1128 1472 συνδιαφέρειν
1152 1418 1315 1469 βασιλεῖ
1334 1413 1408 1463 τὰς
1433 1413 1597 1475 ἓνἈσία
1611 1414 1709 1455 διω-

192 1487 224 1522 Β
247 1480 445 1536 μολόγηκε
483 1481 641 1536 μάχας·
681 1483 749 1539 ἐφ’
792 1481 853 1533 οἷς
890 1482 1210 1540 προσδεξάμενος
1248 1481 1370 1526 αὐτὸν
1408 1481 1600 1535 ἀπέσχετο
1635 1484 1709 1524 τοῦ

244 1554 411 1593 σκοποῦ.
481 1551 576 1592 ἀλλ’
606 1550 724 1607 ὀλίγῳ
748 1550 916 1607 ὕστερον
942 1550 1153 1593 καταλύειν
1187 1548 1363 1607 ὡρμήθη
1389 1549 1440 1591 τὰ
1467 1550 1708 1605 δεδογμένα·

245 1617 292 1658 οὗ
319 1617 400 1671 μὴν
426 1619 493 1658 καὶ
519 1619 660 1673 πέρατι
685 1619 754 1659 τὸν
780 1619 928 1660 σκοπὸν
953 1619 1097 1662 ἔδωκεν
1109 1650 1123 1670 ,
1150 1617 1206 1668 ὡς
1232 1621 1352 1673 δῆλον
1378 1616 1470 1672 ἑξῆς
1487 1617 1764 1673 γενήσεται.20

246 1687 496 1742 Σαρακηνῶν
520 1685 597 1742 γὰρ
625 1685 787 1740 ὅμιλος,
825 1692 898 1729 τοῦ
922 1689 1132 1744 Νουραδὶν
1156 1687 1281 1741 μηδὲν
1306 1685 1552 1736 συνειδότος,
1578 1702 1708 1742 προσ-

200 1752 203 1753 ’
244 1752 488 1808 λοχήσαντες
507 1752 716 1808 Ῥωμαίων
740 1759 820 1797 τῶν
846 1757 908 1796 ἐπὶ
931 1757 1207 1812 χορταγωγίαν
1233 1753 1373 1796 ἰόντων
1396 1752 1563 1795 ἐκάκουν
1582 1752 1710 1804 τινάς.

246 1819 270 1862 ὃ
294 1821 413 1877 γνοὺς
435 1822 627 1877 βασιλεὺς
651 1824 814 1880 ἐνέδρας
838 1826 906 1866 καὶ
933 1824 1055 1875 αὐτὸς
1080 1825 1122 1867 ἐν
1147 1824 1353 1884 ἐπιτηδείῳ
1378 1829 1456 1865 που
1477 1826 1551 1865 τοῦ
1567 1820 1708 1880 χώρου

340 1929 396 1966 14.
417 1927 639 1975 σύγκλυδος]
666 1930 783 1966 Malim
805 1930 1019 1976 συνήλυδος.

247 2022 301 2053 tes
322 2018 496 2053 viderent:
529 2020 726 2060 &alduinum
751 2023 862 2056 autem
876 2021 984 2056 virum
1000 2023 1216 2063 coronatum,
1248 2032 1335 2066 equo
1374 2020 1484 2056 uidem
1497 2020 1708 2060 insidentem,

245 2069 395 2099 ceterum
418 2066 519 2100 nullis
544 2067 756 2112 conspicuum
784 2067 886 2111 regiis
910 2066 1103 2111 insignibus.
1148 2066 1182 2100 in
1197 2067 1285 2100 hunc
1299 2031 1432 2101 mogum
1448 2069 1638 2101 transactus
1653 2068 1708 2098 est

245 2110 450 2155 triumphus:
483 2112 665 2158 imperator
681 2113 850 2147 octiduum
864 2112 898 2146 in
917 2113 1000 2146 urbe
1014 2112 1271 2156 intemeratus,
1300 2112 1379 2146 inde
1396 2110 1571 2145 abscessit.
1609 2114 1706 2144 tanta

247 2160 359 2189 autem
385 2161 602 2192 veneratione
628 2170 702 2192 eum
726 2159 898 2204 prosecuti
914 2162 992 2193 sunt
1008 2157 1228 2199 Antiocheni‚
1259 2162 1297 2190 ut
1312 2156 1468 2202 quamdiu
1485 2155 1518 2189 in
1534 2154 1616 2201 ipsis
1631 2155 1706 2188 Re·-

247 2201 341 2234 naldi
366 2202 506 2236 aedibus
530 2204 664 2245 mansit,
695 2216 792 2238 nemo
815 2216 954 2246 eorum,
984 2203 1041 2249 qui
1069 2202 1318 2238 controversias
1338 2204 1556 2244 exercerent,
1591 2211 1705 2235 coram

249 2257 331 2281 suae
346 2247 458 2289 gentis
474 2248 640 2282 iudicibus
657 2260 789 2283 causam
805 2250 945 2292 dixerit,
975 2250 1036 2283 sed
1055 2249 1098 2282 de
1112 2249 1152 2283 iis
1170 2248 1312 2282 Romani
1326 2246 1556 2291 cognoverint.

339 2293 397 2327 21.
443 2293 507 2326 His
529 2294 631 2327 rebus
654 2294 717 2327 rite
738 2295 901 2329 confectis
916 2296 950 2328 in
965 2295 1176 2329 Nuradinum
1192 2293 1434 2338 expeditionem
1449 2290 1584 2337 paravit
1596 2290 1704 2337 impe-

246 2340 355 2372 rator.
402 2349 517 2372 verum
543 2343 582 2372 ut
605 2339 694 2373 illius
719 2340 872 2385 percepit
898 2342 1094 2384 adventum,
1127 2337 1400 2382 Sanctaegidiani
1431 2337 1560 2370 comitis
1586 2337 1704 2380 filium,

246 2383 387 2417 Italicae
401 2384 511 2428 gentis
526 2384 632 2418 virum
642 2411 652 2427 ,
684 2396 826 2430 eumque
842 2386 898 2430 qui
914 2386 1114 2420 Palaestinis
1128 2389 1283 2430 praeerat
1298 2382 1464 2428 equit-ibus
1474 2409 1484 2426 ,
1517 2394 1614 2426 quem
1631 2393 1703 2416 ma-

247 2429 388 2473 gistrum
403 2429 517 2474 templi
533 2429 645 2464 Latini
660 2436 803 2472 vocant,
834 2432 947 2464 ambos
963 2432 1110 2466 homines
1127 2431 1257 2472 claros,
1283 2428 1472 2463 carceribus
1491 2428 1614 2463 exemit
1626 2428 1704 2462 vin-

248 2474 399 2519 culisque
426 2475 544 2510 solvit:
574 2475 713 2521 insuper
740 2477 840 2510 etiam
864 2476 946 2510 alios
971 2477 1100 2510 nobiles
1122 2476 1328 2521 complures;
1357 2473 1534 2518 gregariae
1558 2484 1639 2507 vero
1667 2477 1704 2508 et

246 2520 371 2565 passim
388 2520 551 2555 collectae
565 2522 784 2556 multitudinis
800 2522 843 2556 ad
859 2534 920 2556 sex
934 2522 1035 2556 millia
1045 2549 1054 2565 ,
1086 2533 1169 2566 quos
1186 2520 1326 2556 maxime
1339 2519 1383 2552 de
1397 2519 1651 2553 Alemannorum
1667 2522 1704 2552 et

250 2565 496 2600 Germanorum
523 2568 675 2602 exercitu
703 2572 859 2613 ceperat,
889 2579 963 2601 cum
979 2567 1101 2601 bellum
1116 2567 1149 2600 in
1164 2567 1242 2601 Asia
1257 2565 1305 2599 illi
1320 2569 1490 2609 gererent.
1536 2564 1587 2598 his
1602 2575 1704 2608 pera-

246 2610 312 2643 ctis
325 2636 336 2652 ν
368 2617 558 2646 secuturum
573 2624 610 2647 se
627 2619 806 2659 praeterea
821 2614 862 2648 ad
877 2613 967 2647 bella
981 2612 1129 2646 Asiatica
1146 2611 1323 2657 principem
1339 2609 1506 2655 pollicitus
1522 2615 1576 2643 est
1589 2610 1704 2644 Num*

248 2655 363 2690 dinus:
392 2658 513 2701 quibus
529 2659 679 2692 admissis
695 2659 939 2694 conditionibus
952 2659 1137 2703 imperator
1151 2670 1173 2692 a
1186 2656 1358 2703 proposito
1374 2654 1513 2689 destitit.
1561 2655 1621 2689 sed
1636 2666 1702 2689 non

248 2701 355 2735 multo
372 2701 548 2736 interiecto
565 2709 717 2749 tempore
732 2709 832 2750 pacta
847 2705 915 2739 ista
931 2703 1122 2738 convellere
1137 2712 1317 2747 aggressus
1332 2705 1405 2743 est,
1436 2701 1497 2734 etsi
1520 2712 1607 2745 quae
1629 2704 1703 2734 sta-

249 2750 363 2781 tuerat
386 2747 476 2781 haud
503 2750 671 2793 confecit,
699 2750 763 2786 ,uti
794 2750 952 2794 deinceps
980 2747 1300 2783 commemorabitur.
1345 2747 1587 2780 Saracenorum
1615 2745 1703 2780 enim

247 2802 390 2835 agmen,
420 2793 524 2827 inscio
551 2795 745 2838 Nuradino,
774 2796 808 2829 in
834 2796 1060 2829 Romanorum
1083 2794 1210 2838 aliquot
1233 2793 1291 2837 qui
1314 2792 1507 2838 pabulatum
1534 2790 1701 2834 exierant,

248 2838 385 2874 structis
397 2838 524 2874 insidiis
536 2839 716 2876 irruerunt.
755 2841 847 2886 quod
862 2840 920 2876 ubi
932 2840 1115 2885 imperator
1130 2838 1309 2883 cognovit,
1332 2838 1406 2873 loco
1424 2837 1543 2883 etipse
1557 2835 1702 2872 maximo
