1878 3262
273 205 368 252 156
693 204 994 247 NICEPHORI
1025 204 1290 249 BRYENNII

269 321 335 362 καὶ
355 317 436 371 μὴν
455 318 520 359 καὶ
543 317 587 361 τὸ
608 315 707 375 παρ’
730 318 927 375 Εὐριπίδῃ
951 323 1082 368 καλῶς
1105 320 1293 375 εἲρῆσθαι
1320 321 1425 362 domn
1447 318 1500 370 ὥς
1519 317 1562 361 ἓν
1586 320 1712 377 σοφὸν

267 385 473 441 βούλευμα
493 386 565 436 τὰς
586 387 738 436 πολλὰς
753 388 876 443 χέρας
895 392 984 446 νικᾷ
992 420 1004 438 ,
1039 386 1125 428 τότε
1152 388 1207 428 δι’
1237 387 1366 429 αὐτῶν
1383 394 1460 430 τῶν
1478 390 1623 430 ἐκείνου
1645 389 1712 445 ἴρ-

266 472 348 510 γων
369 454 440 509 τὴν
464 455 594 496 πίστιν
617 454 790 512 εἴληφεν.
859 453 914 506 εἷς
939 456 1011 510 μὲν
1042 454 1258 511 ἄνθρωπος
1285 457 1351 497 καὶ
1374 457 1447 509 μιά
1462 455 1598 511 γνώμη
1618 456 1712 506 τοὺς

268 521 518 573 δεινοτάτους
537 527 616 565 τῶν
637 528 868 581 στρατηγῶν
878 522 1085 577 Ῥωμαίων
1102 526 1157 573 εἰς
1174 524 1277 579 μέγα
1295 524 1406 573 κλέος
1427 524 1624 580 ἄρθέντας
1645 526 1710 566 καὶ

266 592 318 638 τὰ
336 590 576 647 μυριόλεκτα
592 590 730 646 πλήθη
748 597 827 634 τῶν
843 590 1150 648 στρατευμάτων
1170 593 1210 633 ἓν
1226 596 1375 648 βραχεῖ
1389 595 1550 634 καθειλε
1570 597 1709 649 καιρῷ,
1722 603 1742 640 5

213 668 246 702 D
271 659 315 704 τὸ
343 660 386 703 δὲ
406 664 624 716 προφανῶς
647 661 850 713 πεπτωκὸς
876 661 1092 714 πολίτευμα
1114 662 1179 702 καὶ
1204 660 1277 710 τὰς
1301 660 1557 718 ἀπειρηκυίας
1576 661 1714 714 ψυχὰς

265 733 345 770 τῶν
385 728 447 768 ἐπὶ
481 728 549 770 τὸν
580 729 750 781 βασιλέα
784 727 989 782 δυνάμεων
1021 730 1083 769 ἐπὶ
1115 728 1160 769 τὸ
1185 735 1359 784 κρεῖττον
1382 728 1502 783 ἤγαγε
1529 730 1595 771 καὶ
1617 727 1715 772 ἀνύ-

267 809 396 848 ulmae.
465 796 534 837 τὸν
565 797 637 849 μὲν
670 791 740 838 οὖν
759 796 992 851 Βασιλάκην
1012 796 1261 854 πεμφθέντες
1279 796 1379 853 πρὸς
1396 797 1594 854 βασιλέως
1614 796 1716 849 τινὲς

268 869 490 906 σιπναντιῦσι
521 864 670 918 μεταξὺ
705 867 915 906 Φιλίππιον
944 866 1010 906 καὶ
1034 863 1330 922 Ἀμφιπόλεως,
1365 867 1431 906 καὶ
1458 864 1509 906 τὰ
1532 865 1575 906 ἔκ
1590 868 1714 918 βασι-

268 933 366 982 λε’ως
385 936 443 989 τῷ
460 934 661 989 Κομνηι
627 949 659 972 ω
674 934 919 989 χειρίσαντες
939 931 1159 990 >primia-ca
1169 965 1182 983 ,
1217 934 1309 989 περί
1328 950 1365 976 τι
1383 934 1533 1016 χωρίον
1553 932 1711 988 ἄπαγα-
1725 942 1768 979 10

150 1002 184 1038 V
207 1005 285 1041 75
274 998 405 1055 ’ὀντες
439 1001 678 1054 (Χεμπίναν
709 999 837 1042 τούτω
866 1001 911 1043 τὸ
942 1000 1099 1056 ὄιομα)
1135 1018 1241 1059 ωπερ
1271 1003 1337 1045 καὶ
1358 1001 1462 1059 πηγὴ
1482 1001 1715 1044 ἀναδίδοται

269 1066 438 1121 διειδης,
473 1068 567 1116 τοὺς
600 1068 843 1123 ὄσθαλμους
873 1069 997 1111 αὐτοῦ
1023 1067 1294 1126 διορύττουσι,
1322 1071 1388 1112 καὶ
1410 1067 1435 1123 ἦ
1457 1069 1562 1124 myst]
1582 1068 1714 1113 ἔκτοτε

267 1139 399 1177 Βασιλ
404 1136 496 1176 ακία
515 1133 709 1190 πηγάδιον
728 1135 972 1192 ὀνομάζεται.
1005 1137 1074 1179 τὸν
1095 1138 1138 1179 δὲ
1162 1137 1373 1191 Κομνηνὸν
1393 1138 1480 1193 περὶ
1504 1137 1574 1191 τὴν
1593 1139 1713 1179 Κων-

266 1201 591 1245 σταντινούπολιν
617 1201 822 1260 γενόμενον
853 1203 873 1245 ὃ
899 1205 1086 1257 βασιλεὺς
1107 1205 1272 1261 ἐντίμως
1291 1203 1502 1258 δεξάμενος
1517 1205 1714 1259 σεβαστὸν

266 1272 447 1326 τετίμηκε
469 1272 535 1313 καὶ
556 1274 714 1313 πολλῶν
737 1270 912 1326 κτήσεων
937 1275 1104 1330 δωρεαῖς
1124 1271 1483 1329 ἐφιλοφρονήσατο.
1724 1280 1766 1316 15

121 1393 152 1428 Ρ
178 1394 243 1430 103
403 1383 481 1429 29.
544 1385 611 1426 Ἔν
632 1383 760 1442 τούτῳ
782 1385 824 1427 δ’
853 1386 1043 1440 ἐπανῆκεν
1069 1386 1111 1427 ἔκ
1137 1389 1209 1440 τῆς
1226 1385 1454 1439 Ἀντιοχέων
1480 1387 1546 1429 καὶ
1571 1384 1592 1426 ὅ
1617 1383 1711 1427 τοί·-

263 1469 334 1495 του
368 1451 551 1509 ὁμαίμων
580 1452 600 1495 ὅ
631 1453 843 1509 Κομνηνὸς
872 1452 1091 1505 Ἰσαάκιος,
1132 1452 1176 1505 ὃς
1200 1454 1272 1508 τὴν
1288 1454 1486 1506 βασιλέως
1507 1451 1712 1508 ἁπλότητα

264 1522 450 1576 διαγνοὺς
485 1523 551 1562 καὶ
588 1519 642 1571 ὡς
673 1520 795 1578 χάριν
828 1526 907 1564 τῶν
940 1524 983 1564 ἐκ
1016 1523 1167 1578 Συρίας
1198 1519 1451 1578 ὑφασμάτων
1462 1553 1477 1572 ,
1524 1519 1713 1574 συχνάκις

262 1593 428 1631 τοιαῦτα
449 1589 585 1639 διδοὺς
604 1594 794 1632 τοσοῦτον
815 1590 886 1644 τὴν
904 1591 1102 1644 βασιλέως
1121 1588 1368 1632 ἐπεσπάσατο
1391 1587 1546 1632 εὔνοιαν
1569 1586 1624 1640 ὥς
1643 1590 1711 1631 καὶ

351 1721 383 1753 1.
407 1716 613 1764 Εὐριπίδῃ]
638 1719 726 1753 Vide
748 1720 791 1754 ad
815 1718 1054 1764 Cinnamump
1057 1719 1125 1754 .45
1148 1731 1183 1754 v.
1200 1720 1254 1755 11.
1357 1718 1443 1753 ibid.
1449 1718 1591 1774 δοκῶ]
1619 1719 1711 1753 Bek-

349 1764 410 1797 ker
433 1765 580 1798 δοκοῦν.
672 1766 757 1799 ibid.
783 1762 922 1822 σοῬὸν]
947 1766 990 1799 V.
995 1766 1149 1819 σοφῶν.
1241 1766 1275 1799 3.
1297 1761 1386 1808 μεν]
1410 1762 1512 1807 γάρ’.)
1532 1776 1598 1807 μεν
1613 1762 1711 1808 γάρ’.)

348 1811 382 1846 7.
408 1806 490 1853 ἐπὶ]
513 1807 620 1845 vwo'?
739 1813 792 1845 11.
816 1812 937 1856 ῳπερ]
963 1805 1104 1854 minse?
1230 1811 1284 1844 13.
1308 1809 1530 1855 Βασιλακία]
1555 1812 1711 1846 Βασιλα-

348 1855 460 1889 κίονί)
506 1856 567 1888 cfr.
592 1856 775 1890 Wilkenl.
800 1857 822 1889 l.
847 1868 880 1901 p.
905 1857 960 1891 68.
1123 1857 1175 1892 18.
1196 1852 1330 1900 χάριν]
1355 1855 1505 1901 Requiro
1528 1856 1668 1890 verbum
1691 1867 1711 1890 a

348 1911 416 1946 quo
437 1901 582 1946 pendeat
604 1902 770 1946 genitivus
794 1902 868 1936 τῶν
888 1897 1130 1945 υφασμάτων.

263 2013 462 2059 Euripides.
494 2026 586 2049 mens
609 2026 677 2049 una
701 2014 834 2060 sapiens
857 2014 1015 2060 plurimas
1038 2013 1145 2048 vincit
1162 2025 1288 2051 manus.
1334 2015 1427 2048 cuius
1443 2014 1628 2048 sententiae
1642 2025 1708 2048 non

261 2060 330 2092 alia
345 2060 518 2094 efficacior
534 2072 630 2105 quam
647 2073 688 2095 ex
704 2061 795 2094 hisce
817 2061 924 2094 Alexii
946 2059 1103 2105 operibus
1127 2059 1352 2113 comprobatio
1383 2064 1455 2102 est3
1484 2059 1645 2114 siquidem
1673 2060 1708 2094 iu

263 2105 305 2139 iis
332 2104 479 2138 cernitur
502 2118 599 2140 unum
626 2106 786 2140 homiuem
803 2118 869 2140 una
884 2111 994 2140 mente
1007 2105 1151 2150 sapienti
1165 2106 1302 2139 consilio
1326 2106 1499 2159 praedita,
1529 2106 1707 2139 acerrimos

263 2155 301 2184 et
325 2149 579 2192 gloriosissimos
606 2153 832 2186 Romanorum
855 2152 957 2185 duces
977 2151 1166 2185 fortissimis
1181 2155 1216 2186 et
1231 2150 1503 2185 numerosissimis
1523 2150 1708 2185 succinctos

260 2196 368 2241 copiis
392 2195 584 2230 brevissimo
609 2203 761 2242 tempore
786 2198 972 2232 debellasse
994 2197 1238 2251 collapsumque
1257 2197 1398 2231 omnium
1413 2196 1623 2230 confessione
1637 2208 1707 2230 rem

260 2241 426 2295 publicam
443 2246 479 2275 et
493 2242 644 2276 deiectos
660 2244 786 2277 animos
802 2243 941 2276 militum
957 2248 1072 2287 partes
1095 2242 1305 2286 imperatoris
1320 2242 1524 2287 sequentium
1539 2241 1709 2276 excitasse

260 2287 296 2320 in
311 2287 426 2320 melius
441 2292 543 2332 atque
560 2289 716 2324 erexisse.
752 2289 897 2322 Basilaci
912 2299 1013 2333 porro
1029 2292 1068 2321 ut
1081 2287 1221 2322 diximus
1237 2292 1335 2341 capto
1347 2291 1561 2322 occurrerunt
1574 2286 1708 2331 quidam

262 2333 306 2365 ab
321 2332 525 2377 imperatore
541 2334 629 2368 missi
641 2334 728 2367 inter
744 2334 917 2378 Philippos
932 2339 966 2367 et
979 2333 1211 2388 Amphipolim
1259 2333 1292 2367 hi
1315 2344 1388 2366 cum
1413 2333 1580 2366 Comneno
1595 2332 1707 2366 literas

261 2378 305 2410 ab
321 2378 526 2424 imperatore
540 2379 781 2420 reddidissent,
805 2385 979 2424 acceptum
995 2380 1038 2413 ab
1055 2390 1095 2412 eo
1110 2379 1171 2412 ut
1162 2379 1202 2412 iis
1219 2378 1507 2432 praescribebatur
1523 2377 1706 2412 Basilacem

261 2434 414 2458 seorsum
432 2424 642 2458 abduxerunt
655 2425 698 2458 ad
714 2425 823 2458 vicum
838 2424 1011 2469 quemdam
1029 2424 1244 2468 Chempinam
1259 2423 1408 2465 dictum,
1435 2423 1468 2456 in
1489 2434 1557 2467 quo
1573 2423 1706 2468 perspi-

262 2469 315 2501 cui
339 2469 441 2504 fontis
462 2470 632 2524 scaturigo
654 2474 717 2505 est.
762 2470 810 2504 ibi
834 2470 866 2504 ei
894 2469 1005 2503 oculos
1030 2470 1215 2503 effodiunt:
1245 2481 1286 2504 ex
1313 2480 1380 2513 qua
1393 2479 1503 2501 miseri
1517 2468 1706 2503 calamitate

260 2514 335 2546 fons
360 2514 406 2548 ibi
433 2515 545 2550 oriens
574 2516 731 2562 deinceps
745 2515 903 2550 Basilacii
918 2515 1076 2549 adiuncto
1091 2526 1223 2548 nomine
1236 2514 1409 2568 insignitus
1425 2518 1485 2546 est.
1531 2514 1707 2558 appulsum*

242 2569 343 2591 1ver0
366 2560 691 2612 Constantinopolim
717 2563 921 2596 Comnenum
943 2560 1125 2606 imperator
1151 2557 1481 2595 honorificentissime
1506 2560 1640 2604 excepit
1663 2572 1704 2596 ac

259 2604 387 2638 sebasti
404 2605 567 2650 dignitate
580 2608 775 2643 decoratum
790 2607 887 2641 donis
902 2610 937 2641 et
951 2605 1216 2653 possessionibus
1231 2605 1324 2640 auxit
1337 2603 1595 2650 perliberaliter.

350 2696 406 2729 29.
453 2696 569 2731 Rediit
593 2698 710 2732 eodem
736 2702 886 2743 tempore
908 2697 1083 2732 Antiochia
1103 2698 1210 2731 frater
1230 2694 1326 2729 huius
1341 2694 1485 2729 isaacius
1501 2695 1702 2739 comnenus,

258 2740 316 2785 qui
339 2740 551 2786 imperatoris
574 2742 787 2787 simplicitate
812 2743 971 2787 cognita,
999 2742 1167 2776 mittendis
1188 2740 1320 2784 saepius
1343 2740 1385 2773 ad
1413 2752 1486 2774 eum
1512 2741 1701 2775 muneribus

259 2798 441 2832 pannorum
457 2792 493 2823 et
510 2787 674 2822 telarum'
665 2800 698 2822 ιιι
715 2790 765 2832 S)
769 2788 819 2824 ria
832 2793 1023 2832 texturam,
1051 2793 1180 2823 tantam
1198 2786 1267 2821 eius
1290 2785 1455 2830 gratium'
1447 2798 1479 2820 ιιι
1494 2797 1532 2821 se
1550 2791 1701 2821 attraxe-
