1878 3262
543 207 1094 254 communionum.
1117 208 1178 252 L:
1197 207 1252 251 H.
1558 206 1624 254 89

288 326 397 372 23.1
452 322 620 368 Τούτων
655 324 792 367 ἓκεῒνοι
822 320 1066 374 ἄκουσαντες
1092 323 1318 381 ἐπεχείρουν
1345 318 1555 407 ταράττειν
1580 321 1627 365 τὸ

164 398 350 451 πλῆθος,
374 395 441 439 καὶ
471 392 656 451 θόρυβος
686 395 753 436 καὶ
786 392 940 449 κραυγὴ
973 386 1024 447 ἦν
1052 393 1218 447 μεγίστη
1247 395 1327 434 τῶν
1356 393 1429 446 μὲν
1463 389 1631 445 ἄσημως

165 462 382 520 βοώντων,
404 467 485 505 τῶν
511 464 554 505 δὲ
579 462 834 518 βουλομένων
856 459 1060 512 σώζεσθαι
1082 460 1153 502 τὸν
1180 460 1420 517 Οὗρσέλιον·
1454 458 1632 514 ἐπεβόων

164 533 246 590 γὰρ
276 522 413 587 μηδέν
438 549 477 574 τι
510 532 638 574 δεινὸν
670 529 1101 587 παθεῒνι-πρὸς-αὖτοῢ
1123 531 1189 574 καὶ
1210 531 1423 586 ἐπειρῶντο
1442 527 1632 586 ἁρπάζειν

130 610 156 646 5
168 606 309 645 τοῦτον
328 603 371 643 ἐκ
389 605 466 655 τῆς>
479 602 607 651 οἰκίας
627 601 694 642 καὶ
712 597 898 644 ἀπολύειν,
920 596 1147 655 ἐλεύθερον.
1213 599 1282 640 καὶ
1298 596 1405 652 τάχα
1427 597 1476 640 ἄν
1497 599 1630 654 ἕτερος
1648 604 1684 640 0
1731 637 1734 642 .

162 670 223 714 ὢν
244 669 454 727 ἐταράχθη
480 667 738 725 δῆμονὸρῶν
762 671 954 712 τοσοῦτον
974 665 1216 721 μαινόμενον
1234 668 1300 709 καὶ
1321 668 1633 723 θορυβουμένην

165 738 282 781 πόλιν
307 740 513 794 μεγίστην.
581 736 602 779 ὅ
635 739 678 780 δὲ
702 743 880 794 γενναῖος
898 738 1080 787 νεανίας,
1114 734 1136 777 ὃ
1155 735 1510 792 στρατοπεδάρχης
1530 736 1634 777 ἐκεῖ·

165 806 234 858 νός
263 824 369 864 φημι
378 839 391 859 ,
425 807 552 861 μηδέν
581 824 620 849 τι
653 808 790 856 δείσας
817 805 863 847 τὸ
888 803 1062 851 ,σύνολον
1091 803 1368 860 κατασιγάζειν
1399 804 1549 861 ἤρξατο
1582 807 1634 860 τῇ

164 878 269 933 χειρὶ
296 876 366 918 τὸν
398 873 598 932 θόρυβον.
664 875 744 930 ὀψὲ
777 875 821 916 δὲ
851 876 920 916 καὶ
946 873 1064 928 μόλις
1083 874 1295 929 γενομένης
1313 871 1483 927 ἡσυχίας
1503 871 1632 928 λόγων

110 954 157 989 10
167 944 311 1000 ἤρχετο
333 944 434 1000 πρὸς
452 945 498 986 τὸ
516 941 904 999 πλῆθοςτοιούτων.
945 941 1203 996 “θαυμάζειν
1223 942 1350 984 ἔπεισί
1367 958 1437 995 μοι
1449 973 1461 992 ,
1490 941 1633 997 ἄνδρες

159 1013 438 1067 Ἀμασειανοί,
474 1011 583 1063 ὅπως
619 1012 769 1071 ῥαδίως
807 1011 936 1061 οὕτως
968 1012 1229 1061 ἐξαπατᾶσθε
1252 1008 1331 1052 ὕπὸ
1355 1015 1435 1052 τῶν
1454 1025 1635 1051 κατασο-

167 1082 389 1140 φιζομένων
405 1079 515 1136 ὖμᾶς
532 1083 602 1123 καὶ
625 1082 698 1135 τὴν
715 1085 832 1138 σφῶν
853 1081 928 1134 μὲν
949 1080 1082 1123 αὐτῶν
1105 1080 1301 1137 ὠφέλειαν
1321 1079 1555 1132 ὠνουμένων
1576 1080 1635 1134 τῷ

164 1149 344 1208 ὗμετέρῳ
375 1152 537 1204 αἵματι,
575 1152 765 1206 μεγίστης
801 1150 845 1193 δὲ
870 1147 1031 1204 βλάβης
1055 1147 1151 1202 ὑμῖν
1178 1149 1380 1205 προξένων
1405 1147 1634 1203 γινομένων.

166 1221 263 1261 ποία
282 1219 360 1276 γὰρ
382 1217 478 1273 ὑμῖν
497 1218 634 1273 ὄνησις
653 1219 802 1274 ἐγένετο
825 1222 899 1272 τῆς
922 1219 1158 1274 τυραννίδος
1177 1216 1466 1271 συνισταμένης
1488 1214 1548 1257 ὅτι
1571 1214 1628 1269 μὴ
1651 1217 1684 1253 1)

112 1294 157 1331 15
169 1290 324 1345 σφαγαὶ
347 1290 413 1330 καὶ
435 1289 708 1341 αι’χμαλωσίαι
727 1288 795 1328 καὶ
816 1284 1017 1342 πηρώσεις
1040 1288 1107 1328 καὶ
1127 1285 1456 1342 ἅκρωτηριασμοὶ
1479 1287 1637 1338 μελῶνς

167 1357 262 1399 ἀλλ’
285 1354 400 1411 ὑμεῖς
421 1357 494 1410 μὲν
521 1355 626 1398 οὕτω
649 1359 783 1405 κακῶς
804 1353 994 1408 ἐπάσχετε
1003 1387 1017 1406 ,
1053 1355 1091 1396 οἳ
1126 1355 1169 1397 δὲ
1197 1359 1268 1396 νῦν
1291 1352 1400 1408 ὑμᾶς
1424 1353 1526 1410 πρὸς
1554 1356 1639 1394 θυ-

167 1425 247 1480 μὸν
267 1427 334 1467 καὶ
359 1423 544 1481 θόρυβον
576 1425 840 1481 ἄνεγείροντες
873 1421 1082 1480 διετήρουν
1105 1424 1179 1477 μὲν
1202 1423 1320 1478 ἀσινῆ
1342 1422 1394 1465 τὰ
1417 1424 1542 1464 οἰκεῖα
1568 1420 1640 1463 τὸν

166 1492 382 1550 βάρβαρον
414 1492 734 1551 θεραπεύοντες,
766 1489 1055 1546 ἀπελάμβανον
1086 1492 1130 1534 δὲ
1160 1493 1228 1533 καὶ
1256 1495 1336 1534 τῶν
1367 1492 1411 1532 ἐκ
1441 1490 1642 1544 βασιλέως

169 1564 358 1618 δωρεῶν,
392 1560 452 1604 ὅτι
483 1561 542 1616 μὴ
566 1566 675 1619 σφᾶς
697 1579 739 1603 τε
762 1562 828 1602 καὶ
851 1560 924 1615 τὴν
946 1559 1063 1602 πόλιν
1084 1561 1323 1618 ἐνεχείρισαν
1344 1563 1403 1617 τῷ
1423 1556 1640 1615 βαρβάρῳ.
1674 1616 1677 1617 ⁷

113 1628 284 1685 2οὖμίῦν
315 1631 358 1673 δὲ
390 1631 483 1673 οὐδὲ
510 1631 580 1672 ἕνα
610 1628 728 1686 λόγον
753 1627 989 1684 ἐποιήσαντο
1011 1627 1184 1671 πώποτε.
1255 1627 1324 1671 διά
1348 1645 1410 1670 τοι
1431 1632 1550 1669 τοῦτο
1573 1628 1642 1668 καὶ
1663 1628 1693 1664 P
1715 1629 1760 1664 61

170 1694 295 1750 αὖθις
326 1698 544 1754 βούλονται
573 1699 647 1754 τὴν
680 1700 900 1757 τυραννίδα
933 1699 1232 1751 συνίστασθαι,
1264 1699 1334 1742 ἵνα
1366 1701 1426 1755 τῷ
1456 1694 1641 1755 τυράννῳ

260 1851 318 1887 23.
363 1851 430 1886 His
449 1851 605 1886 Amaseni
621 1862 782 1906 proceres
797 1851 919 1886 auditis
934 1850 1105 1885 concitare
1117 1850 1250 1904 plebem
1264 1851 1493 1893 conabantur,
1514 1849 1640 1884 tumul-

171 1901 295 1942 tusque
310 1908 351 1931 ac
367 1898 526 1931 confusus
543 1898 667 1932 clamor
681 1897 811 1932 exstitit
825 1908 985 1950 magnus,
1014 1897 1211 1950 quibusdam
1233 1896 1406 1931 incondita
1419 1896 1584 1941 quaedam
1603 1899 1641 1930 et

171 1943 321 1977 incertae
333 1943 589 1986 significationis
604 1943 887 1986 vociferantibus,
903 1942 976 1976 aliis
989 1942 1149 1976 distincte
1163 1942 1302 1976 liberari
1313 1943 1481 1977 Urselium
1493 1953 1641 1997 poscen-

172 1989 283 2032 tibus,
315 1989 395 2023 nihil
410 1990 501 2023 enim
516 2001 554 2023 se
567 1990 611 2023 ab
625 1989 683 2023 illo
699 2000 806 2033 grave
821 1999 960 2034 passos3
990 1988 1156 2033 simulque
1171 1989 1364 2022 nitebantur
1385 2000 1507 2033 rapere
1527 1988 1637 2033 ipsum

173 2047 195 2069 e
216 2035 367 2069 custodia
390 2041 427 2069 et
451 2035 606 2069 emittere
628 2035 781 2069 liberum.
829 2035 914 2068 alius
932 2034 1050 2079 utique
1069 2034 1179 2079 quivis
1201 2035 1357 2069 turbatus
1376 2035 1496 2069 fuisset
1510 2038 1638 2069 tantum

172 2081 334 2127 populum
349 2081 516 2115 furentem
530 2081 648 2114 videns
663 2086 699 2115 et
714 2080 883 2114 civitatem
897 2080 1071 2114 maximam
1086 2085 1207 2114 contra
1220 2091 1259 2114 se
1274 2081 1539 2114 tumultuantem.
1567 2090 1639 2114 no-

173 2133 246 2161 ster
261 2138 344 2160 vero
360 2138 545 2171 generosus
559 2127 691 2160 iuvenis
705 2127 845 2160 Alexius
867 2126 1054 2171 intrepidus
1070 2126 1113 2159 ad
1128 2127 1213 2160 haec
1227 2132 1367 2171 pectore
1384 2126 1584 2160 inconcusso
1599 2137 1641 2159 ac

173 2172 294 2208 fidenti
317 2174 411 2206 vultu
437 2173 536 2206 silere
558 2172 699 2206 iubebat
721 2173 853 2206 turbam
878 2177 915 2205 et
938 2183 1037 2205 manu
1063 2177 1223 2225 protensa
1246 2172 1448 2206 audientiam
1465 2172 1640 2216 poscebat,

175 2229 243 2263 qua
271 2223 452 2263 utcumque
475 2219 658 2263 impetrata
682 2219 767 2251 banc
788 2218 832 2251 ad
856 2218 1009 2272 plebein'
1000 2229 1107 2271 ipsam
1121 2217 1307 2251 orationem
1322 2218 1450 2252 habuit.
1459 2217 1480 2233 ’'
1526 2218 1643 2260 miror,

174 2264 240 2298 viri
262 2265 440 2306 Amaseni‚
474 2270 540 2298 tam
560 2264 660 2298 facile
677 2263 784 2308 decipi
802 2275 864 2297 vos
880 2264 946 2297 ab
937 2264 979 2297 iis
994 2263 1052 2308 qui
1065 2263 1165 2298 vobis
1179 2263 1266 2297 male
1282 2264 1459 2298 consulunt
1473 2267 1510 2297 et
1524 2264 1644 2308 priva-

176 2314 231 2344 tas
247 2310 396 2355 ipsorum
412 2290 576 2343 utilitates
592 2316 709 2343 vestro
725 2310 889 2352 sanguiue
910 2314 1101 2343 mercantur
1121 2322 1184 2343 nec
1197 2310 1376 2354 quidquam
1393 2310 1490 2363 pensi
1506 2310 1643 2354 babent,

177 2366 276 2401 quam
291 2356 443 2400 graviter
459 2355 557 2389 vobis
572 2360 736 2398 noceant,
772 2355 848 2388 dum
864 2355 928 2388 sibi
942 2355 1000 2389 vel
1014 2355 1136 2389 leviter
1143 2355 1291 2410 prosint.
1339 2356 1413 2400 quis
1435 2355 1521 2389 enim
1543 2355 1644 2388 vobis

177 2403 308 2436 fructus
332 2401 571 2437 invalescentis
597 2401 734 2434 Urselio
757 2401 946 2435 dominante
971 2405 1007 2435 et
1030 2401 1106 2435 istis
1123 2401 1152 2434 ei
1171 2402 1434 2445 obsequentibus
1455 2400 1647 2444 tyrannidis

179 2447 245 2482 fuit
261 2452 396 2493 praeter
411 2447 532 2481 caedes
549 2447 765 2493 captnitatcs
781 2446 1003 2480 mutilationes
1016 2447 1312 2491 truncationesque
1327 2447 1576 2481 membrorum?
1611 2449 1647 2480 et

180 2492 217 2527 in
230 2502 293 2527 vo's
308 2493 464 2538 quidem
455 2500 521 2527 ista
537 2493 792 2534 desaevierunt3
820 2493 877 2538 qui
895 2504 978 2526 vero
995 2503 1083 2526 nunc
1098 2493 1130 2526 in
1145 2493 1227 2526 iram
1244 2498 1280 2526 et
1293 2493 1469 2527 tumultum
1487 2504 1547 2526 vos
1563 2504 1647 2526 con-

183 2539 294 2573 citant
310 2539 439 2573 intacta
455 2539 651 2584 illibataque
665 2545 844 2572 servarunt
859 2538 1058 2592 patrimonia
1075 2543 1166 2572 tecta
1180 2538 1385 2584 praediaque
1396 2539 1546 2584 propria,
1561 2549 1647 2583 qua-

182 2595 256 2619 rum
273 2596 383 2621 rerum
396 2585 660 2620 incolumitatem
677 2584 845 2618 concessis
860 2584 983 2618 vobis'
974 2596 1009 2618 ιιι
1025 2584 1174 2628 rapinam
1191 2585 1333 2618 barbaro
1350 2585 1415 2619 sibi
1431 2586 1474 2619 ab
1490 2596 1531 2619 eo
1550 2584 1647 2630 paci-

184 2631 377 2665 scebantur.
423 2631 592 2676 iidemque
608 2631 706 2664 etiam
722 2635 841 2684 postea
857 2630 1006 2676 praemia
1019 2630 1099 2664 fidei
1114 2636 1249 2664 vestrae
1263 2632 1306 2671 ab
1322 2631 1528 2676 imperatore
1540 2630 1645 2674 largi-

184 2681 238 2709 ter
261 2675 372 2710 soluta
388 2676 575 2711 diviserunt
600 2678 691 2711 inter
706 2688 744 2710 se
758 2676 924 2710 iactantes
942 2687 1002 2710 sua
1018 2687 1124 2721 opera
1139 2677 1263 2710 factum
1279 2688 1323 2711 ne
1337 2677 1400 2711 hac
1417 2677 1554 2711 civitate
1570 2676 1645 2710 Ur-

184 2721 284 2755 selius
299 2721 486 2766 potiretur,
515 2723 677 2768 neglectis
694 2722 845 2756 funditus
858 2722 956 2757 vobis
977 2734 1059 2765 nec,
1089 2733 1162 2756 cum
1177 2722 1211 2757 in
1228 2727 1323 2756 tanta
1339 2729 1436 2768 parte
1451 2723 1646 2756 damnorum

189 2766 341 2809 fueritis,
369 2767 412 2800 ad
440 2768 541 2803 ullam
557 2768 802 2805 commodorum
818 2768 1014 2814 particulam
1030 2767 1202 2813 admissis,
1229 2774 1349 2814 utpote
1363 2769 1420 2813 qui
1431 2769 1556 2803 nullam
1570 2779 1645 2801 um-

188 2823 290 2865 quam
305 2823 416 2846 rerum
431 2825 472 2848 ac
485 2814 652 2850 rationum
666 2819 855 2849 vestrarum
869 2826 983 2849 curam
999 2819 1060 2848 aut
1075 2814 1312 2859 cogitationem
1328 2815 1538 2867 sumpserint.
1573 2813 1642 2846 ita-

189 2869 258 2904 que
281 2857 346 2894 iam
367 2869 483 2909 rursus
507 2860 645 2906 cupiunt
663 2860 843 2896 restituere
864 2859 1105 2908 tyrannidem
1095 2860 1175 2907 ipsis
1191 2865 1427 2911 quaesmosam
1441 2859 1540 2894 vobis
1554 2868 1642 2904 quos
