1878 3262
232 215 325 261 182
708 208 934 252 IOANNIS
969 207 1197 251 CINNAMI

226 321 536 384 γυμνητεύοντος
563 321 823 378 ἓγκαθίζοντα
842 325 916 364 τοῦ
933 318 1121 376 σώματος
1142 318 1365 376 συνεμύζων
1385 320 1494 380 αὐτῷ
1513 326 1590 365 τῶν
1610 323 1675 366 αἷ-

228 394 379 450 μάτων.
423 390 502 448 ὕφ’
525 384 580 432 ὧν
596 389 874 448 ἀπαγορεύσας
891 389 913 432 ὃ
934 390 1151 446 ἄνθρωπος
1174 388 1304 432 πάντα
1321 391 1389 433 τὸν
1407 395 1578 432 πλοῦτον
1591 388 1675 434 Ῥε-

227 462 362 516 νάλὸῳ
398 465 583 516 παρεῖχεν
621 458 849 515 ἔξενεγκών·
888 456 910 501 ὃ
948 460 991 500 δὲ
1027 456 1362 513 ἓξευμενιζόμενος
1397 461 1521 513 δῆθεν
1557 458 1678 501 αὐτὸν

228 526 435 582 κοσμήσας
453 525 642 581 συνήθως
660 527 831 584 ἔφιππον
852 527 919 569 διὰ
936 528 1060 581 μέσης
1077 520 1145 581 ἦγε
1173 530 1245 580 τῆς
1274 524 1425 576 πόλεως
1437 558 1451 578 ,
1489 527 1609 576 αὐτὸς
1636 529 1678 568 ἐκ

228 594 353 646 ποδός
371 612 412 638 τε
430 596 606 650 βαδίζων
622 598 688 638 καὶ
707 596 775 638 τὸν
792 597 835 637 ἐκ
853 600 924 650 τῆς
943 596 1175 652 ἐφεστρίὸος
1190 594 1409 650 ἠρτημένον
1427 595 1468 636 ἓν
1481 597 1584 652 χειρὶ
1604 613 1674 637 κα·
1690 602 1711 638 5

228 665 355 718 τίχων
381 661 542 717 ἱμάντα.
609 664 706 706 ἀλλ’
735 665 879 714 ἐκεῖνος
906 664 979 717 μὲν
997 667 1126 705 ταῦτα
1145 663 1285 714 ἐποίει,
1320 660 1341 703 ὅ
1363 663 1406 704 δὲ
1431 662 1546 704 οὐδὲν
1564 657 1682 717 ἧττον

178 742 210 775 c
232 733 430 787 ἓμεμηνίει
449 731 552 774 κατὰ
563 729 773 774 Ῥενάλδου
794 734 861 774 καὶ
883 730 1006 786 ἐζήτει
1026 730 1164 788 καιρὸν
1183 729 1291 780 ὅπως
1308 729 1358 772 ἂν
1377 728 1571 784 ἀμύναιτο
1588 735 1685 773 τοῖ-

228 818 313 844 τον.
380 801 447 842 καὶ
477 800 528 853 δὴ
562 800 690 855 συχνὰ
721 800 832 858 παρὰ
861 800 1032 855 βασιλέα
1063 800 1227 854 πέμπων
1259 797 1494 856 προδιδόναι
1513 799 1550 840 οἳ
1567 816 1684 842 κατε-

230 868 466 925 πηγγέλλετο
494 868 563 911 τὸν
593 868 822 926 ἄνθρωπον.
888 868 1086 923 βασιλέως
1110 868 1152 909 δὲ
1172 867 1272 924 πρὸς
1291 871 1407 910 τοῦτο
1429 865 1688 918 ἀνανεύοντος

233 939 254 993 (
264 937 423 994 πολέμῳ
447 935 525 994 γὰρ
550 941 706 990 μᾶλλον
734 937 761 992 ἢ
788 935 894 995 δόλῳ
925 936 1200 993 περιγενέσθαι
1233 935 1384 991 ἤθελε)
1398 968 1411 988 ,
1456 940 1528 990 τῆς
1557 931 1743 992 ὃρμῆςω

230 1003 479 1048 ἆνεκόπτετο.
541 1003 749 1055 Ῥενάλὸος
773 1006 847 1059 μὲν
870 1009 999 1047 ταῦτα
1020 1006 1164 1046 ἐννοῶν
1178 1004 1228 1046 τὰ
1246 1004 1511 1061 προειρημένα
1531 1008 1694 1057 βασιλεῖ

204 1085 209 1089 ’
229 1072 454 1126 ὗπισχνεῖτο
467 1085 478 1098 ·
512 1077 585 1115 τοῦ
604 1074 646 1114 δὲ
665 1074 723 1127 μὴ
741 1074 999 1129 προσιεμένου
1024 1072 1096 1127 τὴν
1121 1073 1269 1114 ἱκεσίαν
1290 1071 1424 1114 τοιάδε
1445 1072 1535 1114 τινὰ
1555 1073 1689 1114 ἐποίει.

231 1141 462 1198 ἀφαιρεῖται
480 1139 553 1192 μὲν
569 1140 642 1195 τὴν
658 1139 891 1198 καλύπτραν
910 1145 982 1195 τῆς
1003 1144 1203 1197 κεφαλῆς,
1224 1139 1438 1196 γυμνώσας
1454 1142 1497 1182 δὲ
1514 1140 1570 1183 τὼ
1579 1147 1689 1197 χεῖρε

175 1234 178 1238 ›
232 1208 328 1265 ἄχρι
355 1209 422 1249 καὶ
451 1208 491 1257 ἐς
525 1207 706 1264 ἀγκῶνας
734 1208 881 1259 αὐτούς
889 1241 901 1260 ,
937 1207 1177 1258 ἀνυπόδετος
1194 1209 1267 1251 σὺν
1284 1213 1363 1250 τῶν
1381 1213 1570 1263 μοναχῶν
1587 1213 1688 1250 πολ-

231 1280 317 1326 λοῖς
348 1275 415 1318 διὰ
443 1276 569 1330 μέσης
597 1281 670 1331 τῆς
694 1275 846 1327 πόλεως
867 1275 1132 1334 πορευόμενος
1149 1277 1210 1317 ἐπὶ
1227 1277 1398 1330 βασιλέα
1416 1278 1687 1333 παραγίνεται.
1701 1287 1744 1323 15

230 1345 376 1399 ἐξῆπτο
407 1344 452 1386 δὲ
480 1345 592 1403 αὐτῷ
621 1349 694 1387 τοῦ
727 1346 800 1400 μὲν
827 1343 1030 1402 τραχήλου
1059 1343 1278 1396 καλώδιον,
1311 1346 1416 1401 χειρὶ
1439 1345 1482 1386 δὲ
1503 1349 1554 1401 τῇ
1575 1343 1691 1405 ἑτέρᾳ

178 1422 211 1456 D
235 1414 352 1469 ξίφος
378 1412 553 1469 ἐφέρετο.
623 1407 715 1470 ἧρτ’
742 1408 812 1455 οὗν
831 1418 1048 1468 τηνικαῦτα
1071 1417 1186 1467 βῆιια
1209 1411 1412 1470 λαμπρόν·
1447 1414 1514 1454 καὶ
1531 1411 1692 1455 Ῥενάλ-

233 1483 305 1530 δος
322 1480 395 1535 μὲν
415 1479 570 1522 ἄποθεν
601 1498 678 1522 που
707 1486 778 1536 τῆς
797 1483 1003 1535 βασιλείου
1029 1485 1177 1535 σκηνῆς
1194 1482 1336 1523 ἵστατο
1357 1479 1412 1531 ὡς
1433 1480 1482 1522 ἂν
1503 1481 1560 1536 μὴ
1581 1485 1692 1538 θαρ-

207 1570 213 1577 ·
232 1552 314 1605 ρῶν
334 1548 407 1601 τὴν
431 1549 676 1604 εἷσφοίτησιν
687 1581 700 1599 ,
737 1548 757 1590 ὃ
786 1550 830 1590 δὲ
855 1554 934 1591 τῶν
958 1548 1172 1602 ἄμονάχων
1192 1553 1383 1602 μοναχῶν
1402 1546 1542 1602 ὅμιλος
1565 1548 1691 1592 duciv-

235 1616 356 1657 δαλοί
369 1631 410 1656 τε
431 1617 498 1656 καὶ
517 1615 737 1672 ἀκαλυφεῒς
754 1617 933 1674 κεφαλὰς
951 1615 1132 1672 εἰσῄεσαν
1151 1617 1212 1658 ἐπὶ
1231 1617 1426 1670 βασιλέα,
1455 1618 1516 1658 ἐπὶ
1533 1615 1627 1673 γόνυ
1649 1635 1689 1660 τε
1701 1628 1748 1663 20

234 1681 476 1732 ὃκλάσαντες
503 1682 674 1734 ἅπαντες
700 1682 857 1742 δάκρυά
888 1701 929 1727 τε
961 1689 1041 1727 τῶν
1069 1685 1300 1742 ὀφθαλμῶν
1325 1684 1497 1739 ἔπεμπον
1525 1687 1591 1726 καὶ
1619 1685 1693 1735 τὰς

327 1781 359 1815 1.
383 1776 697 1825 γυμνητεύοντος]
721 1779 807 1816 eod.
823 1777 1116 1833 yvuvtteiiofvoq.
1234 1779 1287 1816 14.
1311 1779 1506 1825 μοναχῶν]
1530 1779 1583 1815 Ita
1597 1782 1694 1816 recte

323 1848 444 1892 Heyse
475 1847 636 1893 explicuit
667 1848 787 1892 siglum
818 1847 954 1882 Codicis
990 1837 1035 1882 οἰχ
1066 1836 1126 1882 οἰχ.
1173 1847 1237 1882 nisi
1270 1847 1359 1893 quod
1373 1875 1383 1892 ,
1417 1850 1456 1881 ut
1478 1847 1576 1893 paulo
1604 1848 1694 1883 infra

327 1905 363 1927 v.
389 1895 431 1928 19
453 1893 595 1938 legitur,
631 1890 827 1937 (ἐμονοὲχων
848 1893 1022 1939 μοναχῶν
1044 1893 1146 1927 scribi
1167 1893 1298 1935 voluit,
1322 1893 1409 1939 quod
1432 1896 1472 1927 ut
1493 1893 1600 1927 altero
1616 1894 1693 1928 loco

325 1939 532 1983 aptissimum
563 1939 610 1972 ita
640 1940 704 1973 hoc
736 1940 811 1974 loco
844 1939 951 1973 minus
972 1942 1086 1985 aptum
1108 1938 1255 1974 videtur.
1301 1939 1432 1975 Tollius
1457 1944 1492 1974 et
1513 1940 1599 1975 Duc.
1620 1937 1693 1974 Ἄν-

323 1982 476 2028 τιοχέων
499 1984 688 2019 ediderunt.

235 2062 415 2097 insidentia
430 2063 623 2107 sanguinem
638 2063 711 2097 eius
728 2064 904 2108 sugebant.
935 2063 1057 2109 quibus
1072 2063 1213 2098 adactus
1225 2063 1397 2098 tormentis
1408 2091 1418 2108 ‚
1444 2064 1594 2109 prolatas
1609 2071 1693 2107 opes

235 2119 350 2142 omnes
377 2109 531 2143 Renaldo
559 2109 708 2143 tradidit.
754 2114 825 2144 tum
843 2121 927 2143 vero
943 2115 1084 2155 pacatus
1099 2110 1155 2143 ille
1166 2135 1176 2151 ‚
1202 2109 1372 2143 consuetis
1386 2109 1494 2142 virum
1508 2108 1615 2142 induit
1628 2119 1693 2141 ve-

235 2153 400 2189 stimentis
412 2181 422 2198 ‚
454 2166 607 2199 equoque
623 2154 820 2189 insidentem
835 2167 897 2200 per
911 2156 1051 2189 mediam
1067 2156 1202 2189 ductum
1218 2155 1387 2188 civitatem
1402 2154 1476 2200 ipse
1491 2153 1595 2199 pedes
1605 2181 1615 2196 ‚
1639 2152 1692 2186 lo-

235 2210 309 2233 rum
336 2199 426 2243 quod
451 2210 471 2232 a
497 2200 579 2232 sella
603 2200 818 2244 dependebat
839 2213 936 2234 manu
954 2206 1093 2242 tenens,
1123 2206 1175 2234 est
1189 2201 1399 2234 subsecutus.
1445 2210 1562 2234 verum
1576 2198 1611 2231 id
1627 2197 1693 2232 etsi

236 2244 364 2288 egisset
387 2244 561 2278 Renaldus
572 2269 583 2286 ‚
611 2256 678 2278 non
694 2246 813 2279 minori
828 2252 937 2280 tamen
953 2258 1027 2280 eum
1043 2246 1120 2280 odio
1137 2246 1406 2291 prosequebatur
1427 2244 1599 2290 pontifex,
1632 2255 1692 2277 oc-

239 2289 476 2334 casionemque
500 2290 678 2334 captabat,
709 2302 777 2335 qua
791 2291 917 2325 illatam
933 2292 994 2325 sibi
1010 2292 1161 2326 iniuriam
1177 2291 1404 2326 ulcisceretur.
1449 2289 1594 2333 ideoque
1617 2300 1692 2322 cre—

238 2334 310 2368 bris
327 2335 371 2368 ad
386 2334 618 2380 imperatorem
632 2335 739 2369 missis
753 2336 872 2379 legatis
883 2363 894 2379 ,
925 2338 1088 2372 hominem
1109 2337 1143 2370 in
1163 2337 1250 2370 illius
1271 2347 1386 2369 manus
1401 2346 1474 2368 sese
1489 2334 1692 2368 traditurum

232 2379 471 2425 pollicebatur.
518 2380 579 2414 sed
595 2380 630 2414 id
644 2387 821 2414 recusante
836 2382 1040 2426 imperatore
1051 2410 1061 2425 ‚
1093 2382 1183 2428 quod
1198 2381 1287 2415 bello
1303 2381 1415 2426 potius
1430 2391 1528 2424 quam
1545 2379 1623 2413 dolo
1639 2379 1693 2413 vi-

233 2426 375 2460 ctoriam
391 2426 496 2459 vellet
512 2425 695 2470 consequi,
720 2427 762 2459 ab
782 2427 916 2471 incepto
932 2428 1071 2462 destitit.
1118 2439 1159 2461 ea
1173 2427 1304 2472 quidem
1321 2426 1427 2459 animo
1442 2430 1603 2470 reputans
1619 2425 1692 2458 Re-

235 2471 354 2504 naldus
367 2499 378 2515 ‚
409 2482 512 2516 supra
535 2471 627 2505 dicta
644 2483 716 2505 cum
731 2471 933 2517 imperatore
950 2473 1073 2517 pacisci
1087 2478 1208 2518 parat:
1241 2483 1356 2506 verum
1371 2471 1426 2504 illo
1443 2482 1560 2516 preces
1574 2481 1694 2514 asper-

233 2521 340 2550 nante
355 2542 365 2557 ,
397 2517 478 2551 talia
503 2516 656 2552 instituit.
704 2518 837 2551 abiecto
863 2518 982 2562 capitis
1002 2524 1197 2562 tegumento
1210 2546 1220 2562 ,
1250 2517 1398 2551 manibus
1414 2527 1521 2560 usque
1538 2515 1582 2550 ad
1598 2515 1693 2549 cubi-

237 2565 306 2594 tum
322 2561 464 2595 detectis
479 2562 690 2607 pedibusque
705 2563 802 2596 nudis
819 2575 892 2597 cum
908 2563 1055 2608 plurimis
1078 2563 1246 2597 monachis
1267 2573 1331 2596 non
1356 2562 1523 2595 monachis
1546 2572 1607 2606 per
1621 2572 1695 2595 me-

236 2605 326 2639 diam
341 2606 498 2641 incedens
523 2608 692 2642 civitatem
708 2608 750 2642 ad
771 2608 1004 2654 imperatorem
1020 2609 1145 2654 pergit.
1192 2618 1356 2653 appensus
1370 2612 1444 2640 erat
1459 2607 1546 2640 collo
1562 2607 1693 2640 funicu-

236 2650 289 2685 lus
302 2675 313 2693 ,
343 2656 380 2685 et
403 2652 535 2695 gladius
559 2654 601 2686 ab
626 2665 667 2686 eo
691 2653 802 2687 altera
822 2654 996 2688 ferebatur
1018 2666 1127 2688 mauu.
1173 2659 1246 2687 erat
1267 2657 1378 2686 autem
1394 2652 1462 2685 illic
1477 2657 1625 2686 erectum
1639 2651 1695 2685 in-

236 2696 331 2741 signe
357 2697 515 2731 tribunal.
564 2699 677 2732 stabat
708 2710 792 2732 vero
818 2700 933 2744 procul
959 2700 1001 2733 ab
1024 2699 1238 2745 imperatorio
1263 2698 1479 2732 tabernaculo
1507 2696 1692 2739 Renaldus‚

236 2747 403 2787 tamquam
419 2743 446 2775 si
461 2743 503 2775 ad
521 2742 609 2776 illum
626 2744 787 2778 accedere
801 2757 866 2779 non
882 2744 1035 2778 auderet.
1062 2745 1296 2780 monachorum
1312 2744 1412 2777 turba
1429 2755 1493 2776 non
1512 2742 1693 2776 monacho-

236 2798 310 2822 rum
324 2787 450 2833 absque
465 2787 618 2822 sandaliis
634 2789 846 2834 capitumque
860 2790 1062 2833 tegumentis
1078 2790 1311 2834 imperatorem
1328 2789 1465 2830 adibat,
1485 2793 1520 2822 et
1534 2788 1567 2822 in
1582 2798 1694 2832 genua

235 2833 492 2878 procumbentes
507 2844 620 2868 omnes
636 2833 788 2869 lacrimas
800 2835 1048 2880 profundebant
1064 2847 1105 2869 ex
1121 2834 1226 2869 oculis
1241 2846 1422 2879 manusque
1435 2832 1693 2879 protendebant.
