1878 3262
493 204 1042 249 COMMENTARIORUM
1073 203 1124 247 L.
1151 202 1188 249 1.
1541 201 1608 249 41

140 327 232 377 ξιοῦ
261 322 429 381 κέρατος
460 319 481 364 ὅ
511 318 758 376 Ἀλυάττης,
793 319 895 376 ἀνὴρ
927 316 1211 375 Καππαδόκης
1238 319 1307 362 καὶ
1339 315 1523 374 συνήθης
1552 322 1613 376 τῷ

139 397 326 449 βασιλεῖ,
360 395 435 434 τοῦ
470 392 511 433 δ’
549 388 755 444 εὐωνύμου
789 388 914 438 αὐτὸς
934 387 955 431 ὃ
979 390 1222 446 Βρυέννιος,
1255 388 1302 431 τὸ
1329 389 1373 431 δὲ
1397 389 1521 442 μέσον
1541 392 1615 442 τῆς

141 461 351 520 φάλαγγος
373 459 475 515 εἶχεν
494 456 515 502 ὅ
537 457 740 515 βασιλεύς.
810 457 996 515 οὖραγεῖν
1016 459 1060 500 δέ
1080 459 1265 500 ἐτέτακτο
1286 455 1307 500 ὅ
1328 461 1403 499 τοῦ
1418 459 1614 514 καίσαρος

140 531 229 581 υἱὸς
256 529 278 573 ὃ
308 528 508 587 πρόεδρος
529 526 783 586 Ἀνδρόνικος
802 525 878 577 τάς
900 544 942 569 τε
961 531 1043 569 τῶν
1067 525 1237 584 ἑταίρων
1264 525 1397 577 τάξεις
1418 525 1521 580 ἔχων
1544 527 1613 568 καὶ

107 600 217 650 δτὰς
247 604 328 642 τῶν
359 597 588 655 ἀρχόντων,
624 597 726 653 ἀνὴρ
758 597 825 638 καὶ
855 596 994 652 γένους
1021 599 1212 652 λαμπροῦ
1240 598 1308 638 καὶ
1339 600 1440 638 πᾶσι
1474 598 1611 649 κομῶν
1631 597 1662 632 P
1684 598 1732 634 30

138 675 226 719 τοῖς
259 672 419 718 καλοῖς·
454 665 647 725 φρονήσει
673 666 752 722 γὰρ
784 669 866 708 τῶν
889 663 1038 720 ἡλίκων
1059 663 1248 707 ἁπάντων
1270 663 1510 722 ὖπέρτερος,
1545 665 1615 706 καὶ

140 736 440 794 ἀνδρικώτατος
469 737 578 793 εἴπερ
608 752 670 785 τις
702 734 844 786 ἄλλος,
875 735 942 776 καὶ
971 740 1061 784 ταῖς
1090 741 1374 790 στρατηγικαῖς
1403 735 1614 791 ἐντραφεὶς

138 807 348 862 μελέταις,
384 805 432 847 οὗ
459 803 564 847 πάνυ
591 805 634 846 δὲ
661 805 805 861 φιλίως
828 803 931 857 ἔχων
954 803 1057 859 πρὸς
1080 803 1268 856 βασιλέα.

281 875 359 920 17.
432 874 484 916 Οἱ
508 874 552 916 δὲ
579 877 756 928 Τοῧρκοι
778 872 848 915 τὸν
867 873 1040 927 βασιλέα
1059 872 1275 926 βλέποντες
1299 867 1614 926 παρατάττοντά

86 951 131 987 10
141 943 210 986 τὸν
232 942 406 999 στρατὸν
426 943 473 984 οὗ
497 942 602 985 κατὰ
624 940 836 999 φάλαγγας
856 941 950 983 οὐδὲ
969 940 1074 983 κατὰ
1096 938 1243 994 λόχους
1262 939 1475 996 (οὐδὲγὰρ
1489 937 1612 992 ἐβού-

138 1017 256 1055 λοντο
273 1010 488 1066 Ῥωμαίοις
509 1014 564 1061 εἷς
577 1018 717 1067 χεῖρας
735 1010 897 1065 ἐλθεῖν)
921 1008 1146 1065 ἡσύχασαν.
1216 1009 1311 1051 ἀλλ’
1341 1006 1362 1050 ὃ
1386 1009 1460 1062 μὲν
1486 1011 1612 1050 σουλ-

137 1079 260 1131 τάνος
291 1079 431 1137 πόρρω
463 1097 541 1122 που
579 1078 790 1133 ἱστάμενος
813 1079 866 1121 τὰ
890 1079 992 1135 πρὸς
1011 1077 1186 1132 πόλεμον
1208 1075 1456 1128 διετάττετο,
1490 1077 1611 1132 ἀνδρὶ

139 1150 185 1192 δέ
205 1167 282 1211 τινι
299 1150 464 1208 ἐκτομίᾳ
481 1149 534 1191 τὰ
554 1149 722 1204 μέγιστα
743 1148 845 1204 παρ’
863 1148 975 1205 αὐτῷ
988 1148 1218 1204 δυναμένῳ,
1247 1144 1468 1202 Ταράγγης
1480 1143 1609 1203 τούτῳ
1629 1155 1662 1191 Β

137 1218 184 1262 τὸ
218 1217 370 1272 ὄνομα,
404 1218 479 1268 τὰς
508 1219 698 1267 πλείστας
729 1215 921 1270 δυνάμεις
941 1215 1152 1273 παραδοὺς
1175 1214 1314 1272 κύριον
1336 1218 1410 1256 τοῦ
1432 1214 1611 1268 πολέμου

82 1294 127 1331 15
141 1291 283 1330 τοῦτον
305 1287 519 1336 ἀπέδειξεν.
564 1284 586 1328 ὅ
611 1286 654 1327 δὲ
676 1287 733 1335 εἲς
753 1285 885 1327 πολλὰ
901 1286 1004 1341 μέρη
1026 1284 1072 1327 τὸ
1095 1283 1328 1341 στράτευμα
1349 1283 1489 1325 διελὼν
1508 1299 1612 1339 προ-

137 1354 359 1409 λοχισμούς
377 1372 419 1397 τε
440 1356 563 1396 ἐποίει
585 1356 652 1396 καὶ
675 1355 839 1408 ἐνέδρας
860 1356 1049 1405 συνίστα,
1076 1355 1144 1395 καὶ
1167 1353 1358 1410 περιιέναι
1382 1352 1457 1402 τὰς
1478 1350 1612 1402 τάξεις

131 1422 342 1478 Ῥωμαίων
366 1424 550 1465 ἐπέταττε
573 1425 640 1465 καὶ
664 1429 748 1481 τοῖς
768 1421 984 1477 τοξεύμασι
1005 1426 1192 1478 χρῆσθαι
1217 1420 1433 1463 πάντοθεν.
1503 1421 1541 1462 οἱ
1566 1420 1610 1462 δὲ
1630 1421 1666 1456 V
1691 1422 1736 1458 19

131 1490 324 1547 Ῥωμαῖοι
339 1496 420 1534 τῶν
434 1494 571 1534 ἵππων
589 1491 723 1533 αὐτῶν
740 1492 1004 1545 βαλλομένων
1020 1489 1289 1546 ἠναγκάζοντο
1310 1490 1494 1532 ἕπεσθαι.
1542 1490 1612 1531 καὶ

138 1561 190 1616 δὴ
226 1563 381 1604 εἵποντο
416 1559 575 1619 φεύγειν
604 1558 830 1603 δοκούντων
857 1562 1027 1602 ἐκείνων.
1098 1561 1154 1609 εἷς
1184 1560 1228 1601 δὲ
1257 1558 1354 1608 τοὺς
1375 1556 1522 1612 λόχους
1542 1559 1611 1599 καὶ

81 1630 211 1680 Ξοτὰς
246 1631 411 1687 ἐνέδρας
442 1631 741 1686 περιπίπτοντες
771 1627 957 1685 μεγάλως
989 1626 1250 1683 ἐβλάπτοντο.
1319 1631 1394 1669 τοῦ
1410 1627 1614 1681 βασιλέως

139 1700 184 1742 δὲ
214 1699 285 1742 τὸν
314 1697 414 1756 ὑπὲρ
447 1703 529 1742 τῶν
559 1697 665 1740 ὅλων
691 1699 941 1753 βουλομένου
967 1699 1151 1740 κίνδυνον
1177 1696 1456 1747 ἀναδέξασθαι
1474 1694 1610 1750 βάδην
1632 1705 1665 1739 C

138 1850 298 1896 Alyattes
310 1875 322 1893 ‚
350 1849 406 1883 vir
421 1850 610 1896 Cappadox
621 1878 632 1893 ‚
660 1850 834 1884 familiaris
861 1850 1095 1896 imperatoris;
1126 1849 1262 1884 sinistro
1290 1849 1365 1895 ipse
1395 1848 1608 1895 Bryennius3

138 1897 282 1932 mediam
304 1895 410 1930 aciem
435 1897 511 1941 ipse
537 1896 680 1939 regebat
704 1896 909 1941 imperatam
940 1895 1103 1941 post-remi
1125 1896 1266 1940 agminis
1282 1906 1363 1929 cura
1376 1895 1610 1930 commendata

142 1949 197 1977 est
213 1941 372 1976 Caesaris
387 1941 457 1975 filio
474 1942 620 1986 praesidi
639 1942 850 1985 Andronico,
866 1942 1034 1976 sociorum
1050 1942 1185 1975 ordines
1202 1948 1237 1975 et
1254 1941 1440 1986 principum
1455 1941 1609 1984 babenti,

139 1989 255 2024 iuveni
272 1988 409 2032 utique,
435 1988 489 2021 cui
503 1987 547 2021 ad
560 1988 775 2032 splendorem
789 1988 924 2032 generis
937 1988 1089 2022 cumulus
1105 1987 1291 2022 accedebat
1304 1988 1436 2022 laudum
1453 1988 1609 2023 omnium.

139 2046 219 2070 nam
235 2039 271 2068 et
285 2033 464 2079 prudentia
479 2034 638 2078 aequales
652 2034 754 2067 facile
768 2045 882 2068 omnes
897 2033 1068 2076 anteibat,
1101 2038 1136 2067 et
1158 2033 1366 2068 fortitudinis
1381 2033 1489 2077 gloria
1503 2033 1609 2067 cede-

139 2081 204 2116 bat
226 2080 370 2124 nemini,
399 2079 610 2125 experientia
636 2090 771 2124 quoque
794 2080 844 2113 rei
859 2079 1001 2114 bellicae
1014 2079 1177 2123 insignis:
1206 2080 1332 2126 quippe
1347 2079 1535 2114 militarium
1551 2090 1610 2114 ar-

139 2127 223 2163 tium
237 2126 513 2170 sanctionumque
527 2125 799 2159 meditationibus
811 2125 1004 2160 innutritus.
1050 2125 1112 2160 sed
1135 2136 1253 2172 parum
1269 2127 1357 2160 idem
1373 2125 1539 2160 benevole
1554 2127 1611 2160 af-

139 2173 251 2209 fectus
267 2184 352 2217 erga
365 2172 600 2216 imperatorem
613 2175 701 2205 erat.

235 2221 290 2254 17.
338 2219 499 2252 Ceterum
526 2217 634 2251 Turci
650 2228 734 2253 ,cum
754 2216 991 2262 imperatorem
1016 2221 1194 2251 cernerent
1208 2217 1243 2251 in
1259 2228 1358 2251 unum
1385 2217 1470 2252 aciei
1483 2229 1609 2264 corpus

140 2267 247 2300 totum
262 2264 446 2300 exercitum
462 2263 617 2307 digerere
627 2288 636 2304 ‚
664 2274 730 2296 nec
747 2262 781 2296 in
798 2269 913 2308 partes
928 2274 1111 2309 manusque
1125 2263 1240 2297 varias
1256 2263 1337 2297 alias
1351 2263 1385 2297 in
1400 2265 1531 2298 hostem
1546 2276 1610 2299 ex-

140 2321 323 2352 cursuras,
353 2310 437 2344 alias
462 2310 495 2342 in
522 2309 649 2343 insidiis
674 2310 889 2343 subsessuras
913 2310 1084 2353 tribuere,
1116 2310 1319 2354 quieverunt
1333 2309 1420 2354 ipsi,
1450 2310 1610 2355 quoniam

141 2368 210 2391 non
239 2356 484 2392 constituerant
508 2355 541 2389 id
569 2354 658 2399 quod
681 2355 916 2400 imperatorem
939 2367 1059 2400 parare
1081 2355 1263 2398 videbant,
1291 2355 1471 2389 decretorii
1488 2355 1611 2400 praelii

142 2402 250 2437 aleam
277 2402 401 2438 iacere.
447 2407 484 2434 at
511 2402 672 2435 Sultanus
698 2401 908 2444 longiuscule
928 2402 1004 2435 hinc
1019 2402 1147 2435 distans
1163 2407 1279 2435 cetera
1295 2401 1344 2434 rei
1357 2401 1529 2445 gerendae
1545 2413 1610 2446 op-

142 2454 289 2493 portuna
310 2448 534 2493 dispensabat
560 2447 712 2480 eunucho
732 2446 860 2480 cuidam
876 2448 975 2481 valde
991 2447 1082 2492 apud
1096 2447 1203 2492 ipsum
1225 2447 1398 2491 gratioso,
1429 2447 1612 2491 Tarangae

142 2494 291 2534 nomine,
323 2494 492 2539 plerisque
507 2493 678 2528 attributis
695 2493 800 2538 copiis
816 2498 852 2526 et
867 2504 994 2526 summa
1010 2493 1080 2527 eius
1095 2492 1174 2526 belli
1188 2492 1433 2527 commendata.
1480 2493 1534 2526 hic
1548 2504 1613 2527 au-

142 2545 212 2573 tem
225 2540 344 2574 multas
359 2540 394 2573 in
412 2546 524 2585 partes
540 2539 691 2572 exercitu
708 2538 817 2572 diviso
829 2564 840 2580 ‚
870 2550 987 2573 manus
1012 2539 1094 2572 alias
1109 2539 1142 2572 in
1159 2538 1319 2571 viciniora
1335 2539 1423 2572 hosti
1437 2537 1510 2572 loca
1526 2550 1612 2584 pro-

143 2590 279 2627 movet,
310 2585 393 2619 alias
409 2592 500 2619 retro
517 2585 645 2618 idoneis
661 2584 860 2618 stationibus
874 2585 1050 2627 sublocat‚
1082 2584 1303 2629 omnibusque
1323 2584 1468 2630 imperat
1482 2585 1612 2619 ambire

143 2630 335 2675 circumque
350 2631 467 2665 venire
482 2631 652 2666 Romanos
669 2637 834 2664 conentur
845 2655 855 2672 ,
873 2642 935 2664 nec
949 2641 1093 2676 pugnam
1110 2630 1281 2664 admoveri
1296 2630 1338 2664 ad
1354 2642 1470 2664 manus
1484 2631 1610 2673 sinant,

144 2687 263 2709 verum
289 2676 389 2720 longe
411 2677 555 2721 sagittas
579 2677 728 2721 undique
751 2676 952 2711 iaculentur.
998 2677 1039 2709 ad
1063 2687 1105 2709 ea
1121 2677 1262 2710 Romani
1275 2687 1350 2709 cum
1366 2677 1535 2711 vulnerari
1551 2688 1610 2710 sa-

144 2721 240 2765 gittis
267 2732 372 2766 equos
396 2734 476 2756 suos
504 2729 701 2763 cernerent,
732 2723 859 2756 hostem
883 2722 1001 2768 procul
1020 2722 1134 2756 statim
1149 2721 1246 2767 sequi
1261 2723 1480 2765 cogebantur.
1527 2728 1609 2755 tunc

146 2778 232 2800 vero
255 2766 408 2801 simulata
427 2769 510 2812 fuga
532 2768 638 2803 Turci
664 2774 799 2802 nostros
825 2769 860 2802 in
886 2774 1024 2814 paratas
1049 2768 1184 2802 insidias
1207 2769 1414 2812 trahebant,
1445 2780 1467 2802 a
1487 2768 1609 2813 quibus

146 2812 234 2847 male
259 2812 519 2856 mulctabantur,
550 2815 863 2858 mactabanturque.
911 2826 1013 2861 porro
1038 2814 1246 2859 imperatore
1270 2814 1470 2849 obfirmante
1494 2821 1608 2847 tamen

145 2859 290 2893 animum
312 2857 347 2893 in
372 2860 546 2904 proposito
569 2861 642 2896 acie
665 2860 836 2896 certandi:
867 2871 909 2896 ac
922 2865 1106 2907 propterea
1117 2860 1209 2895 lento
1224 2871 1339 2895 secum
1353 2860 1460 2906 gradu
1478 2859 1607 2893 Roma-
