1878 3262
225 190 290 238 34
651 183 959 231 NICEPHORI
990 182 1259 228 BRYENNII
1278 204 1282 211 =

224 307 297 361 τὴν
316 301 432 358 ζωήν.
502 301 598 344 ἀλλ’
627 299 732 344 οὕτω
754 300 826 355 μὲν
849 293 959 341 οὗτοι
972 330 985 350 ,
1020 296 1046 353 ἦ
1071 297 1114 339 δὲ
1135 300 1209 339 τοῦ
1227 292 1531 354 κουροπαλάτου
1552 291 1688 351 μήτηρ

224 379 275 430 τῇ
293 371 472 427 βασιλίδι
492 375 571 413 τῶν
587 369 740 412 πόλεων
755 370 1042 425 διατρίβουσα,
1069 367 1152 408 ἐπεὶ
1169 367 1258 423 περὶ
1279 369 1350 419 τῆς
1366 364 1486 408 νόσου
1507 368 1580 406 τοῦ
1597 364 1690 405 υἱοῦ

224 443 444 492 ἐπέπυστο,
480 437 534 490 ὡς
566 438 673 494 δεινή
708 456 767 488 τις
798 439 866 479 καὶ
900 434 1234 483 δυσαπάλλακτος
1260 432 1360 488 αὕτη
1380 431 1688 482 ὕποτοπάσασα,

224 512 567 565 διαπεραιωθεῖσα
600 508 752 562 ταχέως
777 506 849 560 τὴν
877 507 1070 547 Βιθυνῶν
1101 500 1403 556 καταλαμβάνει
1430 499 1690 558 μητρόπολιν.

106 587 135 622 P
158 587 204 622 26
225 582 425 633 μαθοῦσα
447 579 471 618 δ
478 577 489 592 ²
514 575 575 618 ὅτι
594 576 695 634 πρὸς
716 575 762 618 τὸ
782 573 920 616 κάκιον
940 573 1169 629 προχωροίη
1188 575 1245 627 τῷ
1263 572 1377 612 παιδὶ
1394 569 1446 611 τὰ
1465 574 1536 624 τῆς
1553 567 1721 619 νόσου,5

224 647 271 690 τὸ
295 646 390 703 ὄρος
410 643 624 702 ὗπερβᾶσα
641 644 736 702 ὅπερ
755 644 954 699 ἕγχωρίως
968 641 1138 693 Ἀζαλάς
1160 638 1391 692 ὠνόμασται
1401 669 1414 689 ,
1442 631 1530 694 εὗρε
1549 642 1691 679 τοῦτον

226 717 315 772 περὶ
353 714 428 764 τὰς
461 712 662 770 ’ὑπωρείας
690 711 834 755 τούτου
859 711 900 753 ἔν
923 728 999 752 τινι
1023 709 1318 766 φροντιστηρίῳ
1339 706 1406 748 ἐπ’
1432 704 1599 759 ὀνόματι
1620 709 1692 759 τῆς

224 782 480 840 θεομήτορος
510 782 706 838 (Ἄλυπος
728 780 856 834 ὄνομα
878 783 929 835 τῇ
950 783 1055 834 μονῇ
1068 779 1087 831 )
1119 776 1221 834 πρὸς
1238 776 1310 830 τὴν
1328 775 1469 826 ἔξοδον
1489 771 1694 829 ἐπειγόμε-

223 870 308 895 νον.
374 856 477 906 βοῆς
513 851 552 893 δ’
586 852 649 892 ἐπὶ
681 854 731 907 τῇ
761 847 910 903 ταύτης
938 844 1147 890 εἶσελεύσει
1174 845 1385 901 γενομένης
1412 850 1496 892 τοῖς
1513 844 1603 899 περὶ
1623 841 1694 883 τὸν
1722 879 1726 883 .

227 918 556 977 κουροπαλάτην,
592 920 748 975 ἐπείπερ
783 915 958 974 ἑώρακεν
989 909 1108 964 οὗτος
1140 914 1214 968 τὴν
1244 914 1399 970 μητέρα
1424 909 1692 969 φοιτήσασαν,
1703 917 1747 952 10

229 987 396 1044 ἓξήλατό
423 1006 463 1031 τε
491 989 722 1037 σπουδαίως
737 991 809 1041 τῆς
832 987 991 1039 κλίνης,
1027 985 1094 1025 καὶ
1117 981 1268 1037 ταύτην
1290 982 1544 1038 περιπλακεὶς
1566 996 1694 1033 κατη-

226 1056 418 1109 σπάζετο,
447 1057 573 1111 μηδέν
602 1074 640 1098 τι
674 1055 937 1112 φθέγξασθαι
960 1053 1148 1106 δυνηθεὶς
1171 1051 1329 1107 ἕτερον,
1364 1047 1489 1103 μόνον
1515 1049 1558 1090 δὲ
1580 1049 1696 1102 αἴτη-

225 1125 401 1179 σάμενος
432 1123 583 1178 ταύτην
603 1128 738 1178 κοινῆς
759 1122 885 1179 ἄμφω
910 1122 1136 1175 ἀξιωθῆναι
1161 1123 1308 1176 ταφῆς.
1378 1116 1399 1159 ὃ
1425 1118 1498 1171 μὲν
1524 1111 1594 1158 οὖν
1619 1110 1695 1158 αὖ·

177 1202 208 1237 Β
231 1199 301 1243 θις
320 1194 553 1242 ἀνακλιθεὶς
568 1189 829 1245 τετελευτήκει
845 1189 948 1243 μετὰ
965 1187 1115 1245 βραχύ.
1182 1186 1208 1242 ῆ
1236 1188 1278 1229 δὲ
1297 1187 1457 1242 γενναία
1474 1183 1608 1241 μήτηρ
1629 1185 1697 1226 καὶ

227 1260 515 1318 μεγαλόψυχος
550 1261 623 1315 τὴν
659 1259 921 1317 ὀφειλομένην
952 1256 1066 1299 ὁσίαν
1099 1253 1431 1312 ἀποπληρώσασα
1452 1258 1510 1310 τῷ
1531 1253 1608 1310 υἱῷ
1629 1254 1695 1294 καὶ
1708 1257 1750 1293 15

228 1334 421 1374 τοσοῦτον
447 1327 688 1383 πενθήσασα
712 1327 808 1370 ὅσον
830 1326 934 1376 εἲκὸς
954 1325 1026 1380 τὴν
1051 1329 1232 1367 τοιοῦτον
1256 1325 1383 1365 παῖδα
1408 1322 1697 1375 ἀποβαλοῦσαν

229 1397 479 1456 στρατιώτην
505 1415 545 1440 τε
574 1397 659 1452 ἅμα
687 1398 754 1438 καὶ
778 1392 1024 1451 στρατηγόν,
1051 1391 1187 1450 βραχύ
1212 1409 1249 1434 τι
1271 1395 1344 1434 τοῦ
1367 1389 1529 1440 πάθους
1552 1388 1698 1443 ἑαυτὴν

231 1468 495 1522 ἅνενεγκοῦσα
530 1466 602 1508 τὸν
638 1465 790 1508 κλεινὸν
823 1464 1010 1517 ἐκπέμπει
1030 1462 1203 1511 Ἀλέξων
1225 1457 1617 1517 συστρατευσόμενον
1640 1461 1699 1515 τῷ

228 1539 400 1589 βασιλεῖ.
470 1532 492 1576 ὅ
531 1535 574 1575 δὲ
609 1538 659 1589 τῇ
692 1534 815 1588 μητρὶ
850 1528 1147 1584 συνταξάμενος
1180 1531 1247 1571 καὶ
1283 1526 1469 1584 δακρύων
1504 1526 1699 1583 κρουνοὺς

229 1604 363 1661 ἀφιεὶς
395 1603 458 1644 ἐπὶ
494 1603 608 1643 δυσὶν
644 1602 854 1658 ἐμερίζετο
877 1598 1055 1650 πάθεσι,
1092 1595 1305 1653 σπλάγχνῳ
1340 1613 1382 1638 τε
1412 1598 1597 1652 μητρικῷ
1629 1595 1753 1636 naim

229 1671 442 1729 στρατείας
463 1670 675 1730 ἐπιθυμία.
743 1669 811 1711 καὶ
840 1667 918 1725 γὰρ
939 1661 989 1722 ἦν
1011 1667 1118 1723 εἴπερ
1142 1682 1203 1716 τις
1221 1664 1343 1715 ἄλλος
1365 1661 1635 1722 φιλοπόλεμός
1656 1679 1698 1705 τε
1723 1722 1726 1726 ’

319 1803 354 1837 2.
382 1801 429 1847 τῇ
453 1799 640 1846 βασιλίδι]
673 1800 712 1834 P.
739 1795 777 1833 ἐν
800 1799 846 1845 τῇ
871 1797 1044 1844 βασιλίδι.
1182 1797 1217 1832 5.
1252 1795 1485 1841 προχωροίη]
1517 1795 1563 1830 V.
1586 1805 1700 1838 προσ-

321 1847 472 1891 χωροίη.
612 1848 666 1881 11.
701 1842 880 1890 ἐξήλατο]
913 1845 956 1879 V.
982 1842 1170 1887 ἐνήλλατο.
1216 1842 1298 1877 fort.
1320 1848 1430 1877 tamen
1453 1842 1588 1888 scripsit
1611 1839 1702 1887 ἁνή-

322 1895 411 1928 λατο
429 1891 520 1939 quod
535 1895 587 1927 est
602 1904 638 1938 p.
650 1891 749 1927 46D.
846 1892 901 1928 12.
930 1887 1198 1935 αἰτησάμενος]
1221 1889 1276 1923 Ita
1291 1889 1332 1924 P.
1350 1899 1412 1934 pro
1428 1886 1700 1933 αἰτιασάμενος.

230 2006 338 2041 amico
365 2017 402 2041 se
427 2009 570 2051 negaret
590 2004 703 2040 velle:
733 2007 771 2039 at
794 2003 1014 2048 curopalatae
1041 2005 1148 2037 mater
1161 2003 1196 2037 in
1212 2003 1297 2037 urbe
1313 2002 1489 2037 diversans
1502 2001 1614 2045 regia,
1642 2001 1702 2036 ubi
1736 2041 1738 2043 ‚

231 2052 367 2097 trepido
393 2053 550 2097 perculsa
573 2051 689 2085 nuntio
706 2056 760 2084 est
775 2050 819 2084 de
833 2050 893 2084 filii
911 2050 1025 2083 morbo
1036 2075 1046 2091 ‚
1081 2061 1179 2094 quem
1201 2061 1338 2092 gravem
1355 2054 1391 2083 et
1405 2061 1472 2082 non
1486 2048 1587 2082 facile
1601 2058 1702 2081 cura-

229 2098 332 2132 bilem
360 2099 529 2143 suspicata
555 2102 629 2139 est,
662 2097 807 2130 traiecto
832 2096 945 2129 statim
969 2097 1058 2129 freto
1079 2095 1313 2139 Bithyniorum
1329 2095 1363 2128 in
1379 2096 1495 2129 urbem
1511 2093 1702 2139 primariam

232 2155 270 2178 se
287 2144 432 2178 confert.
467 2143 525 2176 ubi
543 2155 616 2176 cum
632 2142 805 2176 didicisset
817 2140 947 2175 intendi
963 2141 1125 2183 morbum,
1142 2141 1306 2185 peiusque
1321 2141 1447 2174 habere
1463 2139 1573 2181 filium,
1588 2143 1702 2174 monte

234 2193 398 2235 superato
410 2215 421 2230 ‚
454 2200 551 2233 quem
566 2189 744 2232 indigenae
763 2187 900 2221 Azalam
916 2187 1104 2228 nominant,
1134 2198 1208 2220 eum
1225 2186 1369 2220 offendit
1380 2186 1414 2220 in
1429 2185 1570 2231 quodam
1584 2195 1702 2219 mona-

235 2235 342 2269 sterio
369 2234 424 2268 dei
447 2234 544 2268 matri
568 2238 791 2275 consecrato,
823 2233 876 2266 cui
901 2233 1032 2277 Alypus
1049 2243 1168 2266 nomen
1193 2237 1269 2274 est,
1298 2232 1333 2265 in
1360 2231 1554 2266 declivitate
1579 2231 1703 2265 montis

234 2282 300 2314 sito
314 2307 324 2323 ‚
364 2280 413 2313 ibi
436 2279 571 2324 inquam
594 2279 739 2312 offendit
762 2278 866 2312 filium
892 2283 1000 2312 mater
1025 2283 1208 2312 extremum
1231 2278 1296 2311 iam
1321 2277 1473 2322 spiritum
1498 2276 1701 2311 trahentem.

236 2328 383 2360 clamore
409 2329 521 2359 autem
543 2324 586 2358 ad
610 2324 791 2358 adventum
817 2329 991 2357 matronae
1009 2334 1030 2356 a
1045 2324 1338 2358 circumstantibus
1351 2323 1502 2364 sublato,
1533 2321 1702 2356 excitatus

234 2383 338 2416 aeger
349 2397 359 2413 ‚
388 2371 447 2405 ubi
471 2370 662 2404 venientem
686 2370 730 2403 ad
745 2380 782 2402 se
798 2374 936 2403 matrem
952 2369 1059 2411 vidit,
1086 2369 1245 2403 vincente
1259 2369 1407 2403 morbum
1421 2367 1549 2401 affectu
1564 2367 1702 2402 exsiluit

234 2430 255 2451 e
280 2421 409 2459 strato,
439 2417 679 2461 amplexusque
705 2420 740 2449 et
766 2415 937 2448 osculatus
953 2419 1125 2459 parentem
1144 2420 1219 2457 est,
1249 2425 1356 2460 pauca
1370 2418 1480 2447 tamen
1498 2414 1604 2447 verba
1619 2413 1703 2448 eniti

238 2463 357 2496 valens
368 2489 378 2504 ‚
406 2462 526 2506 quibus
542 2473 562 2495 a
579 2467 685 2495 matre
704 2461 897 2506 postulabat
915 2471 1034 2493 curare
1050 2465 1088 2493 ut
1102 2460 1159 2493 illa
1172 2460 1368 2503 dignaretur
1381 2469 1457 2492 sese
1473 2469 1538 2492 una
1554 2470 1627 2493 cum
1642 2458 1702 2494 illa

234 2508 398 2542 communi
414 2509 528 2542 ambos
543 2507 717 2552 sepultura
733 2506 844 2540 condi.
885 2506 947 2540 sub
965 2506 1047 2538 haec
1062 2506 1179 2539 iterum
1195 2505 1374 2539 reclinatus
1391 2505 1490 2548 paulo
1508 2509 1589 2548 post
1605 2504 1701 2539 obiit.

233 2564 399 2597 generosa
422 2565 505 2587 vero
533 2564 574 2586 ac
598 2552 807 2596 magnanima
829 2556 938 2585 mater
964 2550 1063 2584 iustis
1088 2551 1154 2585 rite
1169 2549 1346 2596 persolutis
1362 2549 1452 2593 filio,
1483 2550 1644 2595 luctuque
1659 2561 1702 2584 ac

230 2599 468 2632 lamentatione
493 2599 691 2643 perfuncta,
723 2597 828 2632 tantis
852 2596 986 2642 quantis
1010 2596 1171 2641 prosequi
1195 2606 1267 2630 eam
1287 2595 1340 2628 fas
1366 2598 1402 2628 et
1425 2607 1486 2640 par
1511 2596 1576 2630 fuit
1597 2590 1702 2630 talein

234 2644 339 2678 filium
366 2644 426 2677 tali
449 2649 600 2688 tempore
622 2644 777 2678 amissum
796 2643 930 2677 militem
947 2642 1042 2676 simul
1059 2646 1095 2675 et
1111 2642 1245 2682 ducem,
1275 2651 1295 2674 a
1310 2651 1462 2675 moerore
1478 2641 1647 2686 paulisper
1661 2651 1702 2675 se

235 2699 423 2730 revocans,
453 2689 617 2731 inclytum
641 2690 794 2723 Alexium
819 2689 862 2722 ab
884 2699 922 2722 se
949 2687 1086 2721 dimittit
1101 2687 1250 2721 comitem
1267 2687 1489 2731 expeditionis
1502 2686 1703 2732 imperatori

235 2736 397 2769 futurum.
444 2738 481 2767 at
504 2734 562 2768 ille
583 2735 682 2768 matri
702 2734 888 2775 valedicto,
920 2743 986 2767 non
1009 2732 1082 2766 sine
1105 2731 1265 2766 uberibus
1287 2732 1432 2766 lacrimis
1456 2733 1589 2766 duobus
1621 2731 1701 2766 hino

226 2781 314 2814 inde
337 2779 516 2814 affectibus
539 2779 810 2822 distrahebatur,
843 2782 993 2813 materna
1016 2777 1176 2812 videlicet
1197 2777 1339 2811 caritate
1364 2783 1399 2812 et
1420 2778 1559 2812 iuvenili
1574 2777 1700 2812 ardore

235 2825 415 2863 militandi:
444 2835 557 2872 neque
587 2824 674 2861 enim
703 2830 780 2862 erat
807 2823 911 2870 ullus,
941 2823 995 2859 cui
1017 2823 1073 2858 vel
1095 2822 1229 2869 pietate
1246 2823 1282 2859 iu
1304 2828 1445 2860 matrem
1459 2823 1515 2860 vel
1529 2833 1704 2869 generoso
