<?xml version="1.0" encoding="UTF-8"?>
<!DOCTYPE html PUBLIC "-//W3C//DTD XHTML 1.0 Transitional//EN"
    "http://www.w3.org/TR/xhtml1/DTD/xhtml1-transitional.dtd">
<html xmlns="http://www.w3.org/1999/xhtml" xml:lang="en" lang="en">
 <head>
  <title>
</title>
<meta http-equiv="Content-Type" content="text/html;charset=utf-8" />
  <meta name='ocr-system' content='tesseract 3.04.00' />
  <meta name='ocr-capabilities' content='ocr_page ocr_carea ocr_par ocr_line ocrx_word'/>
</head>
<body>
  <div class='ocr_page' id='page_1' title='image "./corpusscriptorum26niebuoft_0384.png"; bbox 0 0 1878 3262; ppageno 0'>
   <div class='ocr_carea' id='block_1_1' title="bbox 249 204 1255 253">
    <p class='ocr_par' dir='ltr' id='par_1_1' title="bbox 249 204 1255 253">
     <span class='ocr_line' id='line_1_1' title="bbox 249 204 1255 253; baseline -0.003 0"><span class='ocrx_word' id='word_1_1' title='bbox 249 207 346 253; x_wconf 76' lang='lat'>352</span> <span class='ocrx_word' id='word_1_2' title='bbox 694 204 898 248; x_wconf 82' lang='lat' dir='ltr'>CAROLI</span> <span class='ocrx_word' id='word_1_3' title='bbox 930 205 1011 248; x_wconf 89' lang='lat' dir='ltr'>DU</span> <span class='ocrx_word' id='word_1_4' title='bbox 1043 205 1255 250; x_wconf 88' lang='lat' dir='ltr'><strong>FRESNE</strong></span> 
     </span>
    </p>
   </div>
   <div class='ocr_carea' id='block_1_2' title="bbox 247 309 1712 428">
    <p class='ocr_par' dir='ltr' id='par_1_2' title="bbox 247 309 1712 428">
     <span class='ocr_line' id='line_1_2' title="bbox 247 309 1712 370; baseline -0.001 -12"><span class='ocrx_word' id='word_1_5' title='bbox 247 316 394 369; x_wconf 85' lang='grc' dir='ltr'><strong><em>τιμίοις</em></strong></span> <span class='ocrx_word' id='word_1_6' title='bbox 420 309 753 363; x_wconf 67' lang='grc' dir='ltr'><strong><em>ὑποπεπτωκότες</em></strong></span> <span class='ocrx_word' id='word_1_7' title='bbox 784 314 972 354; x_wconf 88' lang='lat' dir='ltr'>dicuntur</span> <span class='ocrx_word' id='word_1_8' title='bbox 1002 315 1329 356; x_wconf 86' lang='lat' dir='ltr'>excommunicati</span> <span class='ocrx_word' id='word_1_9' title='bbox 1343 346 1355 368; x_wconf 91' lang='lat'>,</span> <span class='ocrx_word' id='word_1_10' title='bbox 1398 316 1467 358; x_wconf 87' lang='lat' dir='ltr'>ubi</span> <span class='ocrx_word' id='word_1_11' title='bbox 1504 329 1712 370; x_wconf 84' lang='lat' dir='ltr'><strong>perperam</strong></span> 
     </span>
     <span class='ocr_line' id='line_1_3' title="bbox 247 372 1290 428; baseline 0.002 -17"><span class='ocrx_word' id='word_1_12' title='bbox 247 372 445 413; x_wconf 86' lang='lat' dir='ltr'>Livineius</span> <span class='ocrx_word' id='word_1_13' title='bbox 465 372 683 424; x_wconf 74' lang='lat' dir='ltr'><em>suppliciis</em></span> <span class='ocrx_word' id='word_1_14' title='bbox 703 372 901 410; x_wconf 80' lang='lat' dir='ltr'>multatos</span> <span class='ocrx_word' id='word_1_15' title='bbox 916 372 1201 425; x_wconf 86' lang='lat' dir='ltr'>interpretatus</span> <span class='ocrx_word' id='word_1_16' title='bbox 1213 379 1290 428; x_wconf 82' lang='lat' dir='ltr'>est.</span> 
     </span>
    </p>
   </div>
   <div class='ocr_carea' id='block_1_3' title="bbox 247 448 1712 787">
    <p class='ocr_par' dir='ltr' id='par_1_3' title="bbox 247 448 1712 787">
     <span class='ocr_line' id='line_1_4' title="bbox 358 448 1711 504; baseline 0 -13"><span class='ocrx_word' id='word_1_17' title='bbox 358 464 398 502; x_wconf 87' lang='lat' dir='ltr'>p.</span> <span class='ocrx_word' id='word_1_18' title='bbox 432 453 507 492; x_wconf 90' lang='grc'>171</span> <span class='ocrx_word' id='word_1_19' title='bbox 537 463 578 490; x_wconf 81' lang='lat' dir='ltr'>v,</span> <span class='ocrx_word' id='word_1_20' title='bbox 608 453 648 492; x_wconf 87' lang='lat'>6.</span> <span class='ocrx_word' id='word_1_21' title='bbox 706 448 832 503; x_wconf 80' lang='grc' dir='ltr'><em>μηδὲν</em></span> <span class='ocrx_word' id='word_1_22' title='bbox 861 449 982 504; x_wconf 78' lang='grc' dir='ltr'><strong><em>μέσον</em></strong></span> <span class='ocrx_word' id='word_1_23' title='bbox 1009 448 1137 504; x_wconf 82' lang='grc' dir='ltr'>εἶναι]</span> <span class='ocrx_word' id='word_1_24' title='bbox 1176 451 1236 490; x_wconf 85' lang='lat' dir='ltr'>Ita</span> <span class='ocrx_word' id='word_1_25' title='bbox 1266 458 1528 503; x_wconf 88' lang='lat' dir='ltr'>reposuerunt</span> <span class='ocrx_word' id='word_1_26' title='bbox 1555 466 1711 504; x_wconf 76' lang='lat' dir='ltr'>operae,</span> 
     </span>
     <span class='ocr_line' id='line_1_5' title="bbox 250 505 1711 561; baseline 0.001 -15"><span class='ocrx_word' id='word_1_27' title='bbox 250 521 341 546; x_wconf 90' lang='lat' dir='ltr'>cum</span> <span class='ocrx_word' id='word_1_28' title='bbox 377 506 499 545; x_wconf 80' lang='lat' dir='ltr'>editio</span> <span class='ocrx_word' id='word_1_29' title='bbox 534 507 566 544; x_wconf 89' lang='lat' dir='ltr'>T</span> <span class='ocrx_word' id='word_1_30' title='bbox 570 507 713 545; x_wconf 86' lang='lat' dir='ltr'>olliana</span> <span class='ocrx_word' id='word_1_31' title='bbox 749 505 849 560; x_wconf 79' lang='grc' dir='ltr'>μηδὲ</span> <span class='ocrx_word' id='word_1_32' title='bbox 889 506 1010 560; x_wconf 71' lang='grc' dir='ltr'><em>μετῆν</em></span> <span class='ocrx_word' id='word_1_33' title='bbox 1050 505 1153 549; x_wconf 81' lang='grc' dir='ltr'><strong><em>εἶναι</em></strong></span> <span class='ocrx_word' id='word_1_34' title='bbox 1181 509 1398 561; x_wconf 80' lang='lat' dir='ltr'>praeferret</span> <span class='ocrx_word' id='word_1_35' title='bbox 1424 515 1465 548; x_wconf 91' lang='lat' dir='ltr'>et</span> <span class='ocrx_word' id='word_1_36' title='bbox 1492 511 1711 550; x_wconf 86' lang='lat' dir='ltr'><strong>versionem</strong></span> 
     </span>
     <span class='ocr_line' id='line_1_6' title="bbox 248 562 1711 618; baseline 0.001 -16"><span class='ocrx_word' id='word_1_37' title='bbox 248 578 321 602; x_wconf 89' lang='lat' dir='ltr'>suo</span> <span class='ocrx_word' id='word_1_38' title='bbox 348 569 476 603; x_wconf 83' lang='lat' dir='ltr'>marte</span> <span class='ocrx_word' id='word_1_39' title='bbox 499 564 805 616; x_wconf 85' lang='lat' dir='ltr'>interpolarunt.</span> <span class='ocrx_word' id='word_1_40' title='bbox 863 565 933 602; x_wconf 88' lang='lat' dir='ltr'>sed</span> <span class='ocrx_word' id='word_1_41' title='bbox 958 564 1113 603; x_wconf 86' lang='lat' dir='ltr'>mallem</span> <span class='ocrx_word' id='word_1_42' title='bbox 1132 579 1207 617; x_wconf 92' lang='lat' dir='ltr'>pro</span> <span class='ocrx_word' id='word_1_43' title='bbox 1230 562 1351 618; x_wconf 82' lang='grc' dir='ltr'><em>μετήν</em></span> <span class='ocrx_word' id='word_1_44' title='bbox 1371 565 1497 616; x_wconf 85' lang='lat' dir='ltr'>legere</span> <span class='ocrx_word' id='word_1_45' title='bbox 1515 566 1612 618; x_wconf 72' lang='grc' dir='ltr'><strong><em>μέν,</em></strong></span> <span class='ocrx_word' id='word_1_46' title='bbox 1641 580 1711 604; x_wconf 90' lang='lat' dir='ltr'>ea-</span> 
     </span>
     <span class='ocr_line' id='line_1_7' title="bbox 247 620 1712 674; baseline 0.002 -15"><span class='ocrx_word' id='word_1_47' title='bbox 247 634 323 672; x_wconf 87' lang='lat' dir='ltr'>que</span> <span class='ocrx_word' id='word_1_48' title='bbox 353 621 477 659; x_wconf 82' lang='lat' dir='ltr'>verba</span> <span class='ocrx_word' id='word_1_49' title='bbox 504 621 559 658; x_wconf 84' lang='lat' dir='ltr'>sic</span> <span class='ocrx_word' id='word_1_50' title='bbox 588 620 863 673; x_wconf 87' lang='lat' dir='ltr'>interpretari:</span> <span class='ocrx_word' id='word_1_51' title='bbox 891 622 1053 660; x_wconf 73' lang='lat' dir='ltr'>millam</span> <span class='ocrx_word' id='word_1_52' title='bbox 1076 624 1145 660; x_wconf 71' lang='lat' dir='ltr'>ias·</span> <span class='ocrx_word' id='word_1_53' title='bbox 1166 637 1247 660; x_wconf 77' lang='lat' dir='ltr'>esse</span> <span class='ocrx_word' id='word_1_54' title='bbox 1267 623 1456 674; x_wconf 74' lang='lat' dir='ltr'>inquiens</span> <span class='ocrx_word' id='word_1_55' title='bbox 1477 636 1602 662; x_wconf 78' lang='lat' dir='ltr'>novae</span> <span class='ocrx_word' id='word_1_56' title='bbox 1620 626 1712 662; x_wconf 86' lang='lat' dir='ltr'>Ro-</span> 
     </span>
     <span class='ocr_line' id='line_1_8' title="bbox 248 677 1711 726; baseline 0.001 -10"><span class='ocrx_word' id='word_1_57' title='bbox 248 692 339 716; x_wconf 89' lang='lat' dir='ltr'>mae</span> <span class='ocrx_word' id='word_1_58' title='bbox 371 679 414 716; x_wconf 88' lang='lat' dir='ltr'>in</span> <span class='ocrx_word' id='word_1_59' title='bbox 447 684 636 726; x_wconf 74' lang='lat' dir='ltr'>veterem,</span> <span class='ocrx_word' id='word_1_60' title='bbox 667 692 761 715; x_wconf 79' lang='lat' dir='ltr'>cum</span> <span class='ocrx_word' id='word_1_61' title='bbox 791 693 859 716; x_wconf 87' lang='lat' dir='ltr'>eae</span> <span class='ocrx_word' id='word_1_62' title='bbox 887 680 973 716; x_wconf 84' lang='lat' dir='ltr'>iam</span> <span class='ocrx_word' id='word_1_63' title='bbox 1005 679 1103 716; x_wconf 81' lang='lat' dir='ltr'>olim</span> <span class='ocrx_word' id='word_1_64' title='bbox 1131 678 1183 718; x_wconf 86' lang='lat' dir='ltr'>ab</span> <span class='ocrx_word' id='word_1_65' title='bbox 1211 681 1381 718; x_wconf 74' lang='lat' dir='ltr'>invicem</span> <span class='ocrx_word' id='word_1_66' title='bbox 1407 677 1594 718; x_wconf 69' lang='lat' dir='ltr'>divulsae</span> <span class='ocrx_word' id='word_1_67' title='bbox 1617 682 1711 719; x_wconf 74' lang='lat' dir='ltr'>sint.</span> 
     </span>
     <span class='ocr_line' id='line_1_9' title="bbox 249 731 793 787; baseline -0.002 -13"><span class='ocrx_word' id='word_1_68' title='bbox 249 735 380 784; x_wconf 86' lang='lat' dir='ltr'>[recte</span> <span class='ocrx_word' id='word_1_69' title='bbox 401 735 487 773; x_wconf 89' lang='lat' dir='ltr'>cod.</span> <span class='ocrx_word' id='word_1_70' title='bbox 506 731 637 787; x_wconf 82' lang='grc' dir='ltr'><strong><em>μετόν.</em></strong></span> <span class='ocrx_word' id='word_1_71' title='bbox 669 734 793 787; x_wconf 88' lang='lat' dir='ltr'>Mke.]</span> 
     </span>
    </p>
   </div>
   <div class='ocr_carea' id='block_1_4' title="bbox 96 811 1714 2676">
    <p class='ocr_par' dir='ltr' id='par_1_4' title="bbox 235 811 1714 1718">
     <span class='ocr_line' id='line_1_10' title="bbox 361 811 1712 868; baseline 0.001 -16"><span class='ocrx_word' id='word_1_72' title='bbox 361 827 399 853; x_wconf 87' lang='lat' dir='ltr'>v.</span> <span class='ocrx_word' id='word_1_73' title='bbox 423 816 490 856; x_wconf 89' lang='lat'>16.</span> <span class='ocrx_word' id='word_1_74' title='bbox 545 812 612 854; x_wconf 79' lang='grc' dir='ltr'>ἐπὶ</span> <span class='ocrx_word' id='word_1_75' title='bbox 644 811 767 863; x_wconf 76' lang='grc' dir='ltr'><strong><em>ξύλου</em></strong></span> <span class='ocrx_word' id='word_1_76' title='bbox 796 812 925 866; x_wconf 79' lang='grc' dir='ltr'><strong><em>τινὸς]</em></strong></span> <span class='ocrx_word' id='word_1_77' title='bbox 958 814 1129 854; x_wconf 85' lang='lat' dir='ltr'>Videtur</span> <span class='ocrx_word' id='word_1_78' title='bbox 1159 814 1204 853; x_wconf 89' lang='lat' dir='ltr'>id</span> <span class='ocrx_word' id='word_1_79' title='bbox 1232 815 1413 854; x_wconf 88' lang='lat' dir='ltr'>militaris</span> <span class='ocrx_word' id='word_1_80' title='bbox 1437 814 1619 868; x_wconf 91' lang='lat' dir='ltr'>supplicii</span> <span class='ocrx_word' id='word_1_81' title='bbox 1647 815 1712 853; x_wconf 88' lang='lat' dir='ltr'>in-</span> 
     </span>
     <span class='ocr_line' id='line_1_11' title="bbox 246 869 1712 924; baseline 0.001 -15"><span class='ocrx_word' id='word_1_82' title='bbox 246 882 370 909; x_wconf 90' lang='lat' dir='ltr'>nuere</span> <span class='ocrx_word' id='word_1_83' title='bbox 398 869 476 908; x_wconf 89' lang='lat' dir='ltr'>hoc</span> <span class='ocrx_word' id='word_1_84' title='bbox 504 869 591 908; x_wconf 89' lang='lat' dir='ltr'>loco</span> <span class='ocrx_word' id='word_1_85' title='bbox 621 871 857 919; x_wconf 81' lang='lat' dir='ltr'>Cinnamus,</span> <span class='ocrx_word' id='word_1_86' title='bbox 887 871 996 921; x_wconf 88' lang='lat' dir='ltr'>quod</span> <span class='ocrx_word' id='word_1_87' title='bbox 1023 872 1142 923; x_wconf 84' lang='lat' dir='ltr'>vulgo</span> <span class='ocrx_word' id='word_1_88' title='bbox 1168 871 1381 924; x_wconf 77' lang='lat' dir='ltr'>estrapade</span> <span class='ocrx_word' id='word_1_89' title='bbox 1409 880 1551 912; x_wconf 89' lang='lat' dir='ltr'>vocant</span> <span class='ocrx_word' id='word_1_90' title='bbox 1573 872 1712 922; x_wconf 86' lang='lat' dir='ltr'>nostri,</span> 
     </span>
     <span class='ocr_line' id='line_1_12' title="bbox 245 927 1712 980; baseline 0.001 -15"><span class='ocrx_word' id='word_1_91' title='bbox 245 927 336 965; x_wconf 85' lang='lat' dir='ltr'>Itali</span> <span class='ocrx_word' id='word_1_92' title='bbox 357 934 596 979; x_wconf 77' lang='lat' dir='ltr'>strappata‚</span> <span class='ocrx_word' id='word_1_93' title='bbox 627 941 726 978; x_wconf 90' lang='lat' dir='ltr'>quo,</span> <span class='ocrx_word' id='word_1_94' title='bbox 757 928 825 978; x_wconf 91' lang='lat' dir='ltr'>qui</span> <span class='ocrx_word' id='word_1_95' title='bbox 850 927 1035 978; x_wconf 85' lang='lat' dir='ltr'>deliquit,</span> <span class='ocrx_word' id='word_1_96' title='bbox 1065 929 1175 967; x_wconf 90' lang='lat' dir='ltr'>miles</span> <span class='ocrx_word' id='word_1_97' title='bbox 1196 930 1237 967; x_wconf 91' lang='lat' dir='ltr'>in</span> <span class='ocrx_word' id='word_1_98' title='bbox 1266 929 1517 968; x_wconf 78' lang='lat' dir='ltr'>excelsiorem</span> <span class='ocrx_word' id='word_1_99' title='bbox 1539 929 1712 980; x_wconf 84' lang='lat' dir='ltr'>stipitem</span> 
     </span>
     <span class='ocr_line' id='line_1_13' title="bbox 244 983 1713 1038; baseline 0 -16"><span class='ocrx_word' id='word_1_100' title='bbox 244 983 424 1022; x_wconf 86' lang='lat' dir='ltr'>trochlea</span> <span class='ocrx_word' id='word_1_101' title='bbox 453 983 672 1033; x_wconf 78' lang='lat' dir='ltr'>attollitur,</span> <span class='ocrx_word' id='word_1_102' title='bbox 701 997 874 1035; x_wconf 81' lang='lat' dir='ltr'>moxque</span> <span class='ocrx_word' id='word_1_103' title='bbox 902 985 1036 1023; x_wconf 85' lang='lat' dir='ltr'>laxato</span> <span class='ocrx_word' id='word_1_104' title='bbox 1063 987 1156 1024; x_wconf 81' lang='lat' dir='ltr'>sune</span> <span class='ocrx_word' id='word_1_105' title='bbox 1186 999 1275 1024; x_wconf 91' lang='lat' dir='ltr'>cum</span> <span class='ocrx_word' id='word_1_106' title='bbox 1304 986 1456 1038; x_wconf 87' lang='lat' dir='ltr'>impetu</span> <span class='ocrx_word' id='word_1_107' title='bbox 1487 986 1618 1037; x_wconf 84' lang='lat' dir='ltr'>aliquo</span> <span class='ocrx_word' id='word_1_108' title='bbox 1638 985 1713 1023; x_wconf 88' lang='lat' dir='ltr'>de-</span> 
     </span>
     <span class='ocr_line' id='line_1_14' title="bbox 246 1041 1711 1095; baseline 0.001 -16"><span class='ocrx_word' id='word_1_109' title='bbox 246 1041 433 1079; x_wconf 79' lang='lat' dir='ltr'>mittitur.</span> <span class='ocrx_word' id='word_1_110' title='bbox 490 1041 599 1079; x_wconf 86' lang='lat' dir='ltr'>vocis</span> <span class='ocrx_word' id='word_1_111' title='bbox 623 1041 793 1079; x_wconf 87' lang='lat' dir='ltr'>Gallicae</span> <span class='ocrx_word' id='word_1_112' title='bbox 812 1047 972 1092; x_wconf 89' lang='lat' dir='ltr'>etymon</span> <span class='ocrx_word' id='word_1_113' title='bbox 994 1043 1043 1080; x_wconf 89' lang='lat' dir='ltr'>ab</span> <span class='ocrx_word' id='word_1_114' title='bbox 1063 1050 1230 1094; x_wconf 74' lang='lat' dir='ltr'>estreper</span> <span class='ocrx_word' id='word_1_115' title='bbox 1247 1042 1406 1082; x_wconf 88' lang='lat' dir='ltr'>videtur</span> <span class='ocrx_word' id='word_1_116' title='bbox 1424 1055 1536 1095; x_wconf 90' lang='lat' dir='ltr'>posse</span> <span class='ocrx_word' id='word_1_117' title='bbox 1555 1042 1711 1092; x_wconf 89' lang='lat' dir='ltr'>deduci,</span> 
     </span>
     <span class='ocr_line' id='line_1_15' title="bbox 248 1097 1711 1152; baseline 0.002 -19"><span class='ocrx_word' id='word_1_118' title='bbox 248 1110 327 1147; x_wconf 89' lang='lat' dir='ltr'>qua</span> <span class='ocrx_word' id='word_1_119' title='bbox 354 1102 525 1134; x_wconf 85' lang='lat' dir='ltr'>utuntur</span> <span class='ocrx_word' id='word_1_120' title='bbox 544 1097 815 1136; x_wconf 75' lang='lat' dir='ltr'>stabilimenta</span> <span class='ocrx_word' id='word_1_121' title='bbox 833 1100 872 1140; x_wconf 83' lang='lat' dir='ltr'>S,</span> <span class='ocrx_word' id='word_1_122' title='bbox 892 1098 991 1140; x_wconf 86' lang='lat' dir='ltr'>Lud.</span> <span class='ocrx_word' id='word_1_123' title='bbox 1012 1099 1040 1141; x_wconf 89' lang='lat' dir='ltr'>l.</span> <span class='ocrx_word' id='word_1_124' title='bbox 1063 1103 1082 1141; x_wconf 91' lang='lat'>1</span> <span class='ocrx_word' id='word_1_125' title='bbox 1109 1113 1143 1139; x_wconf 88' lang='lat' dir='ltr'>e.</span> <span class='ocrx_word' id='word_1_126' title='bbox 1163 1102 1218 1141; x_wconf 81' lang='lat'>26</span> <span class='ocrx_word' id='word_1_127' title='bbox 1236 1106 1276 1138; x_wconf 86' lang='lat' dir='ltr'>et</span> <span class='ocrx_word' id='word_1_128' title='bbox 1297 1103 1353 1144; x_wconf 81' lang='lat'>28</span> <span class='ocrx_word' id='word_1_129' title='bbox 1370 1103 1511 1152; x_wconf 70' lang='lat' dir='ltr'>vigne-s</span> <span class='ocrx_word' id='word_1_130' title='bbox 1529 1107 1711 1151; x_wconf 77' lang='lat' dir='ltr'>estreper,</span> 
     </span>
     <span class='ocr_line' id='line_1_16' title="bbox 243 1153 1711 1209; baseline 0.003 -18"><span class='ocrx_word' id='word_1_131' title='bbox 243 1153 269 1192; x_wconf 88' lang='lat' dir='ltr'>i.</span> <span class='ocrx_word' id='word_1_132' title='bbox 289 1153 423 1192; x_wconf 88' lang='lat' dir='ltr'>vineas</span> <span class='ocrx_word' id='word_1_133' title='bbox 442 1153 677 1204; x_wconf 83' lang='lat' dir='ltr'>exstirpare,</span> <span class='ocrx_word' id='word_1_134' title='bbox 709 1167 777 1192; x_wconf 89' lang='lat' dir='ltr'>seu</span> <span class='ocrx_word' id='word_1_135' title='bbox 797 1154 906 1206; x_wconf 86' lang='lat' dir='ltr'>quod</span> <span class='ocrx_word' id='word_1_136' title='bbox 937 1168 1028 1194; x_wconf 91' lang='lat' dir='ltr'>reus</span> <span class='ocrx_word' id='word_1_137' title='bbox 1056 1169 1078 1192; x_wconf 89' lang='lat' dir='ltr'>a</span> <span class='ocrx_word' id='word_1_138' title='bbox 1107 1162 1217 1194; x_wconf 86' lang='lat' dir='ltr'>terra</span> <span class='ocrx_word' id='word_1_139' title='bbox 1243 1157 1367 1195; x_wconf 87' lang='lat' dir='ltr'>veluti</span> <span class='ocrx_word' id='word_1_140' title='bbox 1397 1157 1640 1209; x_wconf 85' lang='lat' dir='ltr'>exstirpetur</span> <span class='ocrx_word' id='word_1_141' title='bbox 1671 1163 1711 1195; x_wconf 89' lang='lat' dir='ltr'>et</span> 
     </span>
     <span class='ocr_line' id='line_1_17' title="bbox 243 1209 1712 1266; baseline 0.003 -19"><span class='ocrx_word' id='word_1_142' title='bbox 243 1209 481 1248; x_wconf 84' lang='lat' dir='ltr'>extrahatur</span> <span class='ocrx_word' id='word_1_143' title='bbox 510 1215 551 1248; x_wconf 89' lang='lat' dir='ltr'>et</span> <span class='ocrx_word' id='word_1_144' title='bbox 578 1210 621 1248; x_wconf 87' lang='lat' dir='ltr'>in</span> <span class='ocrx_word' id='word_1_145' title='bbox 650 1212 774 1250; x_wconf 89' lang='lat' dir='ltr'>altum</span> <span class='ocrx_word' id='word_1_146' title='bbox 807 1211 992 1258; x_wconf 86' lang='lat' dir='ltr'>tollatur,</span> <span class='ocrx_word' id='word_1_147' title='bbox 1042 1225 1113 1250; x_wconf 88' lang='lat' dir='ltr'>seu</span> <span class='ocrx_word' id='word_1_148' title='bbox 1150 1213 1259 1262; x_wconf 91' lang='lat' dir='ltr'>quod</span> <span class='ocrx_word' id='word_1_149' title='bbox 1288 1213 1512 1251; x_wconf 88' lang='lat' dir='ltr'>deiectionis</span> <span class='ocrx_word' id='word_1_150' title='bbox 1540 1214 1712 1266; x_wconf 91' lang='lat' dir='ltr'>impetus</span> 
     </span>
     <span class='ocr_line' id='line_1_18' title="bbox 243 1266 1712 1321; baseline 0 -15"><span class='ocrx_word' id='word_1_151' title='bbox 243 1267 421 1306; x_wconf 89' lang='lat' dir='ltr'>membra</span> <span class='ocrx_word' id='word_1_152' title='bbox 456 1266 566 1305; x_wconf 86' lang='lat' dir='ltr'>laxet</span> <span class='ocrx_word' id='word_1_153' title='bbox 602 1268 759 1319; x_wconf 89' lang='lat' dir='ltr'>suisque</span> <span class='ocrx_word' id='word_1_154' title='bbox 789 1268 947 1307; x_wconf 86' lang='lat' dir='ltr'>sedibus</span> <span class='ocrx_word' id='word_1_155' title='bbox 979 1281 1065 1307; x_wconf 88' lang='lat' dir='ltr'>ossa</span> <span class='ocrx_word' id='word_1_156' title='bbox 1092 1269 1240 1307; x_wconf 86' lang='lat' dir='ltr'>eximat</span> <span class='ocrx_word' id='word_1_157' title='bbox 1266 1270 1499 1321; x_wconf 86' lang='lat' dir='ltr'>avellatque.</span> <span class='ocrx_word' id='word_1_158' title='bbox 1555 1270 1712 1310; x_wconf 85' lang='lat' dir='ltr'>Willel-</span> 
     </span>
     <span class='ocr_line' id='line_1_19' title="bbox 241 1323 1711 1377; baseline 0.001 -15"><span class='ocrx_word' id='word_1_159' title='bbox 241 1336 332 1362; x_wconf 89' lang='lat' dir='ltr'>mus</span> <span class='ocrx_word' id='word_1_160' title='bbox 355 1323 506 1362; x_wconf 88' lang='lat' dir='ltr'>Thorn.</span> <span class='ocrx_word' id='word_1_161' title='bbox 531 1327 578 1362; x_wconf 83' lang='lat' dir='ltr'>A.</span> <span class='ocrx_word' id='word_1_162' title='bbox 601 1325 727 1366; x_wconf 83' lang='lat'><strong>1264:</strong></span> <span class='ocrx_word' id='word_1_163' title='bbox 757 1340 827 1363; x_wconf 85' lang='lat' dir='ltr'>nec</span> <span class='ocrx_word' id='word_1_164' title='bbox 853 1325 989 1364; x_wconf 77' lang='lat' dir='ltr'>licebit</span> <span class='ocrx_word' id='word_1_165' title='bbox 1020 1327 1213 1377; x_wconf 77' lang='lat' dir='ltr'>cuiquam</span> <span class='ocrx_word' id='word_1_166' title='bbox 1242 1348 1299 1355; x_wconf 91' lang='lat'>—</span> <span class='ocrx_word' id='word_1_167' title='bbox 1327 1325 1489 1365; x_wconf 83' lang='lat' dir='ltr'>domam</span> <span class='ocrx_word' id='word_1_168' title='bbox 1505 1327 1571 1365; x_wconf 76' lang='lat' dir='ltr'>vel</span> <span class='ocrx_word' id='word_1_169' title='bbox 1587 1326 1711 1365; x_wconf 85' lang='lat' dir='ltr'>arbo-</span> 
     </span>
     <span class='ocr_line' id='line_1_20' title="bbox 239 1381 1710 1434; baseline 0.002 -17"><span class='ocrx_word' id='word_1_170' title='bbox 239 1394 322 1418; x_wconf 83' lang='lat' dir='ltr'>rem</span> <span class='ocrx_word' id='word_1_171' title='bbox 347 1402 403 1410; x_wconf 95' lang='lat'>--</span> <span class='ocrx_word' id='word_1_172' title='bbox 430 1387 608 1432; x_wconf 76' lang='lat' dir='ltr'>strepare</span> <span class='ocrx_word' id='word_1_173' title='bbox 622 1383 688 1419; x_wconf 71' lang='lat' dir='ltr'>vel</span> <span class='ocrx_word' id='word_1_174' title='bbox 702 1381 922 1423; x_wconf 84' lang='lat' dir='ltr'>eradicare.</span> <span class='ocrx_word' id='word_1_175' title='bbox 963 1396 1046 1421; x_wconf 90' lang='lat' dir='ltr'>non</span> <span class='ocrx_word' id='word_1_176' title='bbox 1061 1383 1206 1421; x_wconf 88' lang='lat' dir='ltr'>insulse</span> <span class='ocrx_word' id='word_1_177' title='bbox 1223 1382 1340 1421; x_wconf 86' lang='lat' dir='ltr'>etiam</span> <span class='ocrx_word' id='word_1_178' title='bbox 1361 1383 1410 1422; x_wconf 89' lang='lat' dir='ltr'>ab</span> <span class='ocrx_word' id='word_1_179' title='bbox 1425 1382 1586 1434; x_wconf 86' lang='lat' dir='ltr'>Anglico</span> <span class='ocrx_word' id='word_1_180' title='bbox 1604 1390 1710 1434; x_wconf 79' lang='lat' dir='ltr'>strep</span> 
     </span>
     <span class='ocr_line' id='line_1_21' title="bbox 240 1437 1712 1492; baseline 0.003 -18"><span class='ocrx_word' id='word_1_181' title='bbox 240 1442 407 1488; x_wconf 89' lang='lat' dir='ltr'>etymon</span> <span class='ocrx_word' id='word_1_182' title='bbox 443 1437 537 1475; x_wconf 90' lang='lat' dir='ltr'>duci</span> <span class='ocrx_word' id='word_1_183' title='bbox 573 1443 724 1489; x_wconf 88' lang='lat' dir='ltr'>potest,</span> <span class='ocrx_word' id='word_1_184' title='bbox 765 1452 864 1490; x_wconf 90' lang='lat' dir='ltr'>quae</span> <span class='ocrx_word' id='word_1_185' title='bbox 890 1453 974 1479; x_wconf 84' lang='lat' dir='ltr'>vox</span> <span class='ocrx_word' id='word_1_186' title='bbox 1007 1441 1228 1492; x_wconf 79' lang='lat' dir='ltr'>corrigiam</span> <span class='ocrx_word' id='word_1_187' title='bbox 1258 1446 1392 1489; x_wconf 86' lang='lat' dir='ltr'>sonat,</span> <span class='ocrx_word' id='word_1_188' title='bbox 1431 1440 1539 1478; x_wconf 87' lang='lat' dir='ltr'>unde</span> <span class='ocrx_word' id='word_1_189' title='bbox 1565 1447 1712 1492; x_wconf 77' lang='lat' dir='ltr'>strepa,</span> 
     </span>
     <span class='ocr_line' id='line_1_22' title="bbox 241 1494 1714 1549; baseline 0.003 -18"><span class='ocrx_word' id='word_1_190' title='bbox 241 1494 434 1532; x_wconf 87' lang='lat' dir='ltr'>scandula</span> <span class='ocrx_word' id='word_1_191' title='bbox 450 1495 654 1544; x_wconf 85' lang='lat' dir='ltr'>equestris,</span> <span class='ocrx_word' id='word_1_192' title='bbox 683 1509 828 1535; x_wconf 89' lang='lat' dir='ltr'>nomen</span> <span class='ocrx_word' id='word_1_193' title='bbox 846 1496 953 1548; x_wconf 88' lang='lat' dir='ltr'>apud</span> <span class='ocrx_word' id='word_1_194' title='bbox 971 1496 1130 1535; x_wconf 87' lang='lat' dir='ltr'>Latinos</span> <span class='ocrx_word' id='word_1_195' title='bbox 1150 1496 1236 1535; x_wconf 90' lang='lat' dir='ltr'>aevi</span> <span class='ocrx_word' id='word_1_196' title='bbox 1249 1497 1370 1535; x_wconf 86' lang='lat' dir='ltr'>medii</span> <span class='ocrx_word' id='word_1_197' title='bbox 1388 1497 1574 1549; x_wconf 84' lang='lat' dir='ltr'>sumpsit:</span> <span class='ocrx_word' id='word_1_198' title='bbox 1602 1496 1714 1548; x_wconf 88' lang='lat' dir='ltr'>quod.</span> 
     </span>
     <span class='ocr_line' id='line_1_23' title="bbox 238 1550 1712 1602; baseline 0.003 -15"><span class='ocrx_word' id='word_1_199' title='bbox 238 1550 408 1601; x_wconf 86' lang='lat' dir='ltr'>corrigia</span> <span class='ocrx_word' id='word_1_200' title='bbox 439 1550 541 1588; x_wconf 86' lang='lat' dir='ltr'>circa</span> <span class='ocrx_word' id='word_1_201' title='bbox 570 1557 709 1602; x_wconf 87' lang='lat' dir='ltr'>pectus</span> <span class='ocrx_word' id='word_1_202' title='bbox 737 1553 1009 1591; x_wconf 89' lang='lat' dir='ltr'>circumducta</span> <span class='ocrx_word' id='word_1_203' title='bbox 1030 1566 1122 1591; x_wconf 91' lang='lat' dir='ltr'>reus</span> <span class='ocrx_word' id='word_1_204' title='bbox 1143 1553 1184 1591; x_wconf 91' lang='lat' dir='ltr'>in</span> <span class='ocrx_word' id='word_1_205' title='bbox 1206 1553 1332 1592; x_wconf 87' lang='lat' dir='ltr'>altum</span> <span class='ocrx_word' id='word_1_206' title='bbox 1352 1553 1560 1593; x_wconf 85' lang='lat' dir='ltr'>educatur.</span> <span class='ocrx_word' id='word_1_207' title='bbox 1615 1558 1712 1592; x_wconf 87' lang='lat' dir='ltr'>utut</span> 
     </span>
     <span class='ocr_line' id='line_1_24' title="bbox 236 1606 1711 1661; baseline 0.003 -18"><span class='ocrx_word' id='word_1_208' title='bbox 236 1606 289 1644; x_wconf 84' lang='lat' dir='ltr'>sit</span> <span class='ocrx_word' id='word_1_209' title='bbox 318 1606 367 1644; x_wconf 91' lang='lat' dir='ltr'>de</span> <span class='ocrx_word' id='word_1_210' title='bbox 394 1606 502 1645; x_wconf 90' lang='lat' dir='ltr'>vocis</span> <span class='ocrx_word' id='word_1_211' title='bbox 531 1607 699 1658; x_wconf 86' lang='lat' dir='ltr'>origine,</span> <span class='ocrx_word' id='word_1_212' title='bbox 729 1615 886 1647; x_wconf 85' lang='lat' dir='ltr'>constat</span> <span class='ocrx_word' id='word_1_213' title='bbox 908 1623 990 1647; x_wconf 90' lang='lat' dir='ltr'>non</span> <span class='ocrx_word' id='word_1_214' title='bbox 1014 1622 1058 1647; x_wconf 92' lang='lat' dir='ltr'>re</span> <span class='ocrx_word' id='word_1_215' title='bbox 1073 1610 1179 1661; x_wconf 91' lang='lat' dir='ltr'>ipsa,</span> <span class='ocrx_word' id='word_1_216' title='bbox 1210 1610 1340 1648; x_wconf 89' lang='lat' dir='ltr'>sedin</span> <span class='ocrx_word' id='word_1_217' title='bbox 1359 1610 1543 1660; x_wconf 90' lang='lat' dir='ltr'>speciem,</span> <span class='ocrx_word' id='word_1_218' title='bbox 1573 1622 1642 1649; x_wconf 90' lang='lat' dir='ltr'>seu</span> <span class='ocrx_word' id='word_1_219' title='bbox 1662 1616 1711 1648; x_wconf 89' lang='lat' dir='ltr'>ut</span> 
     </span>
     <span class='ocr_line' id='line_1_25' title="bbox 235 1662 1711 1718; baseline 0.001 -16"><span class='ocrx_word' id='word_1_220' title='bbox 235 1662 357 1713; x_wconf 84' lang='lat' dir='ltr'>vulgo</span> <span class='ocrx_word' id='word_1_221' title='bbox 378 1663 568 1713; x_wconf 81' lang='lat' dir='ltr'>dicimus,</span> <span class='ocrx_word' id='word_1_222' title='bbox 598 1679 647 1701; x_wconf 86' lang='lat' dir='ltr'>en</span> <span class='ocrx_word' id='word_1_223' title='bbox 664 1665 819 1716; x_wconf 79' lang='lat' dir='ltr'>effigie,</span> <span class='ocrx_word' id='word_1_224' title='bbox 852 1665 896 1703; x_wconf 90' lang='lat' dir='ltr'>id</span> <span class='ocrx_word' id='word_1_225' title='bbox 918 1666 1098 1718; x_wconf 87' lang='lat' dir='ltr'>supplicii</span> <span class='ocrx_word' id='word_1_226' title='bbox 1120 1679 1279 1718; x_wconf 88' lang='lat' dir='ltr'>passum</span> <span class='ocrx_word' id='word_1_227' title='bbox 1303 1667 1474 1705; x_wconf 91' lang='lat' dir='ltr'>nobilem</span> <span class='ocrx_word' id='word_1_228' title='bbox 1499 1667 1621 1705; x_wconf 85' lang='lat' dir='ltr'>istum</span> <span class='ocrx_word' id='word_1_229' title='bbox 1641 1666 1711 1717; x_wconf 89' lang='lat' dir='ltr'>qui</span> 
     </span>
    </p>

    <p class='ocr_par' dir='ltr' id='par_1_5' title="bbox 96 1719 1712 1887">
     <span class='ocr_line' id='line_1_26' title="bbox 96 1719 1712 1772; baseline 0.001 -13"><span class='ocrx_word' id='word_1_230' title='bbox 96 1725 126 1759; x_wconf 90' lang='lat' dir='ltr'>P</span> <span class='ocrx_word' id='word_1_231' title='bbox 147 1723 215 1759; x_wconf 80' lang='lat'>459</span> <span class='ocrx_word' id='word_1_232' title='bbox 241 1732 324 1758; x_wconf 90' lang='lat' dir='ltr'>sese</span> <span class='ocrx_word' id='word_1_233' title='bbox 355 1719 407 1758; x_wconf 90' lang='lat' dir='ltr'>ad</span> <span class='ocrx_word' id='word_1_234' title='bbox 435 1733 633 1759; x_wconf 89' lang='lat' dir='ltr'>summum</span> <span class='ocrx_word' id='word_1_235' title='bbox 663 1722 891 1772; x_wconf 87' lang='lat' dir='ltr'>pontificem</span> <span class='ocrx_word' id='word_1_236' title='bbox 920 1723 1166 1772; x_wconf 84' lang='lat' dir='ltr'>contulerat,</span> <span class='ocrx_word' id='word_1_237' title='bbox 1197 1724 1376 1762; x_wconf 81' lang='lat' dir='ltr'>confecta</span> <span class='ocrx_word' id='word_1_238' title='bbox 1399 1724 1442 1762; x_wconf 86' lang='lat' dir='ltr'>in</span> <span class='ocrx_word' id='word_1_239' title='bbox 1469 1736 1560 1762; x_wconf 89' lang='lat' dir='ltr'>eum</span> <span class='ocrx_word' id='word_1_240' title='bbox 1590 1723 1712 1761; x_wconf 84' lang='lat' dir='ltr'>finem</span> 
     </span>
     <span class='ocr_line' id='line_1_27' title="bbox 240 1775 1711 1832; baseline 0.002 -17"><span class='ocrx_word' id='word_1_241' title='bbox 240 1775 485 1828; x_wconf 86' lang='lat' dir='ltr'>cataphracti</span> <span class='ocrx_word' id='word_1_242' title='bbox 513 1777 656 1828; x_wconf 90' lang='lat' dir='ltr'>equitis</span> <span class='ocrx_word' id='word_1_243' title='bbox 686 1778 832 1830; x_wconf 89' lang='lat' dir='ltr'>effigie,</span> <span class='ocrx_word' id='word_1_244' title='bbox 871 1793 990 1830; x_wconf 89' lang='lat' dir='ltr'>quam</span> <span class='ocrx_word' id='word_1_245' title='bbox 1023 1793 1104 1818; x_wconf 88' lang='lat' dir='ltr'>una</span> <span class='ocrx_word' id='word_1_246' title='bbox 1134 1793 1225 1817; x_wconf 90' lang='lat' dir='ltr'>cum</span> <span class='ocrx_word' id='word_1_247' title='bbox 1255 1792 1356 1831; x_wconf 90' lang='lat' dir='ltr'>equo</span> <span class='ocrx_word' id='word_1_248' title='bbox 1382 1780 1489 1832; x_wconf 87' lang='lat' dir='ltr'>ipso,</span> <span class='ocrx_word' id='word_1_249' title='bbox 1518 1780 1561 1818; x_wconf 90' lang='lat' dir='ltr'>in</span> <span class='ocrx_word' id='word_1_250' title='bbox 1585 1780 1711 1818; x_wconf 86' lang='lat' dir='ltr'>altum</span> 
     </span>
     <span class='ocr_line' id='line_1_28' title="bbox 239 1833 1711 1887; baseline 0.001 -15"><span class='ocrx_word' id='word_1_251' title='bbox 239 1835 335 1872; x_wconf 88' lang='lat' dir='ltr'>sune</span> <span class='ocrx_word' id='word_1_252' title='bbox 361 1833 523 1882; x_wconf 86' lang='lat' dir='ltr'>elatam,</span> <span class='ocrx_word' id='word_1_253' title='bbox 553 1835 809 1885; x_wconf 87' lang='lat' dir='ltr'>postmodum</span> <span class='ocrx_word' id='word_1_254' title='bbox 830 1848 876 1874; x_wconf 90' lang='lat' dir='ltr'>eo</span> <span class='ocrx_word' id='word_1_255' title='bbox 897 1836 1031 1874; x_wconf 86' lang='lat' dir='ltr'>laxato</span> <span class='ocrx_word' id='word_1_256' title='bbox 1045 1864 1057 1886; x_wconf 92' lang='lat'>,</span> <span class='ocrx_word' id='word_1_257' title='bbox 1086 1836 1139 1874; x_wconf 90' lang='lat' dir='ltr'>ad</span> <span class='ocrx_word' id='word_1_258' title='bbox 1158 1842 1303 1874; x_wconf 89' lang='lat' dir='ltr'>terram</span> <span class='ocrx_word' id='word_1_259' title='bbox 1325 1836 1527 1877; x_wconf 87' lang='lat' dir='ltr'>demisere.</span> <span class='ocrx_word' id='word_1_260' title='bbox 1582 1848 1711 1887; x_wconf 89' lang='lat' dir='ltr'>neque</span> 
     </span>
    </p>

    <p class='ocr_par' dir='ltr' id='par_1_6' title="bbox 184 1890 1714 2676">
     <span class='ocr_line' id='line_1_29' title="bbox 184 1890 1711 1946; baseline 0.003 -19"><span class='ocrx_word' id='word_1_261' title='bbox 184 1904 186 1907; x_wconf 77' lang='grc'><strong>’</strong></span> <span class='ocrx_word' id='word_1_262' title='bbox 239 1891 285 1928; x_wconf 86' lang='lat' dir='ltr'>id</span> <span class='ocrx_word' id='word_1_263' title='bbox 300 1890 488 1928; x_wconf 87' lang='lat' dir='ltr'>inusitato</span> <span class='ocrx_word' id='word_1_264' title='bbox 506 1891 652 1929; x_wconf 84' lang='lat' dir='ltr'>nostris</span> <span class='ocrx_word' id='word_1_265' title='bbox 670 1891 835 1930; x_wconf 88' lang='lat' dir='ltr'>iniuriae</span> <span class='ocrx_word' id='word_1_266' title='bbox 852 1905 992 1944; x_wconf 89' lang='lat' dir='ltr'>genere</span> <span class='ocrx_word' id='word_1_267' title='bbox 1010 1894 1050 1930; x_wconf 91' lang='lat' dir='ltr'>in</span> <span class='ocrx_word' id='word_1_268' title='bbox 1067 1893 1281 1942; x_wconf 86' lang='lat' dir='ltr'>absentem,</span> <span class='ocrx_word' id='word_1_269' title='bbox 1309 1900 1357 1932; x_wconf 91' lang='lat' dir='ltr'>ut</span> <span class='ocrx_word' id='word_1_270' title='bbox 1373 1893 1468 1946; x_wconf 87' lang='lat' dir='ltr'>ipsis</span> <span class='ocrx_word' id='word_1_271' title='bbox 1486 1892 1711 1942; x_wconf 87' lang='lat' dir='ltr'>videbatur,</span> 
     </span>
     <span class='ocr_line' id='line_1_30' title="bbox 240 1947 1714 2002; baseline 0.001 -16"><span class='ocrx_word' id='word_1_272' title='bbox 240 1960 354 1986; x_wconf 86' lang='lat' dir='ltr'>reum</span> <span class='ocrx_word' id='word_1_273' title='bbox 389 1947 617 1986; x_wconf 90' lang='lat' dir='ltr'>saevierunt</span> <span class='ocrx_word' id='word_1_274' title='bbox 645 1948 834 1998; x_wconf 85' lang='lat' dir='ltr'>Romani,</span> <span class='ocrx_word' id='word_1_275' title='bbox 864 1950 960 1988; x_wconf 91' lang='lat' dir='ltr'>dum</span> <span class='ocrx_word' id='word_1_276' title='bbox 996 1950 1134 1988; x_wconf 89' lang='lat' dir='ltr'>eodem</span> <span class='ocrx_word' id='word_1_277' title='bbox 1168 1950 1406 1990; x_wconf 85' lang='lat' dir='ltr'>damnavere</span> <span class='ocrx_word' id='word_1_278' title='bbox 1435 1950 1627 2002; x_wconf 92' lang='lat' dir='ltr'>supplicio</span> <span class='ocrx_word' id='word_1_279' title='bbox 1653 1950 1714 1988; x_wconf 86' lang='lat' dir='ltr'>rei</span> 
     </span>
     <span class='ocr_line' id='line_1_31' title="bbox 237 2003 1710 2058; baseline 0.001 -17"><span class='ocrx_word' id='word_1_280' title='bbox 237 2003 465 2054; x_wconf 84' lang='lat' dir='ltr'>imaginem,</span> <span class='ocrx_word' id='word_1_281' title='bbox 495 2005 604 2054; x_wconf 89' lang='lat' dir='ltr'>quod</span> <span class='ocrx_word' id='word_1_282' title='bbox 635 2018 727 2044; x_wconf 90' lang='lat' dir='ltr'>reus</span> <span class='ocrx_word' id='word_1_283' title='bbox 755 2006 860 2058; x_wconf 89' lang='lat' dir='ltr'>ipse,</span> <span class='ocrx_word' id='word_1_284' title='bbox 891 2007 922 2044; x_wconf 93' lang='lat' dir='ltr'>si</span> <span class='ocrx_word' id='word_1_285' title='bbox 942 2006 1151 2057; x_wconf 84' lang='lat' dir='ltr'>adfuisset,</span> <span class='ocrx_word' id='word_1_286' title='bbox 1174 2019 1311 2058; x_wconf 87' lang='lat' dir='ltr'>reapse</span> <span class='ocrx_word' id='word_1_287' title='bbox 1330 2007 1467 2045; x_wconf 83' lang='lat' dir='ltr'>fuisset</span> <span class='ocrx_word' id='word_1_288' title='bbox 1491 2006 1710 2048; x_wconf 84' lang='lat' dir='ltr'>subiturus.</span> 
     </span>
     <span class='ocr_line' id='line_1_32' title="bbox 221 2060 1709 2115; baseline 0.002 -19"><span class='ocrx_word' id='word_1_289' title='bbox 221 2060 351 2103; x_wconf 62' lang='lat' dir='ltr'>‚cuius</span> <span class='ocrx_word' id='word_1_290' title='bbox 381 2061 541 2110; x_wconf 90' lang='lat' dir='ltr'>quidem</span> <span class='ocrx_word' id='word_1_291' title='bbox 567 2061 735 2100; x_wconf 89' lang='lat' dir='ltr'>iniuriae</span> <span class='ocrx_word' id='word_1_292' title='bbox 762 2063 985 2114; x_wconf 79' lang='lat' dir='ltr'>exemplum</span> <span class='ocrx_word' id='word_1_293' title='bbox 1013 2062 1125 2101; x_wconf 90' lang='lat' dir='ltr'>haud</span> <span class='ocrx_word' id='word_1_294' title='bbox 1147 2063 1259 2101; x_wconf 85' lang='lat' dir='ltr'>facile</span> <span class='ocrx_word' id='word_1_295' title='bbox 1287 2063 1460 2115; x_wconf 89' lang='lat' dir='ltr'>reperire</span> <span class='ocrx_word' id='word_1_296' title='bbox 1486 2062 1603 2101; x_wconf 88' lang='lat' dir='ltr'>estin</span> <span class='ocrx_word' id='word_1_297' title='bbox 1619 2067 1709 2100; x_wconf 84' lang='lat' dir='ltr'>tota</span> 
     </span>
     <span class='ocr_line' id='line_1_33' title="bbox 238 2115 1708 2170; baseline 0.001 -16"><span class='ocrx_word' id='word_1_298' title='bbox 238 2115 407 2154; x_wconf 89' lang='lat' dir='ltr'>historia</span> <span class='ocrx_word' id='word_1_299' title='bbox 434 2118 584 2155; x_wconf 88' lang='lat' dir='ltr'>Graeca</span> <span class='ocrx_word' id='word_1_300' title='bbox 608 2124 650 2156; x_wconf 89' lang='lat' dir='ltr'>et</span> <span class='ocrx_word' id='word_1_301' title='bbox 674 2119 814 2158; x_wconf 89' lang='lat' dir='ltr'>Latina</span> <span class='ocrx_word' id='word_1_302' title='bbox 838 2120 952 2170; x_wconf 91' lang='lat' dir='ltr'>(licet</span> <span class='ocrx_word' id='word_1_303' title='bbox 980 2120 1100 2158; x_wconf 91' lang='lat' dir='ltr'>hodie</span> <span class='ocrx_word' id='word_1_304' title='bbox 1117 2120 1159 2158; x_wconf 90' lang='lat' dir='ltr'>in</span> <span class='ocrx_word' id='word_1_305' title='bbox 1181 2119 1258 2158; x_wconf 85' lang='lat' dir='ltr'>reis</span> <span class='ocrx_word' id='word_1_306' title='bbox 1280 2120 1502 2159; x_wconf 87' lang='lat' dir='ltr'>absentibus</span> <span class='ocrx_word' id='word_1_307' title='bbox 1523 2118 1708 2158; x_wconf 81' lang='lat' dir='ltr'>iudicatis</span> 
     </span>
     <span class='ocr_line' id='line_1_34' title="bbox 234 2171 1706 2228; baseline 0.002 -18"><span class='ocrx_word' id='word_1_308' title='bbox 234 2171 382 2225; x_wconf 81' lang='lat' dir='ltr'>passim</span> <span class='ocrx_word' id='word_1_309' title='bbox 413 2172 678 2226; x_wconf 86' lang='lat' dir='ltr'>observetur)</span> <span class='ocrx_word' id='word_1_310' title='bbox 707 2181 985 2227; x_wconf 88' lang='lat' dir='ltr'>praeterquam</span> <span class='ocrx_word' id='word_1_311' title='bbox 1015 2177 1123 2228; x_wconf 86' lang='lat' dir='ltr'>apud</span> <span class='ocrx_word' id='word_1_312' title='bbox 1152 2177 1390 2216; x_wconf 90' lang='lat' dir='ltr'>Trebellium</span> <span class='ocrx_word' id='word_1_313' title='bbox 1421 2176 1632 2215; x_wconf 84' lang='lat' dir='ltr'>Pollionem</span> <span class='ocrx_word' id='word_1_314' title='bbox 1663 2176 1706 2213; x_wconf 87' lang='lat' dir='ltr'>in</span> 
     </span>
     <span class='ocr_line' id='line_1_35' title="bbox 236 2228 1707 2286; baseline 0.001 -19"><span class='ocrx_word' id='word_1_315' title='bbox 236 2231 295 2271; x_wconf 87' lang='lat'>30</span> <span class='ocrx_word' id='word_1_316' title='bbox 325 2228 545 2280; x_wconf 83' lang='lat' dir='ltr'>Tyrannis,</span> <span class='ocrx_word' id='word_1_317' title='bbox 575 2229 644 2266; x_wconf 86' lang='lat' dir='ltr'>ubi</span> <span class='ocrx_word' id='word_1_318' title='bbox 674 2230 731 2269; x_wconf 85' lang='lat' dir='ltr'>ait</span> <span class='ocrx_word' id='word_1_319' title='bbox 759 2233 955 2272; x_wconf 90' lang='lat' dir='ltr'>Siccenses</span> <span class='ocrx_word' id='word_1_320' title='bbox 983 2248 1083 2273; x_wconf 73' lang='lat' dir='ltr'>novo</span> <span class='ocrx_word' id='word_1_321' title='bbox 1116 2235 1289 2272; x_wconf 81' lang='lat' dir='ltr'>iniuriae</span> <span class='ocrx_word' id='word_1_322' title='bbox 1313 2248 1455 2286; x_wconf 79' lang='lat' dir='ltr'>genere</span> <span class='ocrx_word' id='word_1_323' title='bbox 1486 2233 1707 2284; x_wconf 81' lang='lat' dir='ltr'>imaginem</span> 
     </span>
     <span class='ocr_line' id='line_1_36' title="bbox 238 2285 1706 2342; baseline 0.001 -18"><span class='ocrx_word' id='word_1_324' title='bbox 238 2285 348 2324; x_wconf 77' lang='lat' dir='ltr'>Celsi</span> <span class='ocrx_word' id='word_1_325' title='bbox 371 2286 534 2336; x_wconf 80' lang='lat' dir='ltr'>tyranni</span> <span class='ocrx_word' id='word_1_326' title='bbox 554 2286 597 2322; x_wconf 89' lang='lat' dir='ltr'>in</span> <span class='ocrx_word' id='word_1_327' title='bbox 616 2299 771 2324; x_wconf 81' lang='lat' dir='ltr'>crucem</span> <span class='ocrx_word' id='word_1_328' title='bbox 791 2291 1020 2337; x_wconf 72' lang='lat' dir='ltr'>sustulisse,</span> <span class='ocrx_word' id='word_1_329' title='bbox 1046 2292 1303 2342; x_wconf 78' lang='lat' dir='ltr'>persultante</span> <span class='ocrx_word' id='word_1_330' title='bbox 1319 2291 1458 2342; x_wconf 74' lang='lat' dir='ltr'>vulgo,</span> <span class='ocrx_word' id='word_1_331' title='bbox 1487 2290 1610 2340; x_wconf 73' lang='lat' dir='ltr'>quasi</span> <span class='ocrx_word' id='word_1_332' title='bbox 1622 2303 1706 2339; x_wconf 84' lang='lat' dir='ltr'>pa-</span> 
     </span>
     <span class='ocr_line' id='line_1_37' title="bbox 235 2341 1705 2397; baseline 0.003 -18"><span class='ocrx_word' id='word_1_333' title='bbox 235 2341 366 2379; x_wconf 83' lang='lat' dir='ltr'>tibulo</span> <span class='ocrx_word' id='word_1_334' title='bbox 400 2343 485 2392; x_wconf 75' lang='lat' dir='ltr'>ipse</span> <span class='ocrx_word' id='word_1_335' title='bbox 521 2341 662 2380; x_wconf 68' lang='lat' dir='ltr'>Celsus</span> <span class='ocrx_word' id='word_1_336' title='bbox 691 2341 895 2381; x_wconf 77' lang='lat' dir='ltr'>videretur</span> <span class='ocrx_word' id='word_1_337' title='bbox 929 2345 1095 2395; x_wconf 72' lang='lat' dir='ltr'>affixa-9.</span> <span class='ocrx_word' id='word_1_338' title='bbox 1152 2360 1246 2384; x_wconf 82' lang='lat' dir='ltr'>sane</span> <span class='ocrx_word' id='word_1_339' title='bbox 1267 2346 1428 2387; x_wconf 88' lang='lat' dir='ltr'>videtur</span> <span class='ocrx_word' id='word_1_340' title='bbox 1450 2358 1573 2397; x_wconf 85' lang='lat' dir='ltr'>paene</span> <span class='ocrx_word' id='word_1_341' title='bbox 1597 2345 1705 2384; x_wconf 89' lang='lat' dir='ltr'>idem</span> 
     </span>
     <span class='ocr_line' id='line_1_38' title="bbox 235 2398 1708 2452; baseline 0.001 -15"><span class='ocrx_word' id='word_1_342' title='bbox 235 2398 356 2437; x_wconf 87' lang='lat' dir='ltr'>fuisse</span> <span class='ocrx_word' id='word_1_343' title='bbox 393 2405 582 2450; x_wconf 80' lang='lat' dir='ltr'>strapata</span> <span class='ocrx_word' id='word_1_344' title='bbox 619 2411 709 2436; x_wconf 87' lang='lat' dir='ltr'>cum</span> <span class='ocrx_word' id='word_1_345' title='bbox 739 2399 1010 2438; x_wconf 89' lang='lat' dir='ltr'>trochlearum</span> <span class='ocrx_word' id='word_1_346' title='bbox 1036 2400 1250 2451; x_wconf 87' lang='lat' dir='ltr'>supplicio,</span> <span class='ocrx_word' id='word_1_347' title='bbox 1290 2414 1368 2452; x_wconf 91' lang='lat' dir='ltr'>quo</span> <span class='ocrx_word' id='word_1_348' title='bbox 1395 2401 1439 2438; x_wconf 89' lang='lat' dir='ltr'>in</span> <span class='ocrx_word' id='word_1_349' title='bbox 1465 2401 1708 2440; x_wconf 83' lang='lat' dir='ltr'>Christianos</span> 
     </span>
     <span class='ocr_line' id='line_1_39' title="bbox 233 2455 1706 2508; baseline 0.003 -16"><span class='ocrx_word' id='word_1_350' title='bbox 233 2461 430 2505; x_wconf 84' lang='lat' dir='ltr'>martyres</span> <span class='ocrx_word' id='word_1_351' title='bbox 448 2455 676 2494; x_wconf 88' lang='lat' dir='ltr'>saeviebant</span> <span class='ocrx_word' id='word_1_352' title='bbox 695 2455 949 2508; x_wconf 88' lang='lat' dir='ltr'>imperatores</span> <span class='ocrx_word' id='word_1_353' title='bbox 966 2457 1142 2507; x_wconf 89' lang='lat' dir='ltr'>gentiles,</span> <span class='ocrx_word' id='word_1_354' title='bbox 1167 2457 1216 2495; x_wconf 87' lang='lat' dir='ltr'>de</span> <span class='ocrx_word' id='word_1_355' title='bbox 1233 2470 1311 2508; x_wconf 91' lang='lat' dir='ltr'>quo</span> <span class='ocrx_word' id='word_1_356' title='bbox 1330 2456 1539 2507; x_wconf 88' lang='lat' dir='ltr'>Gregorius</span> <span class='ocrx_word' id='word_1_357' title='bbox 1556 2458 1706 2497; x_wconf 88' lang='lat' dir='ltr'>Turon.</span> 
     </span>
     <span class='ocr_line' id='line_1_40' title="bbox 233 2511 1706 2566; baseline 0.003 -17"><span class='ocrx_word' id='word_1_358' title='bbox 233 2511 261 2549; x_wconf 89' lang='lat' dir='ltr'>l.</span> <span class='ocrx_word' id='word_1_359' title='bbox 283 2511 308 2552; x_wconf 90' lang='lat'><em>5</em></span> <span class='ocrx_word' id='word_1_360' title='bbox 339 2511 443 2550; x_wconf 91' lang='lat' dir='ltr'>Hist.</span> <span class='ocrx_word' id='word_1_361' title='bbox 463 2526 495 2551; x_wconf 90' lang='lat' dir='ltr'>c.</span> <span class='ocrx_word' id='word_1_362' title='bbox 520 2515 572 2554; x_wconf 87' lang='lat'>19</span> <span class='ocrx_word' id='word_1_363' title='bbox 601 2518 641 2550; x_wconf 90' lang='lat' dir='ltr'>et</span> <span class='ocrx_word' id='word_1_364' title='bbox 661 2513 790 2551; x_wconf 90' lang='lat' dir='ltr'>Passio</span> <span class='ocrx_word' id='word_1_365' title='bbox 815 2515 882 2552; x_wconf 91' lang='lat' dir='ltr'>SS.</span> <span class='ocrx_word' id='word_1_366' title='bbox 902 2513 1046 2551; x_wconf 88' lang='lat' dir='ltr'>Bonosi</span> <span class='ocrx_word' id='word_1_367' title='bbox 1066 2519 1105 2551; x_wconf 89' lang='lat' dir='ltr'>et</span> <span class='ocrx_word' id='word_1_368' title='bbox 1129 2513 1356 2553; x_wconf 85' lang='lat' dir='ltr'>Maximiani</span> <span class='ocrx_word' id='word_1_369' title='bbox 1378 2512 1485 2566; x_wconf 89' lang='lat' dir='ltr'>apud</span> <span class='ocrx_word' id='word_1_370' title='bbox 1506 2513 1706 2554; x_wconf 88' lang='lat' dir='ltr'>Francisc.</span> 
     </span>
     <span class='ocr_line' id='line_1_41' title="bbox 233 2566 1703 2612; baseline 0.005 -8"><span class='ocrx_word' id='word_1_371' title='bbox 233 2566 435 2606; x_wconf 83' lang='lat' dir='ltr'>Bivarium</span> <span class='ocrx_word' id='word_1_372' title='bbox 454 2569 497 2606; x_wconf 89' lang='lat' dir='ltr'>in</span> <span class='ocrx_word' id='word_1_373' title='bbox 519 2569 655 2607; x_wconf 86' lang='lat' dir='ltr'>Addit.</span> <span class='ocrx_word' id='word_1_374' title='bbox 676 2569 728 2607; x_wconf 90' lang='lat' dir='ltr'>ad</span> <span class='ocrx_word' id='word_1_375' title='bbox 746 2569 1038 2609; x_wconf 89' lang='lat' dir='ltr'>Pseudochron.</span> <span class='ocrx_word' id='word_1_376' title='bbox 1061 2570 1187 2609; x_wconf 89' lang='lat' dir='ltr'>Marci</span> <span class='ocrx_word' id='word_1_377' title='bbox 1206 2569 1380 2612; x_wconf 79' lang='lat' dir='ltr'>Maximi.</span> <span class='ocrx_word' id='word_1_378' title='bbox 1438 2569 1488 2608; x_wconf 87' lang='lat' dir='ltr'>de</span> <span class='ocrx_word' id='word_1_379' title='bbox 1511 2583 1558 2609; x_wconf 89' lang='lat' dir='ltr'>eo</span> <span class='ocrx_word' id='word_1_380' title='bbox 1583 2571 1703 2611; x_wconf 85' lang='lat' dir='ltr'>etiam</span> 
     </span>
     <span class='ocr_line' id='line_1_42' title="bbox 233 2623 1110 2676; baseline 0.007 -15"><span class='ocrx_word' id='word_1_381' title='bbox 233 2623 414 2676; x_wconf 91' lang='lat' dir='ltr'>pluribus</span> <span class='ocrx_word' id='word_1_382' title='bbox 434 2625 513 2676; x_wconf 90' lang='lat' dir='ltr'>agit</span> <span class='ocrx_word' id='word_1_383' title='bbox 532 2626 722 2664; x_wconf 90' lang='lat' dir='ltr'>Gallonus</span> <span class='ocrx_word' id='word_1_384' title='bbox 740 2626 767 2667; x_wconf 86' lang='lat' dir='ltr'>l.</span> <span class='ocrx_word' id='word_1_385' title='bbox 790 2630 810 2670; x_wconf 89' lang='lat'>1</span> <span class='ocrx_word' id='word_1_386' title='bbox 841 2627 890 2665; x_wconf 88' lang='lat' dir='ltr'>de</span> <span class='ocrx_word' id='word_1_387' title='bbox 910 2628 1110 2668; x_wconf 89' lang='lat' dir='ltr'>Torment.</span> 
     </span>
    </p>
   </div>
   <div class='ocr_carea' id='block_1_5' title="bbox 237 2690 1705 2854">
    <p class='ocr_par' dir='ltr' id='par_1_7' title="bbox 237 2690 1705 2854">
     <span class='ocr_line' id='line_1_43' title="bbox 349 2690 1705 2748; baseline 0.003 -19"><span class='ocrx_word' id='word_1_388' title='bbox 349 2704 389 2742; x_wconf 90' lang='lat' dir='ltr'>p.</span> <span class='ocrx_word' id='word_1_389' title='bbox 410 2695 491 2734; x_wconf 84' lang='lat'>172</span> <span class='ocrx_word' id='word_1_390' title='bbox 521 2706 560 2731; x_wconf 87' lang='lat' dir='ltr'>v.</span> <span class='ocrx_word' id='word_1_391' title='bbox 584 2696 622 2735; x_wconf 89' lang='lat'>1.</span> <span class='ocrx_word' id='word_1_392' title='bbox 678 2692 954 2748; x_wconf 80' lang='grc' dir='ltr'><strong><em>παλαιοτέροις</em></strong></span> <span class='ocrx_word' id='word_1_393' title='bbox 980 2690 1176 2748; x_wconf 74' lang='grc' dir='ltr'><strong><em>ἆρχείοις]</em></strong></span> <span class='ocrx_word' id='word_1_394' title='bbox 1207 2693 1252 2731; x_wconf 87' lang='lat' dir='ltr'>In</span> <span class='ocrx_word' id='word_1_395' title='bbox 1279 2691 1565 2733; x_wconf 87' lang='lat' dir='ltr'>Blacherniano</span> <span class='ocrx_word' id='word_1_396' title='bbox 1588 2694 1705 2746; x_wconf 84' lang='lat' dir='ltr'>pala-</span> 
     </span>
     <span class='ocr_line' id='line_1_44' title="bbox 237 2746 1704 2804; baseline 0.003 -18"><span class='ocrx_word' id='word_1_397' title='bbox 237 2746 318 2793; x_wconf 90' lang='lat' dir='ltr'>tio,</span> <span class='ocrx_word' id='word_1_398' title='bbox 347 2747 392 2785; x_wconf 92' lang='lat' dir='ltr'>in</span> <span class='ocrx_word' id='word_1_399' title='bbox 421 2760 500 2797; x_wconf 90' lang='lat' dir='ltr'>quo</span> <span class='ocrx_word' id='word_1_400' title='bbox 530 2749 688 2788; x_wconf 74' lang='lat' dir='ltr'>Manuel</span> <span class='ocrx_word' id='word_1_401' title='bbox 714 2751 817 2789; x_wconf 92' lang='lat' dir='ltr'>bella</span> <span class='ocrx_word' id='word_1_402' title='bbox 837 2764 860 2788; x_wconf 87' lang='lat' dir='ltr'>a</span> <span class='ocrx_word' id='word_1_403' title='bbox 880 2763 921 2788; x_wconf 89' lang='lat' dir='ltr'>se</span> <span class='ocrx_word' id='word_1_404' title='bbox 938 2757 1045 2802; x_wconf 87' lang='lat' dir='ltr'>gesta</span> <span class='ocrx_word' id='word_1_405' title='bbox 1065 2763 1217 2790; x_wconf 90' lang='lat' dir='ltr'>summo</span> <span class='ocrx_word' id='word_1_406' title='bbox 1241 2763 1331 2788; x_wconf 90' lang='lat' dir='ltr'>cum</span> <span class='ocrx_word' id='word_1_407' title='bbox 1357 2751 1524 2790; x_wconf 88' lang='lat' dir='ltr'>artificio</span> <span class='ocrx_word' id='word_1_408' title='bbox 1547 2751 1704 2804; x_wconf 86' lang='lat' dir='ltr'>depingi</span> 
     </span>
     <span class='ocr_line' id='line_1_45' title="bbox 239 2806 1703 2854; baseline 0.004 -12"><span class='ocrx_word' id='word_1_409' title='bbox 239 2809 469 2854; x_wconf 86' lang='lat' dir='ltr'>curaverat,</span> <span class='ocrx_word' id='word_1_410' title='bbox 499 2806 560 2843; x_wconf 91' lang='lat' dir='ltr'>uti</span> <span class='ocrx_word' id='word_1_411' title='bbox 583 2813 751 2845; x_wconf 88' lang='lat' dir='ltr'>narrant</span> <span class='ocrx_word' id='word_1_412' title='bbox 775 2807 898 2846; x_wconf 88' lang='lat' dir='ltr'>Nicet.</span> <span class='ocrx_word' id='word_1_413' title='bbox 922 2806 951 2849; x_wconf 89' lang='lat'>1.</span> <span class='ocrx_word' id='word_1_414' title='bbox 981 2811 1008 2849; x_wconf 89' lang='grc'>7</span> <span class='ocrx_word' id='word_1_415' title='bbox 1035 2821 1075 2845; x_wconf 89' lang='lat' dir='ltr'>n.</span> <span class='ocrx_word' id='word_1_416' title='bbox 1104 2810 1131 2851; x_wconf 90' lang='lat'><strong>3</strong></span> <span class='ocrx_word' id='word_1_417' title='bbox 1165 2812 1206 2846; x_wconf 87' lang='lat' dir='ltr'>et</span> <span class='ocrx_word' id='word_1_418' title='bbox 1233 2806 1482 2847; x_wconf 81' lang='lat' dir='ltr'>Beniaminus</span> <span class='ocrx_word' id='word_1_419' title='bbox 1501 2808 1640 2848; x_wconf 85' lang='lat' dir='ltr'>Tudel.</span> <span class='ocrx_word' id='word_1_420' title='bbox 1659 2809 1703 2847; x_wconf 84' lang='lat' dir='ltr'>in</span> 
     </span>
    </p>
   </div>
   <div class='ocr_carea' id='block_1_6' title="bbox 237 2860 1083 2915">
    <p class='ocr_par' dir='ltr' id='par_1_8' title="bbox 237 2860 1083 2915">
     <span class='ocr_line' id='line_1_46' title="bbox 237 2860 1083 2915; baseline 0.004 -16"><span class='ocrx_word' id='word_1_421' title='bbox 237 2860 372 2900; x_wconf 87' lang='lat' dir='ltr'>Itiner.</span> <span class='ocrx_word' id='word_1_422' title='bbox 391 2874 430 2913; x_wconf 88' lang='lat' dir='ltr'>p.</span> <span class='ocrx_word' id='word_1_423' title='bbox 453 2863 509 2904; x_wconf 78' lang='lat'>26</span> <span class='ocrx_word' id='word_1_424' title='bbox 531 2862 625 2902; x_wconf 85' lang='lat' dir='ltr'>edit.</span> <span class='ocrx_word' id='word_1_425' title='bbox 646 2863 778 2903; x_wconf 89' lang='lat' dir='ltr'>Const.</span> <span class='ocrx_word' id='word_1_426' title='bbox 803 2865 1083 2915; x_wconf 84' lang='lat' dir='ltr'>L’Empereur.</span> 
     </span>
    </p>
   </div>
  </div>
 </body>
</html>
