1878 3262
272 190 332 238 18
563 159 566 163 ’
692 186 998 232 NICEPHORI
1028 186 1297 232 BRYENNII

267 304 490 361 βουλευθέν
522 300 720 358 ἐξήνεγκε,
755 302 823 343 καὶ
851 301 986 356 μέντοι
1010 302 1077 343 καὶ
1095 301 1364 358 παρατίθεται
1381 298 1548 352 τούτους
1566 304 1624 359 τῷ
1642 305 1741 355 βα-.

270 379 381 416 σιλεΐ.
431 370 451 413 ὃ
478 372 521 413 δὲ
538 369 710 425 ἐπιεικής
730 387 771 412 τε
794 368 849 412 ὢν
867 372 933 412 καὶ
954 374 1074 424 τιμᾶν
1095 369 1209 419 εἷδῶς
1225 369 1297 424 τὴν
1317 369 1508 425 εὐγένειαν
1527 371 1598 412 οὐκ
1619 369 1726 412 ἔστιν

270 444 389 484 εἷπεῖν
416 439 513 494 ὅσης
546 440 688 494 ἠξίωσε
718 440 973 496 προμηθείας
1004 438 1098 488 τοὺς
1122 439 1284 488 παῖδας.
1351 439 1628 494 παιδαγωγοὺς
1648 437 1726 494 γὰρ

267 509 405 559 αὐτοῖς
426 507 643 563 ἐπιστήσας
662 509 728 549 καὶ
749 509 1012 564 παιδοτρήθας
1037 513 1120 556 τοῖς
1139 507 1212 560 μὲν
1234 505 1440 563 ῥυθμίζειν
1460 506 1505 549 τὸ
1526 501 1630 561 ἦθος
1647 510 1727 548 τῶν

268 578 367 620 νέων
398 577 606 628 ἐπέταττε,
642 583 724 625 τοῖς
754 576 796 618 δὲ
822 577 874 617 τὰ
902 575 1096 629 πολεμικὰ
1126 574 1395 633 ἐκδιδάσκειν,
1430 572 1665 626 ὃπλίζεσθαί
1684 580 1760 616 τε5

151 660 181 694 Ρ
207 659 249 695 17
273 646 432 703 εὐφυῶς
464 647 530 687 καὶ
562 649 619 701 τῷ
653 648 791 701 θυρεῷ
816 645 1036 686 σκέπεσθαι
1063 644 1164 700 πρὸς
1189 644 1262 693 τὰς
1283 647 1362 685 τῶν
1385 643 1570 684 ἐναντίων
1589 641 1730 696 βολάς,

270 717 338 757 καὶ
367 714 481 770 ἔγχος
512 714 739 770 κραδαίνειν
766 714 832 754 καὶ
869 711 1112 764 ἴππάζεσθαι
1149 714 1287 762 δεξιῶς
1318 713 1384 753 καὶ
1419 710 1539 765 βέλος
1571 711 1732 767 ἀφιέναι

273 783 377 825 κατὰ
401 786 573 833 σκοποῦ,
610 783 676 823 καὶ
691 783 761 822 ἵνα
785 780 829 822 τὸ
853 780 1117 838 καιριώτατον
1139 780 1310 834 εἴποιμι,
1348 780 1399 821 τὰ
1425 779 1592 821 τακτικὰ
1614 782 1733 832 μελε-

271 856 370 902 τᾶν,
401 852 471 892 ἵνα
491 850 614 904 ἔχοιεν
634 850 777 891 εῗδέναι
801 848 909 899 ὅπως
930 867 984 901 τε..
990 849 1071 905 χρὴ
1095 848 1284 906 φάλαγγα
1306 847 1460 890 τάττειν
1477 850 1543 889 καὶ
1562 847 1733 889 καταλέ-

271 937 353 975 γειν
383 917 552 972 λόχους,
587 910 911 974 στρατοπεδεύειν
937 936 978 959 τε
1005 919 1218 974 ἐπικαίρως
1235 918 1301 959 καὶ
1316 914 1481 973 χάρακα
1501 914 1730 971 πήγνυσθαι
1745 923 1789 958 10

273 989 340 1030 καὶ
362 982 490 1029 τᾶλλα
510 986 586 1029 ὅσα
609 987 658 1040 δὴ
681 986 732 1028 τὰ
750 986 916 1029 τακτικὰ
942 984 1234 1028 ἐκδιδάσκουσι.
1304 985 1490 1041 διατριβὴ
1511 985 1554 1026 δὲ
1576 982 1733 1033 τούτοις

270 1054 297 1110 ἡ
324 1055 428 1110 μονὴ
459 1059 533 1097 τοῦ
552 1057 748 1096 ’Στουὸιόυ
772 1053 979 1113 ἀφώριστο
1001 1057 1112 1096 δυοῖν
1133 1055 1244 1096 ἕνεκα
1256 1086 1268 1105 ,
1304 1054 1350 1096 τὸ
1369 1054 1442 1107 μὲν
1462 1055 1531 1095 ἵνα
1549 1054 1616 1094 καὶ
1633 1052 1734 1108 πρὸς

271 1124 417 1180 ἀρετὴν
449 1125 722 1179 ἐπαλείᾳοιντο
759 1128 810 1179 τῇ
840 1122 1006 1176 μιμήσει
1023 1127 1102 1164 τῶν
1123 1123 1297 1179 ἀρίστων
1319 1123 1500 1178 ἀνδρῶν,
1531 1121 1575 1163 τὸ
1604 1121 1644 1162 δ’
1663 1122 1734 1162 ἵνα

216 1208 246 1243 Β
272 1191 397 1246 ἔχοιεν
419 1191 589 1247 εὐχερῶς
614 1192 755 1240 ἐξιέναι
780 1195 851 1245 τῆς
876 1189 1028 1241 πόλεως
1049 1191 1149 1248 πρὸς
1169 1190 1305 1248 θήραν
1327 1207 1368 1232 τε
1389 1190 1546 1232 ἀπιέναι
1564 1191 1631 1231 καὶ
1651 1195 1735 1238 τοῖς

271 1260 410 1309 ὅπλοις
432 1258 720 1315 γυμνάζεσθαι.
1746 1263 1790 1299 15

412 1329 456 1372 2.
520 1327 628 1369 Ἔπεὶ
654 1328 696 1369 δὲ
720 1324 987 1382 διηλλαξάτην
1010 1325 1134 1383 ἄμᾳω
1156 1326 1228 1381 τὴν
1244 1324 1373 1380 ἥβην,
1408 1325 1532 1375 εὐθὺς
1549 1331 1638 1374 ταῖς
1653 1329 1735 1378 βα-

274 1401 445 1447 σιλικαῖς
465 1394 657 1453 ἑταιρίαις
676 1393 1032 1451 συγκατελεγήτην·
1060 1395 1157 1444 ἔθος
1178 1394 1254 1450 γὰρ
1276 1398 1394 1436 τοῦτο
1411 1398 1621 1448 βασιλεῦσι
1634 1392 1736 1435 Ῥω-

272 1467 406 1520 μαίων
426 1464 520 1514 τοὺς
540 1470 620 1506 τῶν
646 1465 818 1521 ἀρίστων
843 1465 1002 1519 ἀνδρῶν
1024 1465 1173 1513 παῖδας
1197 1464 1262 1504 καὶ
1287 1466 1366 1504 τῶν
1388 1458 1431 1504 εὖ
1447 1460 1663 1518 γεγονότων
1686 1465 1738 1518 τῇ
1750 1505 1753 1510 ,

274 1538 391 1590 σφῶν
429 1532 560 1574 αὐτῶν
593 1531 790 1590 ὑπηρεσία
823 1533 1138 1587 στγκαταλέγειν.
1209 1530 1319 1572 οὔπω
1353 1531 1498 1584 συχνὸς
1530 1528 1735 1587 παρερρύη

273 1599 435 1658 καιρός,
471 1602 537 1643 καὶ
559 1601 600 1643 αἱ
622 1602 804 1656 μέγισται
827 1604 908 1642 τῶν
925 1604 1050 1653 τιμῶν
1070 1598 1175 1653 εἶχον
1199 1597 1346 1649 αὐτούς
1351 1631 1366 1651 ,
1401 1600 1588 1656 ἓπαρχίαι
1605 1615 1645 1641 τε
1667 1599 1793 1640 naim

278 1776 418 1812 trocinio
436 1775 596 1822 peculiari
611 1775 730 1810 Basilii
746 1776 1023 1817 commendasset,
1051 1787 1118 1811 non
1133 1776 1233 1811 facile
1248 1776 1341 1810 dictu
1358 1778 1428 1818 est,
1456 1786 1555 1821 quam
1569 1774 1736 1809 benevolo

275 1824 475 1869 prolixoque
501 1822 608 1856 animo
631 1822 776 1855 clemens
797 1823 854 1856 ille
875 1834 916 1856 ac
932 1823 1065 1868 sapiens
1082 1823 1236 1868 princeps
1260 1823 1467 1856 nobilitatem
1483 1833 1545 1867 pro
1562 1833 1602 1855 eo
1619 1833 1659 1856 ac
1674 1830 1738 1866 pat

277 1876 353 1903 erat
369 1870 535 1902 honorare
551 1868 669 1901 solitus
680 1895 690 1911 ,
706 1867 907 1913 pupillorum
922 1880 1035 1902 curam
1052 1867 1349 1913 educationem'que
1364 1868 1408 1902 sit
1423 1868 1606 1912 amplexus.
1652 1878 1738 1912 pae-

276 1915 430 1959 dagogos
455 1914 501 1948 eis
527 1914 658 1956 statim,
689 1917 725 1946 et
749 1914 978 1948 moderatores
1001 1914 1160 1959 imposuit
1175 1915 1338 1959 optimos,
1371 1914 1428 1958 qui
1445 1922 1481 1947 et
1494 1923 1605 1946 mores
1621 1913 1738 1946 adole-

276 1960 505 1994 scentulorum
521 1960 563 1993 ad
581 1959 684 1993 decus
699 1970 796 1992 omne
811 1960 1016 1993 formarent:
1049 1971 1260 2005 corporaque
1280 1967 1397 1994 tenera
1418 1971 1480 2005 pro
1498 1959 1619 1993 aetatis
1635 1961 1739 2003 captu

274 2006 321 2039 ad
344 2006 534 2039 militarium
561 2005 624 2038 iam
645 2010 714 2038 tum
738 2005 857 2039 artium
881 2004 1128 2039 meditationem
1148 2007 1327 2050 fingerent.
1373 2004 1492 2039 armari
1506 2015 1565 2038 eos
1581 2003 1739 2049 expedito

277 2051 439 2084 docentes
453 2077 462 2092 ‚
492 2051 691 2095 galeamque
717 2055 797 2096 apte
820 2051 964 2085 induere
993 2051 1154 2086 adversus
1177 2052 1318 2086 infestas
1340 2051 1561 2085 iaculationes
1582 2049 1738 2090 hostium,

276 2097 379 2130 telum
406 2097 563 2138 vibrare,
596 2096 748 2140 equitare
779 2097 908 2142 perite,
941 2097 1110 2131 collimare
1125 2097 1235 2131 iaculo
1255 2097 1288 2131 in
1311 2109 1466 2141 scopum:
1499 2101 1535 2130 et
1554 2099 1593 2129 ut
1606 2094 1737 2140 praeci-

276 2153 377 2188 puam
394 2141 588 2185 discipliuae
604 2142 745 2175 bellicae
761 2148 892 2187 partem
908 2154 1162 2177 commemorem
1178 2144 1342 2177 rationem
1367 2142 1630 2176 instruendorum
1646 2139 1738 2174 acie-

277 2199 351 2222 rum
377 2187 424 2220 sic
450 2188 576 2220 habere
603 2187 637 2220 iu
669 2193 846 2232 promptu,
877 2193 915 2221 ut
930 2188 1049 2232 quovis
1065 2189 1138 2223 loco
1156 2201 1197 2222 ac
1212 2195 1363 2234 tempore
1379 2187 1528 2233 quemvis
1553 2197 1737 2227 numerum,

277 2245 345 2278 qua
372 2233 482 2277 figura
510 2233 685 2276 expediret
709 2234 866 2267 ordinare
893 2234 1063 2279 extemplo
1089 2240 1245 2279 possent,
1279 2235 1503 2278 callerentque
1526 2231 1568 2266 ad
1589 2242 1736 2276 unguem

278 2279 354 2323 quis
380 2278 572 2311 insidiarum
602 2279 871 2313 collocandarum
894 2280 1036 2321 modus,
1069 2281 1147 2325 quid
1170 2280 1388 2326 spectandum
1402 2280 1436 2313 in
1452 2277 1517 2312 loci
1540 2276 1674 2310 delectu
1691 2277 1735 2310 ad

276 2324 606 2358 castrametationem
631 2325 829 2368 opportuni,
862 2330 1046 2358 castrorum
1070 2326 1217 2370 ipsorum
1240 2337 1327 2371 quae
1341 2327 1447 2359 forma
1462 2333 1592 2368 quaeve
1607 2322 1738 2356 descri-

277 2370 348 2415 ptio
374 2370 418 2403 sit
441 2369 587 2414 optima,
620 2375 801 2414 ceteraque
825 2371 1012 2404 istiusmodi
1028 2371 1072 2404 ad
1088 2372 1261 2406 scientiam
1278 2370 1502 2404 ducendorum
1529 2368 1738 2402 exercituum

276 2415 491 2460 pertinentia.
538 2414 758 2447 diversorium
782 2415 847 2448 illis
864 2417 1064 2459 assignatum
1082 2423 1134 2450 est
1148 2417 1183 2451 in
1198 2415 1400 2450 monasterio
1421 2413 1531 2447 studii
1547 2414 1678 2448 duabus
1687 2414 1737 2450 de

278 2461 397 2496 causis.
445 2461 582 2505 primum
606 2465 645 2492 ut
668 2460 710 2493 ad
736 2461 895 2494 virtutem
921 2462 1082 2506 exemplis
1100 2462 1246 2497 virorum
1262 2460 1497 2506 praestantium
1515 2459 1737 2494 informaren-

278 2512 333 2538 tur
345 2532 355 2548 ‚
386 2506 508 2539 deinde
533 2510 569 2539 ut
595 2505 727 2539 facilem
743 2507 907 2540 haberent
921 2507 1046 2540 exitum
1064 2519 1111 2542 exv
1123 2510 1226 2552 urbe,
1256 2506 1388 2553 quoties
1404 2505 1459 2540 vel
1475 2505 1664 2540 venationis
1679 2505 1736 2540 vel

279 2551 529 2585 exercitationis
545 2562 627 2594 ergo
643 2552 780 2596 prodire
794 2551 886 2597 ipsos
898 2557 1087 2598 oporteret.

369 2598 402 2630 2.
450 2597 519 2629 Ubi
533 2608 616 2630 vero
633 2597 843 2641 pubertatem
860 2600 957 2631 ambo
974 2599 1181 2643 attigerunt,
1204 2597 1316 2632 statim
1330 2595 1547 2631 societatibus
1563 2595 1737 2630 Palatino-

279 2652 352 2675 rum
378 2641 539 2686 adscripti
562 2648 650 2675 sunt.
699 2654 768 2676 mos
794 2643 880 2677 enim
905 2644 957 2677 liic
973 2644 1036 2678 fuit
1053 2644 1213 2678 Romanis
1227 2642 1502 2687 imperatoribus,
1534 2647 1572 2675 ut
1586 2643 1735 2676 virorum

278 2687 522 2732 praestantium
553 2691 588 2720 et
615 2688 891 2722 nobilissimorum
913 2689 1119 2734 quorumque
1141 2689 1228 2722 filios
1250 2688 1385 2722 honoris
1400 2699 1498 2721 causa
1514 2687 1736 2722 familiaribus

280 2732 332 2766 sui
357 2732 504 2777 ipsorum
531 2732 723 2767 ministeriis
739 2734 878 2767 allectos
894 2734 1101 2768 adhiberent.
1147 2734 1224 2768 hinc
1244 2733 1308 2767 iam
1325 2734 1421 2767 brevi
1437 2738 1589 2779 tempore
1603 2732 1734 2767 maximi

279 2778 430 2812 certatim
447 2778 591 2811 honores
607 2778 696 2811 ultro
713 2779 762 2813 his
778 2779 1038 2818 deferebantur,
1070 2779 1313 2825 provinciarum
1341 2779 1500 2813 videlicet
1522 2778 1736 2813 administra-

278 2823 388 2859 tiones
404 2823 643 2870 copiarumque
659 2823 851 2860 bellicarum
863 2830 967 2870 atque
989 2824 1076 2860 adeo
1099 2825 1305 2870 integrorum
1321 2825 1524 2861 exercituum
1538 2824 1737 2872 praefectu-
