1878 3262
634 223 1026 268 HlsToRlARUM
1060 225 1108 267 L.
1131 223 1211 267 VI.
1551 222 1650 268 277

192 336 290 388 λε’ως
307 332 509 393 διάταγμα
524 334 624 392 μήτε
646 337 719 389 τὰς
738 334 935 395 ἕορτάδας
951 334 1181 380 παντάπασι
1198 339 1434 381 κοινοῦσθαι
1452 340 1532 380 τῶν
1551 335 1654 395 ἦιιὴ

192 409 298 462 pair,
330 403 431 460 μήτ’
466 406 608 457 αὐταῖς
639 404 825 449 ἑκάστοτε
852 406 1072 459 ἀναβολαῖς
1093 408 1207 456 δίκας
1228 408 1298 448 {av
1321 404 1652 463 παρασύρεσθαι,

191 473 289 516 ἀλλ’
319 472 417 517 εἶναι
449 475 522 528 μὲν
551 476 592 525 ἐς
621 475 668 518 τὸ
700 475 886 524 παντελὲς
917 474 1197 530 ἀπειρολογιάς
1225 474 1418 524 ἀδέκτους
1447 477 1651 531 δικανικῆς

189 539 344 599 Ιἦμιέρας
371 543 522 592 ἐκείνας
529 575 544 594 ,
578 542 682 585 καθ’
715 542 765 593 ἅς
791 560 830 585 τι
851 534 949 592 θεὸς
968 542 1131 598 εὕρηται
1147 549 1231 592 τοῖς
1250 543 1520 600 ἀνθρωπίνοις
1537 543 1650 600 εὗερ-
1688 558 1699 590 ᾖ

157 609 342 666 ὅγηκῶς,
380 615 461 654 τιῦν
498 611 540 654 δ’
579 610 713 654 ἄλλων
743 610 816 660 τὰς
832 611 904 664 μὲν
922 609 1152 652 παντάπασι
1174 612 1411 664 δικασᾲιους
1429 612 1648 663 ἐκκεῖσθαι,

187 678 263 729 τὰς
281 680 325 721 δὲ
345 683 457 736 πρωῒ
468 680 542 734 μὲν
559 679 868 722 ἀποκεκλεῖσθαι
891 685 974 729 τοῖς
993 677 1244 732 δικολάβοις,
1271 681 1405 734 δείλην
1423 681 1466 721 δὲ
1487 678 1648 722 ἅπασαν

189 747 480 802 ἀνειῦχθαικαὶ
503 750 717 805 ξυγχωρεῖν
732 748 891 790 εἰσιέναι
910 748 1005 798 τοὺς
1023 748 1232 797 θέλοντας.
1301 741 1418 797 οὗτος
1436 750 1501 790 καὶ
1521 748 1590 790 τὸν
1608 750 1649 791 ἓν

183 815 341 874 Ἐφέσῳ
365 820 542 859 παλαιοῦ
558 821 631 858 τοῦ
649 814 799 871 χρόνου
819 817 995 870 κείμενον
1014 818 1133 858 λίθον
1151 815 1256 872 ἱερὸν
1274 819 1588 872 μεγαλοπρεπῶς
1609 819 1650 868 ἐς

187 882 410 935 Βυζάντιον
429 885 589 941 ἀγαγὼν
609 891 693 935 τοῖς
710 887 804 941 τῇδε
828 889 980 934 λοιποῖς
1002 884 1203 927 ἀπέδωκεν
1221 882 1359 939 ἁγίοις.
1428 882 1538 934 ὅστις
1559 886 1602 926 δὲ
1625 884 1647 926 ὅ
1672 890 1698 925 Ρ
1725 887 1791 926 162!

135 954 307 1002 1ολίθος
334 947 453 1003 οὗτος
482 955 549 996 καὶ
582 952 679 996 ὅθεν
705 956 760 1003 εἷς
780 953 976 1010 Ἐφεσίων
1000 947 1104 1007 ἦλθε
1130 953 1203 1007 τὴν
1225 957 1322 1008 γῆν,
1359 950 1379 994 ὁ
1413 951 1531 1007 λόγος
1559 950 1651 1007 ἑξῆς

186 1019 431 1076 διηγήσεται.
499 1023 612 1071 τέλος
641 1021 720 1076 ἤδη
746 1021 792 1063 τὸ
813 1021 917 1063 κατὰ
939 1021 1009 1063 τὸν
1026 1021 1201 1078 σταυρὸν
1219 1019 1295 1074 εἶχε
1320 1024 1379 1078 τῷ
1399 1025 1549 1076 σωτῆρι
1566 1039 1647 1075 μυ-

184 1088 374 1145 στήριον,
412 1092 478 1132 καὶ
516 1093 814 1146 παραλαβοῦσα
844 1094 985 1132 τοῦτον
1011 1088 1036 1144 ἥ
1064 1088 1197 1146 μήτηρ
1230 1089 1407 1132 ἀνέκλινέ
1428 1106 1468 1131 τε
1493 1089 1648 1141 ὕπτιον,

185 1155 242 1207 ὥς
266 1156 411 1211 νόμος,
447 1159 510 1200 ἐπὶ
529 1163 602 1200 τοῦ
619 1160 741 1200 λίθου
766 1160 881 1200 τοῦδε
902 1160 970 1200 καὶ
994 1159 1236 1200 ἐπιπεσοῦσα
1259 1156 1410 1211 βύθιον
1434 1156 1649 1214 ἀνῴμωξεν

184 1222 304 1268 ὅποῖα
321 1224 424 1275 εἰκός
432 1258 447 1277 ‚
479 1228 710 1283 μυρομένης
729 1227 772 1269 δὲ
791 1227 843 1268 τὰ
867 1225 1023 1283 δάκρυα
1045 1232 1103 1284 τῷ
1123 1228 1229 1282 λίθῳ
1255 1225 1475 1278 πελάζοντα
1498 1226 1552 1268 ἔτι
1577 1229 1645 1268 καὶ

131 1297 174 1333 15
184 1297 255 1335 νῦν
273 1292 522 1337 ἀναπόνιπτα
540 1296 728 1348 μένουσι,
762 1299 928 1351 πρᾶγμα
947 1293 1153 1351 τεράστιον
1171 1293 1268 1337 οἷον.
1336 1299 1480 1337 τοῦτον
1504 1295 1553 1349 δὴ
1578 1295 1648 1336 τὸν

181 1363 302 1404 λίθον
335 1361 362 1416 ἡ
398 1363 440 1404 ἐκ
470 1365 685 1418 Μαγδαλᾶ
714 1365 838 1420 φασὶν
875 1364 1138 1416 ἀναλαβοῦσα
1171 1363 1322 1419 Μαρία
1352 1363 1458 1404 ἴπλει
1486 1361 1644 1418 Ῥώμης

183 1430 285 1472 εὐθὺ
310 1431 379 1487 ἐφ’
404 1425 438 1488 ᾧ
460 1433 622 1487 καίσαρι
642 1434 682 1481 ἔς
705 1431 803 1486 ὄψιν
832 1433 1013 1474 ε’λθοῦσα
1043 1433 1219 1490 Τιβερίῳ
1241 1430 1428 1472 Πιλάτου
1454 1432 1519 1472 καὶ
1540 1431 1644 1473 Ἰου-

182 1499 309 1541 δαίων
335 1503 415 1541 τιῦν
445 1500 593 1541 ἀδίκων
616 1500 750 1555 Ἰησοῦ
774 1507 936 1556 κατερεῖ
957 1504 1174 1556 φονευτῶν.
1243 1499 1348 1541 ἀλλὰ
1373 1498 1474 1554 τύχῃ
1497 1501 1571 1541 τινὶ
1599 1500 1639 1549 ἒς
1665 1508 1694 1542 Β

179 1566 251 1609 τὸν
278 1567 474 1623 Ἐφεσίων
504 1568 644 1622 λιμένα
675 1567 889 1623 κατάρασα
919 1568 1041 1610 αὐτὸν
1061 1569 1134 1621 μὲν
1156 1570 1336 1610 ἐνταῦθα
1359 1566 1513 1618 ἔλιπεν,
1548 1564 1574 1622 ἦ
1601 1567 1645 1610 δὲ

124 1636 334 1678 zoster-‘hv
365 1636 513 1692 ἀφεῖσα
539 1639 602 1678 ἐπὶ
622 1634 781 1691 Ῥώμην
813 1636 992 1692 ἀνήγετο.
1060 1638 1101 1687 ἐξ
1125 1636 1272 1679 ἐκείνου
1295 1635 1337 1678 δ’
1365 1635 1458 1691 ἄχρι
1482 1637 1549 1678 καὶ
1573 1640 1643 1678 νῦν

180 1702 202 1746 ὃ
232 1706 351 1753 λίθος
379 1705 558 1747 ἐνταῦθα
590 1706 802 1748 διετέλεσεν
830 1704 900 1747 ὤν.
969 1706 1148 1758 ἀχθέντα
1176 1706 1308 1747 τοίνυν
1331 1705 1372 1754 ἔς
1395 1704 1470 1758 τὴν
1488 1703 1638 1757 Δαμά-

181 1775 281 1822 λεως
311 1773 479 1828 περαίαν
513 1774 652 1828 πομπὴ
687 1777 830 1816 τοῦτον
860 1775 903 1815 ἐκ
938 1775 1160 1824 Βυζαντίου
1199 1773 1422 1826 διαδέχεται
1459 1771 1641 1828 λαμπρά.

180 1837 355 1896 ἐπλήρου
382 1840 425 1882 δὲ
453 1840 602 1896 ταύτην
619 1842 666 1884 τὸ
680 1839 890 1895 Ῥωμαίων
909 1858 950 1884 τε
966 1840 1173 1898 γερούσιον
1189 1840 1297 1884 ἅπαν
1318 1842 1385 1882 καὶ
1404 1839 1499 1882 ὅσον
1520 1841 1561 1882 ἓν
1584 1841 1640 1882 ἴε-

178 2040 219 2072 ut
242 2039 412 2084 profestos
432 2038 548 2072 haberi
564 2038 705 2082 statuit,
735 2050 846 2084 neque
867 2042 976 2072 tamen
995 2038 1213 2072 dilationibus
1225 2037 1390 2071 eiusmodi
1402 2037 1493 2071 trahi
1507 2037 1541 2072 in
1558 2038 1637 2072 infi-

178 2084 283 2118 nitum
299 2084 442 2118 iudicia:
474 2084 536 2118 sed
551 2084 727 2128 religiosos
744 2089 780 2118 et
800 2096 909 2118 rmum
923 2084 1102 2118 forensium
1117 2084 1278 2118 immunes
1293 2084 1368 2116 illos
1382 2095 1456 2117 esse
1472 2083 1637 2127 decrevit,

177 2130 211 2164 in
224 2130 344 2175 quibus
360 2130 540 2174 aliquando
555 2130 639 2164 deus
654 2130 822 2174 singulare
844 2130 879 2163 in
903 2130 1052 2164 homines
1077 2129 1275 2163 beneficium
1298 2128 1511 2162 contulisset:
1543 2135 1636 2164 cete-

179 2187 252 2209 rum
276 2175 361 2209 alios
385 2180 478 2209 totos
501 2177 607 2209 festos
624 2187 718 2218 esse,
749 2176 833 2209 alios
847 2176 1022 2210 intercisos
1034 2202 1045 2218 ,
1075 2175 1125 2209 ita
1141 2181 1179 2210 ut
1193 2174 1344 2208 nimirum
1360 2175 1450 2208 horis
1466 2175 1639 2208 matutinis

178 2221 255 2265 lege
277 2232 380 2265 agere
403 2233 469 2254 non
492 2221 634 2263 liceret,
663 2221 946 2266 postmeridianae
959 2227 1069 2255 autem
1084 2221 1238 2265 integrae
1254 2220 1405 2265 partibus
1420 2220 1640 2255 admittendis

178 2273 352 2301 vacarent.
395 2267 485 2301 idem
512 2267 564 2301 hic
587 2267 770 2312 imperator
785 2278 913 2301 sacrum
928 2267 1071 2312 lapidem
1087 2267 1146 2311 qui
1159 2266 1351 2311 iampridem
1367 2266 1498 2311 Ephesi
1512 2268 1639 2310 suerat,

177 2311 380 2356 Byzantium
398 2314 575 2358 magnifice
592 2313 787 2347 translatum
803 2325 876 2346 cum
891 2313 1011 2346 ceteris
1024 2313 1127 2347 sacris
1137 2338 1148 2354 ,
1177 2323 1265 2357 quae
1277 2312 1326 2345 ibi
1338 2318 1416 2345 sunt
1429 2323 1636 2346 momumen-

177 2357 220 2392 tis
242 2357 408 2403 deposuit.
456 2359 564 2404 qualis
580 2363 690 2393 autem
705 2359 758 2392 hic
770 2358 875 2392 suerit
888 2358 974 2403 lapis
991 2363 1027 2392 et
1041 2358 1208 2403 quomodo
1221 2358 1257 2391 in
1271 2357 1493 2403 Ephesiorum
1510 2365 1636 2391 terram

178 2405 374 2448 pervenerit
387 2404 546 2450 deinceps
560 2406 837 2439 commemorabo.
883 2410 1022 2449 peracto
1044 2405 1108 2438 iam
1124 2404 1157 2438 in
1173 2415 1273 2437 cruce
1287 2415 1307 2436 a
1321 2403 1490 2436 salvatore
1506 2410 1634 2446 myste-

178 2448 249 2491 rio,
277 2451 424 2495 suscepit
438 2462 512 2485 eum
528 2456 634 2484 mater
647 2478 657 2494 ‚
687 2455 792 2495 utque
806 2449 881 2484 fieri
895 2450 1021 2484 assolet
1034 2450 1068 2484 in
1083 2450 1195 2495 lapide
1209 2449 1274 2482 isto
1289 2449 1438 2494 supinum
1454 2449 1613 2493 deposuit
1623 2460 1634 2481 ε

178 2493 212 2528 in
228 2495 378 2530 eumdem
393 2497 466 2550 ipsa
482 2497 579 2530 etiam
596 2497 819 2542 procumbens
830 2521 842 2538 ,
873 2501 910 2529 ut
925 2508 1006 2534 vero
1022 2495 1127 2529 simile
1142 2499 1196 2528 est
1208 2520 1217 2536 ,
1249 2506 1315 2528 non
1331 2494 1544 2528 mediocriter
1558 2494 1634 2539 plo-—

178 2539 278 2576 ravit.
320 2541 435 2575 flentis
457 2547 569 2576 autem
588 2542 745 2576 lacrimae
756 2568 767 2584 ‚
797 2553 884 2586 quae
899 2542 932 2575 in
947 2541 1092 2586 lapidem
1108 2540 1328 2582 deciderunt,
1355 2540 1389 2573 in
1413 2540 1499 2574 hanc
1526 2551 1634 2584 usque

178 2584 266 2618 diem
291 2598 503 2632 permansere
527 2587 740 2632 indelebiles‚
767 2599 823 2621 res
842 2587 1060 2622 admiratione
1074 2597 1212 2632 prorsus
1227 2586 1341 2630 digna.
1387 2586 1452 2620 hoc
1465 2586 1567 2630 igitur
1581 2587 1631 2619 la-

177 2629 260 2675 pide
273 2638 411 2677 accepto
426 2633 568 2667 Mariam
582 2634 816 2677 magdalenam
830 2633 924 2667 aiunt
940 2634 1080 2668 Romam
1096 2637 1190 2666 recta
1203 2631 1325 2665 abiisse
1335 2659 1347 2676 ‚
1378 2638 1417 2665 ut
1440 2643 1552 2666 coram
1566 2631 1630 2665 Ti-

176 2675 271 2709 berio
289 2676 435 2712 Caesare
451 2679 595 2714 Pilatum
613 2685 647 2713 et
662 2680 805 2714 Iudaeos
826 2679 917 2713 velut
938 2679 1078 2713 iniustos
1094 2679 1170 2712 {esu
1184 2677 1421 2711 interfectores
1435 2681 1631 2711 accusat-etz

177 2720 238 2755 sed
254 2721 346 2755 forte
359 2725 500 2768 quadam
514 2725 548 2759 in
564 2730 696 2770 portum
710 2725 916 2771 Ephesinum
925 2725 1072 2768 ,delatam
1086 2723 1163 2758 istic
1177 2735 1252 2757 eum
1266 2723 1331 2757 loci
1349 2723 1526 2768 reliquisse
1535 2749 1546 2765 ‚
1577 2722 1631 2755 in-

178 2766 289 2811 deque
312 2769 530 2810 excedentem
550 2772 691 2807 Romam
712 2771 917 2817 pervenisse.
962 2783 1005 2805 ex
1018 2771 1075 2804 illo
1092 2774 1242 2815 tempore
1266 2769 1420 2813 usquein
1437 2769 1631 2802 hodiernum

179 2812 266 2847 diem
287 2812 373 2857 lapis
392 2813 439 2847 ibi
458 2817 618 2860 perstitit.
664 2829 738 2852 cum
754 2829 836 2852 vcro
849 2817 885 2851 in
897 2817 990 2852 littus
1004 2815 1154 2851 Damalis
1170 2819 1260 2849 esset
1283 2815 1473 2860 expositus,
1502 2812 1632 2857 ingenti

179 2869 304 2904 pompa
317 2858 396 2893 inde
410 2859 611 2906 Byzantium
624 2863 804 2900 translatus
819 2867 886 2899 ese>
929 2863 1007 2899 huic
1021 2861 1108 2897 enim
1120 2861 1305 2898 interfuere
1315 2861 1485 2895 Romanus
1496 2866 1635 2894 senatus
