1878 3262
630 236 1026 281 HISTORIARUM
1059 239 1107 280 L.
1137 239 1196 281 v.
1259 289 1270 300 ⁴
1517 288 1526 295 ,
1547 237 1645 283 231

185 346 288 395 νετοῖ
316 349 360 394 δὲ
390 349 488 402 τοὺς
521 346 665 407 λόγους
700 348 967 406 εῗσδεξᾶμενοι
1003 351 1162 408 ἐπιτελῆ
1187 347 1320 396 πάντα
1345 346 1525 407 ποιῆσειν
1546 348 1646 394 ὖπέ-

183 436 342 474 σχοντο.
407 421 474 461 καὶ
509 420 559 474 δὴ
587 418 762 476 Κρεμών
794 437 836 462 τε
870 421 938 462 καὶ
970 422 1168 474 Παταβιά
1204 423 1271 464 καὶ
1304 425 1486 464 πλεῖσται
1522 419 1644 462 ἄλλαι

183 492 265 530 τῶν
283 489 325 530 ἓν
343 486 569 544 Λιγούροις
590 486 940 545 περιφανεστάτων
962 486 1116 530 πόλεων
1134 494 1301 543 βασιλεῖ’
1316 487 1641 546 προσεχώρησαν.
1663 498 1694 533 Ρ
1718 497 1786 534 134

184 557 227 598 ἓν
249 557 324 610 μὲν
349 556 399 610 δὴ
420 556 571 616 Ἰταλία
592 561 721 600 ταῦτα
739 556 930 610 βασιλεὺς
953 555 1171 613 ἔπρασσεν,
1207 557 1321 600 οῖ’]’πω
1343 559 1477 612 μέντοι
1503 555 1644 612 ἐπιδή-

150 628 287 675 5λως·
321 623 368 667 τὸ
393 625 471 681 γὰρ
499 626 540 675 ἔς
570 626 811 682 Φρεδερίκον
837 624 959 678 ἴχθος
983 624 1259 682 ἐγκρυφιάζων
1284 626 1341 668 ἔτι
1366 625 1526 680 ἤθελεν.

322 693 398 737 10.
459 692 510 736 ‘O
535 694 578 735 δὲ
602 697 683 735 τῶν
707 691 899 735 Παιόνων
924 692 998 750 ρὴξ
1023 692 1192 749 Σίρμιόν
1215 711 1258 735 τε
1285 689 1408 743 αὖθις
1427 693 1641 747 Ῥωμαίοις
1659 703 1693 738 V
1718 703 1784 738 105

182 759 430 818 ἀφελόμενος
463 760 551 815 ἴσχε
577 763 643 803 καὶ
677 763 899 817 Ζευγμίνου
936 762 1062 804 αὐτοῦ’
1085 762 1164 817 ἤδη
1188 768 1446 815 μετεποιεῖτο.
1514 766 1645 803 ταῦτα

180 827 413 883 πυθόμενος
434 830 626 884 βασιλεὺς
647 829 864 872 ἐπέστειλεν
885 830 996 887 αὐτῷ
1016 828 1166 872 τοιάδε.
1228 828 1316 872 “θῦ
1344 831 1479 871 δίκαια
1505 836 1643 880 ποιεῖς,

181 892 217 940 ὦ
243 898 506 953 εὖγενὲστατε,
542 897 687 954 ὅρκους
713 897 939 952 ἀτιμάζων,
967 897 1039 948 οὓς
1063 898 1229 954 ἔναγχος
1253 896 1389 955 κράτει
1415 901 1474 954 τῷ
1498 895 1642 951 ἡμετέ-

127 974 171 1010 10
182 983 242 1023 ρῳ
277 963 449 1023 Σιρμίου
483 983 525 1008 τε
562 967 674 1009 ἕνεκα
709 967 775 1008 καὶ
811 971 892 1008 τῶν
926 966 1060 1009 ἄλλων
1085 967 1311 1021 ὀμωμοκὼς
1335 966 1481 1023 ἔφθης.
1550 965 1642 1008 ἴσθι

178 1036 313 1077 τοίνυν
351 1035 428 1089 (τὸ
460 1035 538 1092 γὰρ
573 1038 836 1091 μακρολογεῖν
860 1033 1070 1088 ὖποτὲμνει
1105 1040 1186 1078 τῶν
1212 1053 1276 1078 σοι
1302 1034 1589 1091 πεπραγμένων
1613 1031 1641 1087 ἦ

178 1104 398 1158 ἐπίδειξις)
421 1101 477 1152 ὥς
513 1105 550 1145 εἲ
579 1104 637 1158 μὴ
662 1107 818 1145 θᾶττον
851 1098 908 1146 ιῧν
934 1104 1048 1146 οῧδέν
1083 1121 1146 1147 σοι
1171 1102 1363 1159 προσήκει
1390 1104 1641 1158 ἅπαλλαχῆς,

179 1172 228 1213 οὗ
262 1169 365 1213 τόσα
400 1169 562 1228 δράσεις
596 1173 769 1228 Σίρμιον
803 1170 989 1229 ἀφελών,
1032 1171 1185 1229 ὅσαπερ
1232 1171 1282 1214 ἄν
1320 1172 1465 1213 αὐτίκα
1503 1173 1633 1226 πείσῃ,
1656 1180 1688 1215 Β

176 1237 295 1282 ὁπότε
315 1237 506 1294 “Ρωμαῒόι
531 1245 666 1283 πᾶσαν
691 1242 759 1282 καὶ
784 1239 905 1282 πάλιν
926 1248 1010 1290 τοῖς
1032 1239 1170 1291 ὅπλοις
1190 1240 1428 1297 ἓπιτρὲχοιεν
1452 1239 1526 1294 τὴν
1552 1237 1641 1293 σήν.

125 1315 168 1352 15
181 1307 206 1363 ἢ
232 1308 383 1363 λε’ληθέἷ
404 1326 448 1350 σε
484 1306 643 1351 ὁπόσων
672 1309 844 1363 Οὗννικὴ
878 1307 1088 1366 μυριάδων
1121 1310 1296 1363 ἓψίλωτο
1323 1307 1517 1365 πρότερον
1540 1306 1643 1364 πρὸς

178 1376 334 1434 πατρὸς
355 1381 430 1419 τοῦ
454 1381 531 1418 σοῦ
554 1381 605 1434 τῇ
623 1375 832 1430 Ῥωμαίων
856 1376 1222 1434 προσκεκρουκότος
1247 1378 1379 1434 ἄρχῇς
1415 1377 1509 1418 ἀλλ’
1539 1376 1640 1417 ε’κεί-

177 1462 258 1488 νων
282 1446 356 1499 μὲν
381 1443 407 1499 ἦ
433 1449 513 1487 τῶν
542 1446 828 1502 πεπραγμένων
849 1444 1043 1500 μετάνοια
1069 1445 1241 1503 σώτειρα
1263 1447 1393 1501 γέγονε
1420 1442 1643 1501 φθάσασα,

177 1515 243 1556 σοὶ
270 1515 315 1557 δὲ
340 1512 416 1571 ὅρα
428 1512 486 1567 μή
501 1531 594 1556 ποτε
622 1514 711 1567 οὐχὶ
737 1516 804 1556 καὶ
829 1515 1041 1571 μεταμέλῳ
1067 1513 1242 1570 γεγονότι
1268 1514 1406 1568 ὄνησις
1430 1513 1540 1555 ἔσται
1567 1512 1639 1554 οὗ-

179 1583 311 1636 δεμιά.
379 1582 425 1624 τὸ
451 1582 528 1639 γὰρ
555 1586 627 1635 τῆς
653 1584 765 1637 δίκης
790 1584 907 1640 ξίφος
932 1583 1000 1624 διὰ
1025 1587 1186 1625 πολλῶν
1210 1582 1288 1637 ἤδη
1311 1582 1558 1637 τεθηγμένον
1571 1581 1640 1622 διὰ

121 1649 379 1693 Ξθτοσούτων
406 1650 455 1705 δὴ
482 1653 546 1693 καὶ
574 1650 675 1707 πρὸς
699 1650 939 1706 ἀμβλύτητα
964 1652 1215 1709 στρέφεσθαι
1238 1652 1403 1708 πέφυκε.
1473 1651 1540 1691 καὶ
1567 1649 1640 1691 οὐκ

177 1718 228 1760 ἄν
251 1736 312 1768 τις
337 1716 448 1772 οἶμαι
473 1718 666 1775 πρότερον
693 1718 881 1762 ἁπάντων
905 1720 978 1774 τὴν
1001 1720 1131 1774 τομὴν
1157 1718 1423 1777 ἓκφεῦξοιτο.”
1493 1717 1544 1759 τὰ
1566 1718 1642 1771 μὲν

178 1787 230 1840 δὴ
255 1790 329 1829 τοῦ
352 1787 550 1840 βασιλέως
575 1788 616 1828 ἓν
640 1786 798 1837 τούτοις
822 1783 939 1842 ἦσαν,
974 1789 1183 1845 Στέφανος
1205 1789 1249 1830 δὲ
1274 1790 1315 1830 ἓν
1341 1787 1531 1844 ὀλιγωρίᾳ
1544 1786 1640 1835 τοὺς

176 1853 321 1911 λόγους
333 1853 568 1911 ποιούμενος
580 1856 643 1898 ἐπὶ
659 1862 743 1906 τοῖς
757 1857 893 1906 αὐτοῖς
918 1857 985 1899 καὶ
1010 1855 1131 1900 πάλιν
1157 1851 1220 1911 ἦν.
1288 1856 1350 1897 διὸ
1378 1854 1429 1909 δὴ
1455 1856 1520 1896 καὶ
1536 1858 1634 1896 πᾶσι
1657 1859 1690 1893 C

175 2009 301 2042 Veneti
316 2011 428 2043 autem
459 2012 604 2053 excepta
626 2008 713 2042 illius
737 2009 911 2052 oratione,
934 2008 1044 2042 omnia
1069 2019 1106 2042 se
1132 2010 1355 2042 exsecuturos
1380 2005 1523 2051 polliciti
1546 2007 1636 2041 sunt.

175 2056 237 2090 sed
258 2060 294 2089 et
319 2055 487 2089 Cremona
514 2060 549 2088 et
570 2054 769 2097 Patavium,
796 2055 1050 2099 compluresque
1073 2054 1159 2088 aliae
1184 2054 1218 2087 in
1242 2052 1380 2095 Liguria
1395 2052 1636 2086 celeberrimae

176 2100 333 2134 civitates
348 2100 510 2146 principis
536 2105 650 2145 partes
674 2105 752 2133 sunt
775 2101 960 2145 amplexae.
1007 2101 1092 2134 haec
1112 2100 1144 2133 in
1167 2099 1266 2133 Italia
1279 2100 1321 2132 ab
1336 2099 1541 2143 imperatore
1557 2105 1634 2131 acta

175 2151 275 2190 sunt,
302 2158 366 2180 non
386 2152 504 2191 aperte
521 2146 676 2190 quidem:
696 2157 774 2180 nam
798 2151 995 2192 conceptum
1020 2145 1183 2180 adversus
1208 2144 1426 2179 Fredericum
1449 2143 1561 2178 odium
1578 2146 1634 2178 te-

172 2203 257 2237 gere
268 2192 376 2226 adhuc
390 2192 559 2237 cupiebat.

269 2241 323 2273 10.
368 2238 456 2272 Dum
483 2238 567 2271 haec
590 2239 775 2281 geruntur,
807 2236 1045 2281 Hungarormu
1065 2247 1127 2270 rex
1151 2235 1305 2269 Sirmium
1327 2235 1448 2269 iterum
1473 2234 1638 2268 Romanis

174 2283 362 2318 abstulerat
373 2284 504 2329 ipsique
519 2284 711 2317 imminebat
725 2283 922 2327 Zeugmino.
968 2282 1059 2329 quod
1074 2282 1131 2316 ubi
1149 2281 1280 2326 accepit
1294 2282 1461 2326 princeps,
1485 2280 1632 2325 scriptas

174 2329 209 2364 in
223 2330 309 2363 hanc
328 2330 526 2364 sententiam
552 2330 669 2363 literas
692 2329 737 2362 ad
751 2329 841 2362 illum
864 2329 963 2362 misit.
1011 2331 1034 2348 ‘⁴
1045 2340 1112 2362 non
1126 2328 1215 2361 iuste
1230 2327 1321 2372 agis,
1346 2327 1398 2360 vir
1413 2326 1632 2367 nobilissime,

177 2375 255 2409 dum
270 2379 479 2410 sacramenta
493 2387 580 2420 quae
595 2386 703 2420 nuper
718 2374 761 2408 de
776 2375 899 2408 Sirmio
914 2374 1055 2419 aliisque
1076 2373 1159 2408 locis
1175 2373 1343 2407 maiestati
1358 2376 1495 2406 nostrae
1510 2371 1633 2405 dedisti

175 2420 339 2465 infringis.
386 2421 474 2455 scias
488 2421 593 2465 igitur
619 2420 781 2466 (longiori
804 2420 889 2454 enim
912 2424 948 2454 te
972 2420 1124 2454 detinere
1145 2419 1297 2453 oratione
1311 2418 1492 2464 prohibent
1506 2428 1592 2461 quae
1610 2427 1632 2449 a

177 2469 213 2500 te
227 2472 304 2501 acta
317 2468 415 2511 sunt)
430 2467 519 2512 qnod
535 2467 597 2501 nisi
613 2467 719 2512 primo
736 2476 869 2511 quoque
885 2470 1036 2512 tempore
1050 2467 1093 2500 ab
1108 2465 1167 2509 iis,
1192 2477 1279 2509 quae
1293 2464 1343 2497 tui
1357 2475 1424 2497 non
1441 2468 1520 2496 sunt
1535 2462 1632 2504 iuris,

177 2511 339 2556 decedas,
361 2524 429 2547 non
442 2518 538 2547 tanta
552 2518 588 2546 te
604 2513 803 2546 effecturum
818 2512 974 2546 Sirmium
991 2511 1163 2556 eripiendo
1177 2536 1186 2551 ,
1218 2514 1343 2555 quanta
1358 2508 1531 2542 confestim
1548 2519 1630 2553 pas-

176 2567 276 2594 surus
297 2569 334 2592 es
346 2586 355 2602 ,
385 2570 459 2593 cum
486 2564 565 2592 tuos
580 2558 725 2592 vicissim
748 2558 834 2591 fines
849 2558 940 2592 ferro
965 2561 1002 2592 et
1021 2556 1265 2591 incursionibus
1280 2555 1460 2588 vastabunt
1474 2553 1630 2587 Romani.

179 2613 223 2636 an
235 2606 271 2636 te
284 2604 373 2648 sugit
395 2608 478 2649 quot
493 2604 569 2638 olim
585 2605 717 2638 millium
732 2603 895 2638 iacturam
908 2604 1048 2649 primum
1071 2602 1195 2636 fecerit
1218 2600 1393 2645 Hungaria
1405 2626 1416 2644 ‚
1441 2611 1515 2633 cum
1529 2604 1633 2644 pater

178 2653 258 2681 tuus
271 2649 455 2684 Romanum
470 2650 645 2695 imperium
659 2649 884 2683 offendisset?
908 2649 970 2684 sed
984 2649 1069 2682 enim
1082 2649 1198 2681 horum
1212 2647 1408 2680 delictorum
1422 2645 1627 2691 poenitentia

178 2694 337 2728 salutaris
363 2695 430 2741 ipsi
452 2697 529 2729 fuit.
573 2701 612 2729 tu
637 2707 722 2730 vero
744 2695 843 2739 vide,
866 2706 910 2728 ne
933 2700 970 2729 et
985 2694 1160 2740 poenitere
1174 2692 1313 2738 perinde
1327 2692 1388 2725 tibi
1402 2691 1519 2725 inutile
1533 2691 1579 2724 sit
1592 2697 1629 2724 et

177 2739 429 2775 infructuosum.
474 2741 620 2776 iustitiae
635 2742 760 2787 quippe
775 2741 906 2784 gladius
917 2740 1069 2785 quamvis
1082 2739 1271 2773 iamdudum
1284 2743 1456 2778 exacutus,
1480 2737 1544 2770 hoc
1560 2748 1629 2770 uno

177 2785 319 2819 maxime
339 2786 436 2820 modo
458 2787 659 2832 quandoque
679 2787 723 2821 ad
746 2787 979 2822 hebetudinem
1001 2786 1089 2820 solet
1111 2785 1239 2819 redire.
1283 2794 1382 2818 secus
1396 2782 1484 2817 haud
1498 2783 1568 2816 scio
1583 2793 1625 2814 an

179 2831 355 2876 quisquam
369 2831 509 2865 omnium
536 2833 607 2866 eius
623 2833 729 2867 aciem
756 2832 924 2877 effugerit.
936 2832 957 2848 ”
1003 2832 1082 2865 talis
1097 2835 1195 2866 erant
1207 2829 1395 2875 argumenti
1410 2828 1568 2873 principis
1583 2826 1626 2859 li-

178 2882 292 2911 terae:
321 2877 442 2921 quibus
480 2878 643 2923 neglectis
677 2879 871 2925 Stephanus
900 2878 1071 2924 prioribus
1106 2888 1237 2912 rursum
1265 2876 1444 2910 insistebat
1471 2872 1624 2907 consiliis.
