1878 3262
293 189 390 234 202
740 185 946 228 CAROLI
979 186 1060 229 DU
1092 186 1304 229 FRESNE

292 302 390 336 runt
417 293 604 346 Augusti,
648 293 928 332 Comnenicum
953 292 1169 332 identidem
1201 307 1414 345 cognomen
1433 295 1505 334 sibi
1530 295 1748 347 arrogarint

294 352 536 402 familiaeque
565 363 657 390 suae
686 350 965 389 admiscuerint
990 350 1303 400 cognominibus,
1334 364 1412 401 quo
1439 352 1531 390 iura
1551 353 1603 390 ad
1621 353 1748 404 impe-

293 410 398 447 rium
427 421 479 446 ex
501 407 758 459 usurpatione
780 406 987 445 aliundeve
1002 407 1072 444 sibi
1093 407 1265 457 quaesita
1283 407 1407 446 veluti
1425 420 1474 445 ex
1494 409 1748 447 Comnenicae

292 464 477 510 familiae,
520 464 631 502 cuius
661 476 710 501 ex
736 463 890 502 diutina
923 463 1162 514 possessione
1203 475 1283 500 esse
1309 463 1539 513 videbatur,
1577 465 1748 516 legitima

292 521 533 560 successione
570 520 786 559 firmarent.
844 533 934 557 cum
966 520 1088 570 igitur
1120 519 1595 571 Constantinopolitanum
1621 521 1748 573 impe-

292 578 397 616 rium
423 589 550 628 neque
578 589 628 614 ex
653 576 988 627 consanguinitate
1017 588 1143 626 neque
1171 576 1381 626 electione,
1411 576 1480 614 sed
1502 589 1552 614 ex
1576 577 1748 627 quodam

293 647 344 672 ex
371 639 542 684 utraque
565 633 693 671 mixto
721 633 809 671 iure
841 632 1080 679 deferretur,
1121 632 1248 682 magni
1284 638 1416 671 tamen
1449 632 1565 670 fuisse
1595 640 1750 672 constat

291 690 479 729 momenti
501 689 552 727 ad
571 689 671 728 illud
691 688 1007 739 consequendum
1031 693 1100 726 aut
1116 701 1207 726 sane
1230 688 1280 726 ad
1297 689 1592 740 usurpationem
1618 689 1748 741 legiti-

292 760 379 784 mae
397 745 649 785 successionis
667 746 753 784 velo
772 745 1028 796 obtegendam
1042 774 1052 793 ,
1079 751 1286 796 paternam
1306 751 1343 783 et
1360 745 1588 784 familiarem
1607 745 1750 784 haere-

293 803 469 842 ditatem.
524 802 644 841 huius
667 808 772 841 certe
798 802 924 853 specie
951 807 991 839 et
1018 801 1103 839 iure
1132 801 1314 839 Alexium
1340 814 1516 840 socerum
1535 816 1558 839 a
1577 801 1751 841 violenta

293 860 439 911 sceptri
466 859 723 910 occupatione
748 871 914 910 purgare
939 863 1106 896 conatur
1131 857 1253 896 hocce
1276 858 1362 896 loco
1386 859 1623 909 Bryennius,
1655 858 1751 896 dum

294 915 501 954 contendit
525 915 627 954 illud
655 923 851 966 capessere
883 914 1140 954 renuentibus
1172 914 1302 961 ducis,
1341 920 1410 953 aut
1438 915 1624 965 abrogata
1651 915 1698 953 iis
1727 916 1766 951 av

292 972 521 1025 proceribus
546 977 735 1023 potestate
748 1001 760 1021 ,
789 971 839 1009 ad
861 972 1081 1009 Comnenos
1097 969 1377 1009 haereditatem
1400 971 1524 1010 veluti
1539 971 1750 1022 legitimam

295 1028 421 1066 delabi
451 1027 640 1066 debuisse.
697 1040 838 1066 verum
869 1027 901 1065 si
932 1027 983 1065 ad
1013 1028 1231 1065 Comnenos
1266 1027 1499 1066 devolutum
1530 1027 1606 1066 fuit
1627 1028 1753 1080 impe-

292 1084 419 1132 rium,
450 1083 558 1134 quod
582 1089 693 1120 ortus
716 1095 766 1120 ex
790 1096 833 1120 ea
857 1089 971 1133 gente
994 1083 1160 1121 Isaacius
1179 1083 1224 1121 id
1247 1084 1419 1122 tenuerit
1434 1114 1444 1132 ,
1471 1083 1754 1135 secundogeni—

292 1146 357 1178 tus
377 1139 539 1177 Alexius
560 1138 815 1190 primogenito
835 1138 979 1176 Isaacio
1007 1139 1306 1178 sebastocratori
1326 1140 1438 1177 fratri
1459 1140 1646 1191 praeferri
1671 1153 1755 1178 non

294 1196 448 1235 debuit:
478 1196 510 1232 si
539 1207 590 1233 ex
611 1195 809 1233 Ducarum
825 1195 1037 1244 affinitate,
1062 1202 1291 1246 supererant
1313 1196 1454 1246 quibus
1470 1196 1624 1234 iustiori
1639 1196 1755 1247 longe

293 1253 409 1291 titulo
439 1251 674 1300 debebatur,
701 1252 806 1303 iique
825 1251 1150 1302 Porphyrogeniti
1175 1264 1244 1290 seu
1264 1251 1681 1303 Porphyrogennetae,
1709 1251 1752 1290 id

293 1315 353 1347 est
376 1314 465 1361 post
485 1308 667 1360 adeptam
689 1322 711 1345 a
728 1308 956 1359 parentibus
973 1307 1203 1358 dignitatem
1219 1308 1302 1346 nati
1316 1337 1326 1357 ,
1356 1308 1496 1358 quibus
1515 1321 1564 1346 ex
1578 1308 1664 1347 iure
1682 1308 1752 1346 de-

292 1366 378 1404 beri
395 1365 618 1405 videbatur.
660 1364 702 1402 id
718 1370 765 1403 ut
782 1364 908 1403 diluat
925 1364 1144 1416 Bryennius
1156 1395 1167 1414 ,
1197 1364 1361 1416 opponit
1378 1364 1627 1416 primogeniti
1646 1364 1753 1402 Isaa-

293 1422 343 1459 cii
374 1421 509 1460 fratris
536 1433 790 1470 consensum,
820 1427 859 1459 et
884 1434 905 1458 a
927 1422 1185 1459 Constantino
1209 1420 1408 1459 Michaelis
1424 1421 1554 1459 Ducae
1580 1421 1754 1473 impera-

293 1478 394 1516 toris
423 1479 545 1516 fratre
574 1483 819 1524 recusatum,
852 1478 1107 1515 Constantino
1136 1477 1326 1527 denique,
1355 1477 1553 1515 Michaelis
1570 1478 1672 1526 filio,
1703 1490 1754 1515 ex

294 1534 436 1575 aetatis
457 1534 612 1572 defectu
634 1534 863 1585 abrogatum
878 1534 1099 1584 imperium.
1146 1534 1213 1571 sed
1230 1533 1326 1571 haec
1343 1546 1451 1572 mera
1469 1546 1549 1571 esse
1569 1533 1754 1584 figmenta

294 1589 382 1641 quis
416 1603 498 1628 non
527 1590 656 1639 videt,
685 1604 778 1628 cum
806 1590 990 1627 Alexium
1018 1596 1171 1628 constet
1198 1590 1403 1640 imperium
1429 1597 1515 1628 arte
1541 1591 1641 1627 etin
1665 1603 1755 1628 suas

289 1646 443 1683 >allectis
462 1652 594 1697 partes
611 1646 839 1696 proceribus
855 1651 900 1682 et
921 1646 1108 1683 militibus
1131 1651 1383 1682 consecutum
1395 1674 1405 1693 ,
1436 1652 1475 1682 et
1495 1646 1547 1682 ad
1563 1645 1663 1683 illud
1682 1646 1755 1683 fir-

293 1700 484 1740 mandum
509 1707 595 1738 tum
627 1701 786 1738 demum
810 1700 1002 1738 eiusmodi
1021 1700 1064 1738 in
1081 1700 1252 1738 medium
1274 1706 1364 1751 post
1383 1700 1566 1751 adeptam
1585 1701 1754 1752 dignita.

293 1764 376 1796 tem
399 1756 591 1795 adductas
611 1757 797 1795 rationes.
855 1756 1062 1795 contrariis
1078 1763 1118 1794 et
1136 1757 1325 1808 oppositis
1344 1770 1507 1807 prorsus
1526 1771 1620 1795 usus
1640 1757 1755 1796 vide-

293 1821 364 1852 tur
396 1813 556 1852 Alex'ius
585 1813 770 1864 Angelus,
805 1813 871 1863 qui
904 1826 994 1851 cum
1019 1812 1164 1851 Isaacio
1191 1813 1307 1851 fratri
1336 1826 1408 1864 per
1429 1827 1625 1852 summum
1648 1814 1756 1852 nefas

295 1870 501 1922 eripuisset
527 1870 756 1921 imperium,
782 1883 861 1919 quo
889 1870 1090 1907 scelestam
1115 1869 1393 1920 quoquomodo
1417 1875 1566 1921 tegeret
1583 1883 1755 1922 usurpa-

295 1928 464 1975 tionem,
492 1926 568 1964 hac
583 1939 622 1964 se
643 1926 759 1964 unica
781 1926 956 1965 defendit
973 1926 1143 1965 ratione:
1172 1926 1270 1964 illud
1290 1939 1428 1978 nempe
1442 1939 1512 1978 per
1530 1927 1757 1966 electionem

296 1997 318 2021 a
348 1983 576 2035 proceribus
606 1983 760 2021 solitam
791 1982 957 2031 deferri,
1000 1997 1080 2020 non
1102 1995 1172 2034 per
1192 1983 1488 2031 successionem,
1518 1983 1593 2022 nisi
1615 1996 1756 2036 super-

296 2045 398 2077 esset
417 2039 484 2090 qui
504 2045 595 2090 post
616 2039 798 2090 adeptam
818 2039 1047 2091 dignitatem
1068 2045 1167 2077 esset
1187 2039 1229 2076 in
1251 2039 1379 2077 lucem
1407 2039 1547 2078 editus.
1603 2039 1661 2078 ita
1681 2054 1754 2091 pro

295 2095 413 2133 libitu
437 2108 532 2145 quas
553 2095 626 2133 sihi
645 2097 764 2147 magis
782 2096 974 2134 rebantur
987 2096 1236 2147 profuturas,
1266 2101 1467 2146 tamquam
1493 2102 1670 2148 arreptae
1686 2102 1755 2147 ty-

296 2151 475 2191 rannidis
509 2152 751 2202 velamen-ta,
781 2152 823 2190 in
851 2152 1025 2190 medium
1061 2152 1273 2190 afferebant
1303 2153 1494 2201 rationes,
1524 2166 1619 2203 quas
1637 2165 1756 2204 prae-

298 2215 405 2246 terea
436 2219 571 2246 rerum
598 2209 900 2259 praeteritarum
921 2209 1108 2260 exemplis
1124 2209 1280 2247 firmare
1299 2208 1408 2247 haud
1429 2221 1538 2260 aegre
1557 2214 1754 2260 poterant,

298 2278 390 2302 cum
419 2264 573 2302 nullum
604 2278 791 2314 unquanr
807 2265 859 2303 ad
886 2265 1198 2316 consequendam
1217 2266 1508 2317 imperatoriam
1526 2264 1755 2316 dignitatem

300 2326 452 2358 certum
478 2320 598 2359 suerit
625 2320 686 2359 ius
715 2320 932 2360 definitum.
990 2322 1038 2360 de
1059 2321 1196 2360 Alexio
1220 2321 1364 2373 Angelo
1388 2321 1607 2360 audiendus
1632 2321 1754 2360 Inno-

300 2376 453 2415 centius
472 2377 539 2415 111.
558 2376 630 2416 PP.
648 2377 673 2415 l.
694 2378 719 2419 5
750 2377 860 2428 epist.
878 2378 929 2415 ad
947 2378 1126 2416 eumdem
1145 2378 1343 2417 Alexium:
1377 2392 1422 2416 ex
1443 2385 1562 2429 parte
1591 2379 1756 2429 insuper

300 2441 396 2471 tuae
423 2431 680 2471 celsitudinis
707 2432 961 2484 adiecerunt,
1003 2433 1115 2486 quod
1136 2434 1278 2472 Alexio
1301 2435 1396 2486 filio
1422 2433 1575 2472 Isaclzii
1604 2434 1756 2486 Angeli

270 2497 274 2502 ¹
301 2488 509 2540 quondam
536 2491 812 2540 imperatoris,
842 2493 915 2542 qui
933 2489 992 2528 act
1005 2491 1247 2542 Philippum
1265 2490 1405 2530 ducem
1423 2491 1595 2528 Sueviae
1621 2504 1754 2528 acces-

302 2547 380 2594 sit,
410 2553 456 2583 ut
483 2547 695 2598 imperium
721 2554 861 2584 contra
884 2554 921 2585 te
938 2549 1071 2599 ipsius
1084 2549 1218 2599 possit
1237 2549 1390 2586 auxilio
1411 2546 1605 2595 obtinere,
1624 2548 1754 2598 favo-

303 2615 385 2638 rem
401 2602 637 2640 nullatenus
651 2610 955 2654 praestaremus
969 2634 980 2653 ,
1011 2606 1112 2655 quia
1127 2606 1340 2656 imperium
1360 2616 1438 2640 non
1461 2601 1571 2641 debet
1587 2602 1647 2641 ad
1662 2617 1753 2642 eum

304 2658 448 2708 aliqua
462 2660 617 2696 ratione
633 2658 808 2709 devolvi,
839 2674 931 2698 eum
950 2660 1062 2698 illud
1077 2674 1159 2699 non
1171 2675 1247 2712 per
1263 2660 1567 2710 successionem,
1593 2659 1667 2698 sed
1676 2674 1753 2711 per

302 2714 526 2751 electionem
545 2714 744 2752 nobilium
761 2718 1018 2766 conferatur:
1045 2719 1129 2755 nisi
1134 2719 1253 2767 forte
1266 2718 1428 2768 genitus
1442 2724 1540 2754 esset
1554 2723 1650 2767 post
1670 2714 1751 2754 ad-

302 2777 435 2819 eptum
452 2771 683 2822 fastigium
711 2774 992 2823 imperatoriae
1012 2771 1249 2826 dignitatis,
1276 2772 1389 2824 quod
1414 2786 1623 2824 nunquam
1644 2771 1751 2810 idem

303 2825 472 2865 Alexius
484 2834 645 2878 poterat
666 2827 863 2881 allegare,
895 2843 983 2868 cum
995 2832 1238 2881 priusquam
1251 2837 1372 2880 pater
1391 2831 1477 2869 eius
1495 2836 1592 2868 esset
1606 2831 1649 2867 in
1668 2831 1751 2867 im-
