<?xml version="1.0" encoding="UTF-8"?>
<!DOCTYPE html PUBLIC "-//W3C//DTD XHTML 1.0 Transitional//EN"
    "http://www.w3.org/TR/xhtml1/DTD/xhtml1-transitional.dtd">
<html xmlns="http://www.w3.org/1999/xhtml" xml:lang="en" lang="en">
 <head>
  <title>
</title>
<meta http-equiv="Content-Type" content="text/html;charset=utf-8" />
  <meta name='ocr-system' content='tesseract 3.04.00' />
  <meta name='ocr-capabilities' content='ocr_page ocr_carea ocr_par ocr_line ocrx_word'/>
</head>
<body>
  <div class='ocr_page' id='page_1' title='image "./corpusscriptorum26niebuoft_0666.png"; bbox 0 0 1878 3262; ppageno 0'>
   <div class='ocr_carea' id='block_1_1' title="bbox 269 196 1277 246">
    <p class='ocr_par' dir='ltr' id='par_1_1' title="bbox 269 196 1277 246">
     <span class='ocr_line' id='line_1_1' title="bbox 269 196 1277 246; baseline -0.007 0"><span class='ocrx_word' id='word_1_1' title='bbox 269 200 367 246; x_wconf 79' lang='lat'><strong>206</strong></span> <span class='ocrx_word' id='word_1_2' title='bbox 717 196 920 241; x_wconf 87' lang='lat' dir='ltr'><strong>GAROLI</strong></span> <span class='ocrx_word' id='word_1_3' title='bbox 952 197 1034 240; x_wconf 92' lang='lat' dir='ltr'><strong>DU</strong></span> <span class='ocrx_word' id='word_1_4' title='bbox 1066 197 1277 240; x_wconf 87' lang='lat' dir='ltr'>FRESNE</span> 
     </span>
    </p>
   </div>
   <div class='ocr_carea' id='block_1_2' title="bbox 261 303 1741 2893">
    <p class='ocr_par' dir='ltr' id='par_1_2' title="bbox 269 303 1718 527">
     <span class='ocr_line' id='line_1_2' title="bbox 379 303 1718 360; baseline 0.001 -15"><span class='ocrx_word' id='word_1_5' title='bbox 379 323 418 360; x_wconf 89' lang='lat' dir='ltr'><strong>p.</strong></span> <span class='ocrx_word' id='word_1_6' title='bbox 439 310 494 351; x_wconf 78' lang='lat'><strong>26</strong></span> <span class='ocrx_word' id='word_1_7' title='bbox 516 320 555 346; x_wconf 83' lang='lat' dir='ltr'><strong>v.</strong></span> <span class='ocrx_word' id='word_1_8' title='bbox 577 309 617 349; x_wconf 87' lang='lat'><strong>6.</strong></span> <span class='ocrx_word' id='word_1_9' title='bbox 671 304 740 347; x_wconf 72' lang='grc' dir='ltr'><strong>καὶ</strong></span> <span class='ocrx_word' id='word_1_10' title='bbox 765 307 836 358; x_wconf 79' lang='grc' dir='ltr'><strong>τῆς</strong></span> <span class='ocrx_word' id='word_1_11' title='bbox 857 303 929 359; x_wconf 80' lang='grc' dir='ltr'><strong>μὲν</strong></span> <span class='ocrx_word' id='word_1_12' title='bbox 949 307 1199 359; x_wconf 76' lang='grc' dir='ltr'><strong><em>Σαρακηναῖν</em></strong></span> <span class='ocrx_word' id='word_1_13' title='bbox 1221 304 1484 359; x_wconf 77' lang='grc' dir='ltr'><strong>ἐπικρατείας]</strong></span> <span class='ocrx_word' id='word_1_14' title='bbox 1511 307 1718 347; x_wconf 85' lang='lat' dir='ltr'><strong>Persarum</strong></span> 
     </span>
     <span class='ocr_line' id='line_1_3' title="bbox 269 361 1716 416; baseline -0.003 -13"><span class='ocrx_word' id='word_1_15' title='bbox 269 366 475 415; x_wconf 85' lang='lat' dir='ltr'><strong>imperium</strong></span> <span class='ocrx_word' id='word_1_16' title='bbox 511 362 654 402; x_wconf 82' lang='lat' dir='ltr'><strong>delevit</strong></span> <span class='ocrx_word' id='word_1_17' title='bbox 682 363 842 402; x_wconf 90' lang='lat' dir='ltr'><strong>omnino</strong></span> <span class='ocrx_word' id='word_1_18' title='bbox 871 362 1045 401; x_wconf 89' lang='lat' dir='ltr'>Arabum</span> <span class='ocrx_word' id='word_1_19' title='bbox 1075 362 1236 413; x_wconf 83' lang='lat' dir='ltr'><strong>calipha</strong></span> <span class='ocrx_word' id='word_1_20' title='bbox 1263 361 1456 411; x_wconf 87' lang='lat' dir='ltr'><strong>Othman,</strong></span> <span class='ocrx_word' id='word_1_21' title='bbox 1498 364 1565 415; x_wconf 87' lang='lat' dir='ltr'><strong>qui</strong></span> <span class='ocrx_word' id='word_1_22' title='bbox 1596 364 1716 416; x_wconf 84' lang='lat' dir='ltr'><strong>Tyrio</strong></span> 
     </span>
     <span class='ocr_line' id='line_1_4' title="bbox 269 418 1716 471; baseline 0 -11"><span class='ocrx_word' id='word_1_23' title='bbox 269 423 296 460; x_wconf 95' lang='lat' dir='ltr'><strong>l.</strong></span> <span class='ocrx_word' id='word_1_24' title='bbox 320 423 370 462; x_wconf 89' lang='lat'><strong>19</strong></span> <span class='ocrx_word' id='word_1_25' title='bbox 392 435 425 459; x_wconf 90' lang='lat' dir='ltr'><strong>c.</strong></span> <span class='ocrx_word' id='word_1_26' title='bbox 445 425 499 464; x_wconf 64' lang='grc' dir='ltr'><strong>ΞΟ</strong></span> <span class='ocrx_word' id='word_1_27' title='bbox 535 420 706 459; x_wconf 76' lang='lat' dir='ltr'><strong>Vliemen</strong></span> <span class='ocrx_word' id='word_1_28' title='bbox 731 419 898 468; x_wconf 84' lang='lat' dir='ltr'><strong>dicitur,</strong></span> <span class='ocrx_word' id='word_1_29' title='bbox 938 425 1030 471; x_wconf 89' lang='lat' dir='ltr'><strong>post</strong></span> <span class='ocrx_word' id='word_1_30' title='bbox 1054 419 1282 470; x_wconf 86' lang='lat' dir='ltr'><strong>Isdegerdae</strong></span> <span class='ocrx_word' id='word_1_31' title='bbox 1312 418 1413 470; x_wconf 83' lang='lat' dir='ltr'><strong>regis</strong></span> <span class='ocrx_word' id='word_1_32' title='bbox 1435 419 1642 460; x_wconf 85' lang='lat' dir='ltr'><strong>interitum</strong></span> <span class='ocrx_word' id='word_1_33' title='bbox 1668 420 1716 460; x_wconf 82' lang='lat' dir='ltr'><strong>A.</strong></span> 
     </span>
     <span class='ocr_line' id='line_1_5' title="bbox 269 475 1415 527; baseline -0.002 -11"><span class='ocrx_word' id='word_1_34' title='bbox 269 477 361 516; x_wconf 88' lang='lat' dir='ltr'>Chr.</span> <span class='ocrx_word' id='word_1_35' title='bbox 385 476 487 524; x_wconf 85' lang='lat'><strong>649,</strong></span> <span class='ocrx_word' id='word_1_36' title='bbox 517 476 744 527; x_wconf 86' lang='lat' dir='ltr'><strong>Theophan.</strong></span> <span class='ocrx_word' id='word_1_37' title='bbox 764 476 973 515; x_wconf 84' lang='lat' dir='ltr'><strong>El-Macin.</strong></span> <span class='ocrx_word' id='word_1_38' title='bbox 994 475 1153 517; x_wconf 81' lang='lat' dir='ltr'><strong>Aithon.</strong></span> <span class='ocrx_word' id='word_1_39' title='bbox 1173 476 1318 517; x_wconf 83' lang='lat' dir='ltr'><strong>Bizarr.</strong></span> <span class='ocrx_word' id='word_1_40' title='bbox 1341 481 1415 514; x_wconf 85' lang='lat' dir='ltr'><strong>etc.</strong></span> 
     </span>
    </p>

    <p class='ocr_par' dir='ltr' id='par_1_3' title="bbox 261 528 1741 2893">
     <span class='ocr_line' id='line_1_6' title="bbox 379 528 1718 584; baseline -0.002 -12"><span class='ocrx_word' id='word_1_41' title='bbox 379 546 418 572; x_wconf 87' lang='lat' dir='ltr'><strong>v.</strong></span> <span class='ocrx_word' id='word_1_42' title='bbox 440 537 502 575; x_wconf 80' lang='lat'><strong>12.</strong></span> <span class='ocrx_word' id='word_1_43' title='bbox 560 528 831 584; x_wconf 82' lang='grc' dir='ltr'><strong>Μουχούμετ]</strong></span> <span class='ocrx_word' id='word_1_44' title='bbox 862 533 1081 584; x_wconf 84' lang='lat' dir='ltr'><strong>Imperabat</strong></span> <span class='ocrx_word' id='word_1_45' title='bbox 1100 532 1387 580; x_wconf 85' lang='lat' dir='ltr'><strong>Muchemetus,</strong></span> <span class='ocrx_word' id='word_1_46' title='bbox 1418 531 1450 568; x_wconf 83' lang='lat' dir='ltr'><strong>si</strong></span> <span class='ocrx_word' id='word_1_47' title='bbox 1465 529 1718 582; x_wconf 84' lang='lat' dir='ltr'><strong>Bryennium,</strong></span> 
     </span>
     <span class='ocr_line' id='line_1_7' title="bbox 267 587 1720 642; baseline 0 -15"><span class='ocrx_word' id='word_1_48' title='bbox 267 590 474 642; x_wconf 76' lang='lat' dir='ltr'><strong>Scylitzem</strong></span> <span class='ocrx_word' id='word_1_49' title='bbox 487 619 497 639; x_wconf 90' lang='lat'>‚</span> <span class='ocrx_word' id='word_1_50' title='bbox 526 594 566 627; x_wconf 81' lang='lat' dir='ltr'><strong>et</strong></span> <span class='ocrx_word' id='word_1_51' title='bbox 586 590 780 631; x_wconf 80' lang='lat' dir='ltr'><strong>Zonaram</strong></span> <span class='ocrx_word' id='word_1_52' title='bbox 800 589 1001 639; x_wconf 82' lang='lat' dir='ltr'><strong>audimus,</strong></span> <span class='ocrx_word' id='word_1_53' title='bbox 1030 589 1204 638; x_wconf 84' lang='lat' dir='ltr'><strong>Persidi,</strong></span> <span class='ocrx_word' id='word_1_54' title='bbox 1236 587 1482 626; x_wconf 81' lang='lat' dir='ltr'><strong>Chorosanae</strong></span> <span class='ocrx_word' id='word_1_55' title='bbox 1501 593 1540 624; x_wconf 86' lang='lat' dir='ltr'><strong>et</strong></span> <span class='ocrx_word' id='word_1_56' title='bbox 1557 587 1720 628; x_wconf 80' lang='lat' dir='ltr'><strong>Mediae.</strong></span> 
     </span>
     <span class='ocr_line' id='line_1_8' title="bbox 270 643 1720 697; baseline -0.001 -13"><span class='ocrx_word' id='word_1_57' title='bbox 270 653 314 684; x_wconf 84' lang='lat' dir='ltr'><strong>at</strong></span> <span class='ocrx_word' id='word_1_58' title='bbox 342 646 587 684; x_wconf 83' lang='lat' dir='ltr'><strong>El-Macinus</strong></span> <span class='ocrx_word' id='word_1_59' title='bbox 621 645 646 684; x_wconf 95' lang='lat' dir='ltr'><strong>l.</strong></span> <span class='ocrx_word' id='word_1_60' title='bbox 669 649 693 687; x_wconf 84' lang='lat'><strong>3</strong></span> <span class='ocrx_word' id='word_1_61' title='bbox 727 659 761 686; x_wconf 85' lang='lat' dir='ltr'><strong>e.</strong></span> <span class='ocrx_word' id='word_1_62' title='bbox 782 649 809 688; x_wconf 91' lang='lat'>7</span> <span class='ocrx_word' id='word_1_63' title='bbox 837 646 967 684; x_wconf 84' lang='lat' dir='ltr'>Indiae</span> <span class='ocrx_word' id='word_1_64' title='bbox 992 658 1120 697; x_wconf 87' lang='lat' dir='ltr'><strong>regem</strong></span> <span class='ocrx_word' id='word_1_65' title='bbox 1146 645 1264 684; x_wconf 81' lang='lat' dir='ltr'><strong>fuisse</strong></span> <span class='ocrx_word' id='word_1_66' title='bbox 1286 645 1424 692; x_wconf 85' lang='lat' dir='ltr'><strong>refert,</strong></span> <span class='ocrx_word' id='word_1_67' title='bbox 1465 643 1720 694; x_wconf 83' lang='lat' dir='ltr'><strong>eumdemque</strong></span> 
     </span>
     <span class='ocr_line' id='line_1_9' title="bbox 271 699 1720 753; baseline -0.001 -13"><span class='ocrx_word' id='word_1_68' title='bbox 271 703 525 741; x_wconf 84' lang='lat' dir='ltr'><strong>sebuctakini</strong></span> <span class='ocrx_word' id='word_1_69' title='bbox 538 734 548 752; x_wconf 85' lang='lat'><strong>,</strong></span> <span class='ocrx_word' id='word_1_70' title='bbox 569 716 650 740; x_wconf 85' lang='lat' dir='ltr'><strong>non</strong></span> <span class='ocrx_word' id='word_1_71' title='bbox 669 702 869 740; x_wconf 82' lang='lat' dir='ltr'><strong>Imbraelis</strong></span> <span class='ocrx_word' id='word_1_72' title='bbox 884 702 1008 741; x_wconf 89' lang='lat' dir='ltr'><strong>filium</strong></span> <span class='ocrx_word' id='word_1_73' title='bbox 1025 703 1132 743; x_wconf 85' lang='lat' dir='ltr'><strong>facit.</strong></span> <span class='ocrx_word' id='word_1_74' title='bbox 1170 702 1238 739; x_wconf 85' lang='lat' dir='ltr'><strong>sed</strong></span> <span class='ocrx_word' id='word_1_75' title='bbox 1254 706 1426 753; x_wconf 79' lang='lat' dir='ltr'><strong>praestat</strong></span> <span class='ocrx_word' id='word_1_76' title='bbox 1441 699 1576 737; x_wconf 86' lang='lat' dir='ltr'><strong>audire</strong></span> <span class='ocrx_word' id='word_1_77' title='bbox 1593 700 1720 752; x_wconf 88' lang='lat' dir='ltr'><strong>ipsum</strong></span> 
     </span>
     <span class='ocr_line' id='line_1_10' title="bbox 271 756 1723 810; baseline -0.002 -13"><span class='ocrx_word' id='word_1_78' title='bbox 271 759 561 805; x_wconf 88' lang='lat' dir='ltr'><strong>El-Macinum‚</strong></span> <span class='ocrx_word' id='word_1_79' title='bbox 592 771 682 796; x_wconf 81' lang='lat' dir='ltr'><strong>cum</strong></span> <span class='ocrx_word' id='word_1_80' title='bbox 710 759 826 810; x_wconf 82' lang='lat' dir='ltr'><strong>paulo</strong></span> <span class='ocrx_word' id='word_1_81' title='bbox 854 771 962 797; x_wconf 90' lang='lat' dir='ltr'><strong>secus</strong></span> <span class='ocrx_word' id='word_1_82' title='bbox 989 772 1072 796; x_wconf 86' lang='lat' dir='ltr'><strong>rem</strong></span> <span class='ocrx_word' id='word_1_83' title='bbox 1101 764 1257 808; x_wconf 86' lang='lat' dir='ltr'><strong>narret,</strong></span> <span class='ocrx_word' id='word_1_84' title='bbox 1288 757 1336 796; x_wconf 86' lang='lat' dir='ltr'><strong>de</strong></span> <span class='ocrx_word' id='word_1_85' title='bbox 1357 757 1611 796; x_wconf 81' lang='lat' dir='ltr'><strong>Sultanorum</strong></span> <span class='ocrx_word' id='word_1_86' title='bbox 1632 756 1723 794; x_wconf 88' lang='lat' dir='ltr'><strong>Ico-</strong></span> 
     </span>
     <span class='ocr_line' id='line_1_11' title="bbox 268 813 1723 866; baseline -0.003 -12"><span class='ocrx_word' id='word_1_87' title='bbox 268 816 463 854; x_wconf 86' lang='lat' dir='ltr'><strong>niensium</strong></span> <span class='ocrx_word' id='word_1_88' title='bbox 481 815 628 866; x_wconf 84' lang='lat' dir='ltr'><strong>origine</strong></span> <span class='ocrx_word' id='word_1_89' title='bbox 645 816 769 854; x_wconf 88' lang='lat' dir='ltr'><strong>fusius</strong></span> <span class='ocrx_word' id='word_1_90' title='bbox 787 815 1059 864; x_wconf 84' lang='lat' dir='ltr'><strong>disserentem,</strong></span> <span class='ocrx_word' id='word_1_91' title='bbox 1089 828 1139 852; x_wconf 86' lang='lat' dir='ltr'><strong>ex</strong></span> <span class='ocrx_word' id='word_1_92' title='bbox 1157 814 1336 853; x_wconf 71' lang='lat' dir='ltr'><strong>versione</strong></span> <span class='ocrx_word' id='word_1_93' title='bbox 1355 813 1527 851; x_wconf 78' lang='lat' dir='ltr'><strong>&#39;rhomae</strong></span> <span class='ocrx_word' id='word_1_94' title='bbox 1546 813 1723 863; x_wconf 86' lang='lat' dir='ltr'><strong>Erpenii:</strong></span> 
     </span>
     <span class='ocr_line' id='line_1_12' title="bbox 272 870 1723 924; baseline -0.001 -14"><span class='ocrx_word' id='word_1_95' title='bbox 272 886 379 910; x_wconf 87' lang='lat' dir='ltr'><strong>anno</strong></span> <span class='ocrx_word' id='word_1_96' title='bbox 405 872 616 924; x_wconf 83' lang='lat' dir='ltr'><strong>(Hegirae)</strong></span> <span class='ocrx_word' id='word_1_97' title='bbox 636 873 717 913; x_wconf 82' lang='lat'><strong>420</strong></span> <span class='ocrx_word' id='word_1_98' title='bbox 739 871 908 923; x_wconf 85' lang='lat' dir='ltr'><strong>(Christi</strong></span> <span class='ocrx_word' id='word_1_99' title='bbox 931 873 1065 922; x_wconf 87' lang='lat'>1038)</span> <span class='ocrx_word' id='word_1_100' title='bbox 1087 878 1296 923; x_wconf 82' lang='lat' dir='ltr'><strong>coeperunt</strong></span> <span class='ocrx_word' id='word_1_101' title='bbox 1319 872 1522 922; x_wconf 70' lang='lat' dir='ltr'><em>principes</em></span> <span class='ocrx_word' id='word_1_102' title='bbox 1542 870 1723 921; x_wconf 80' lang='lat' dir='ltr'><strong>Salglm·</strong></span> 
     </span>
     <span class='ocr_line' id='line_1_13' title="bbox 273 924 1726 980; baseline -0.003 -14"><span class='ocrx_word' id='word_1_103' title='bbox 273 928 399 967; x_wconf 89' lang='lat' dir='ltr'><strong>cidae.</strong></span> <span class='ocrx_word' id='word_1_104' title='bbox 458 936 495 966; x_wconf 89' lang='lat' dir='ltr'><strong>et</strong></span> <span class='ocrx_word' id='word_1_105' title='bbox 513 929 676 979; x_wconf 74' lang='lat' dir='ltr'><strong>primus</strong></span> <span class='ocrx_word' id='word_1_106' title='bbox 702 928 861 979; x_wconf 84' lang='lat' dir='ltr'><strong>quidem</strong></span> <span class='ocrx_word' id='word_1_107' title='bbox 892 942 936 966; x_wconf 87' lang='lat' dir='ltr'><strong>ex</strong></span> <span class='ocrx_word' id='word_1_108' title='bbox 965 930 1018 966; x_wconf 87' lang='lat' dir='ltr'><strong>iis</strong></span> <span class='ocrx_word' id='word_1_109' title='bbox 1049 930 1329 980; x_wconf 83' lang='lat' dir='ltr'><strong>inauguratus</strong></span> <span class='ocrx_word' id='word_1_110' title='bbox 1345 928 1442 976; x_wconf 88' lang='lat' dir='ltr'><strong>fuit</strong></span> <span class='ocrx_word' id='word_1_111' title='bbox 1461 924 1726 964; x_wconf 76' lang='lat' dir='ltr'><strong>Multammed</strong></span> 
     </span>
     <span class='ocr_line' id='line_1_14' title="bbox 271 983 1722 1037; baseline -0.002 -14"><span class='ocrx_word' id='word_1_112' title='bbox 271 985 474 1024; x_wconf 81' lang='lat' dir='ltr'><strong>Abutalih</strong></span> <span class='ocrx_word' id='word_1_113' title='bbox 503 984 781 1035; x_wconf 81' lang='lat' dir='ltr'><strong>Togrulbecus,</strong></span> <span class='ocrx_word' id='word_1_114' title='bbox 811 984 995 1037; x_wconf 83' lang='lat' dir='ltr'><strong>(Vaterio</strong></span> <span class='ocrx_word' id='word_1_115' title='bbox 1021 985 1294 1036; x_wconf 82' lang='lat' dir='ltr'><strong>Tegralbecus,</strong></span> <span class='ocrx_word' id='word_1_116' title='bbox 1315 983 1489 1021; x_wconf 77' lang='lat' dir='ltr'><strong>Aithono</strong></span> <span class='ocrx_word' id='word_1_117' title='bbox 1504 984 1722 1034; x_wconf 80' lang='lat' dir='ltr'><strong>Dogrissa,</strong></span> 
     </span>
     <span class='ocr_line' id='line_1_15' title="bbox 271 1040 1725 1093; baseline -0.003 -13"><span class='ocrx_word' id='word_1_118' title='bbox 271 1042 392 1092; x_wconf 87' lang='lat' dir='ltr'><strong>Tyrio</strong></span> <span class='ocrx_word' id='word_1_119' title='bbox 419 1040 607 1091; x_wconf 78' lang='lat' dir='ltr'><strong>Belphet,</strong></span> <span class='ocrx_word' id='word_1_120' title='bbox 638 1041 796 1079; x_wconf 85' lang='lat' dir='ltr'><strong>Graecis</strong></span> <span class='ocrx_word' id='word_1_121' title='bbox 825 1041 991 1091; x_wconf 88' lang='lat' dir='ltr'><strong>denique</strong></span> <span class='ocrx_word' id='word_1_122' title='bbox 1017 1042 1289 1093; x_wconf 80' lang='lat' dir='ltr'><strong>Tangrolipex</strong></span> <span class='ocrx_word' id='word_1_123' title='bbox 1308 1040 1461 1092; x_wconf 88' lang='lat' dir='ltr'><strong>dictus)</strong></span> <span class='ocrx_word' id='word_1_124' title='bbox 1491 1040 1725 1088; x_wconf 81' lang='lat' dir='ltr'><strong>cuiusfra-</strong></span> 
     </span>
     <span class='ocr_line' id='line_1_16' title="bbox 272 1095 1725 1147; baseline -0.002 -12"><span class='ocrx_word' id='word_1_125' title='bbox 272 1105 352 1135; x_wconf 87' lang='lat' dir='ltr'><strong>tres</strong></span> <span class='ocrx_word' id='word_1_126' title='bbox 379 1104 493 1135; x_wconf 88' lang='lat' dir='ltr'><strong>erant</strong></span> <span class='ocrx_word' id='word_1_127' title='bbox 510 1095 658 1134; x_wconf 82' lang='lat' dir='ltr'><strong>David</strong></span> <span class='ocrx_word' id='word_1_128' title='bbox 677 1097 960 1134; x_wconf 86' lang='lat' dir='ltr'><strong>Glzacarbecus</strong></span> <span class='ocrx_word' id='word_1_129' title='bbox 974 1127 985 1146; x_wconf 89' lang='lat'><strong>,</strong></span> <span class='ocrx_word' id='word_1_130' title='bbox 1013 1098 1161 1146; x_wconf 75' lang='lat' dir='ltr'><strong>Fims,</strong></span> <span class='ocrx_word' id='word_1_131' title='bbox 1188 1106 1223 1134; x_wconf 89' lang='lat' dir='ltr'><strong>et</strong></span> <span class='ocrx_word' id='word_1_132' title='bbox 1239 1097 1475 1136; x_wconf 86' lang='lat' dir='ltr'><strong>Arselanus.</strong></span> <span class='ocrx_word' id='word_1_133' title='bbox 1533 1103 1652 1147; x_wconf 87' lang='lat' dir='ltr'><strong>atque</strong></span> <span class='ocrx_word' id='word_1_134' title='bbox 1678 1095 1725 1133; x_wconf 79' lang='lat' dir='ltr'><strong>Izi</strong></span> 
     </span>
     <span class='ocr_line' id='line_1_17' title="bbox 261 1151 1726 1206; baseline -0.001 -15"><span class='ocrx_word' id='word_1_135' title='bbox 261 1154 352 1206; x_wconf 89' lang='lat' dir='ltr'><strong>filii</strong></span> <span class='ocrx_word' id='word_1_136' title='bbox 379 1161 493 1192; x_wconf 87' lang='lat' dir='ltr'><strong>erant</strong></span> <span class='ocrx_word' id='word_1_137' title='bbox 522 1152 738 1191; x_wconf 71' lang='lat' dir='ltr'><strong>Micl&#39;iae‘lis</strong></span> <span class='ocrx_word' id='word_1_138' title='bbox 775 1151 998 1205; x_wconf 84' lang='lat' dir='ltr'><strong>(Bryennio</strong></span> <span class='ocrx_word' id='word_1_139' title='bbox 1024 1152 1246 1206; x_wconf 65' lang='lat' dir='ltr'><strong>Macaelis)</strong></span> <span class='ocrx_word' id='word_1_140' title='bbox 1278 1154 1369 1205; x_wconf 86' lang='lat' dir='ltr'><strong>filii</strong></span> <span class='ocrx_word' id='word_1_141' title='bbox 1397 1152 1614 1204; x_wconf 79' lang='lat' dir='ltr'><strong>Salgliuci,</strong></span> <span class='ocrx_word' id='word_1_142' title='bbox 1633 1151 1726 1203; x_wconf 85' lang='lat' dir='ltr'><strong>filii</strong></span> 
     </span>
     <span class='ocr_line' id='line_1_18' title="bbox 272 1206 1725 1263; baseline -0.002 -15"><span class='ocrx_word' id='word_1_143' title='bbox 272 1212 437 1249; x_wconf 89' lang='lat' dir='ltr'><strong>Dacaci</strong></span> <span class='ocrx_word' id='word_1_144' title='bbox 451 1239 462 1259; x_wconf 96' lang='lat'><strong>,</strong></span> <span class='ocrx_word' id='word_1_145' title='bbox 494 1207 592 1262; x_wconf 85' lang='lat' dir='ltr'><strong>(aut</strong></span> <span class='ocrx_word' id='word_1_146' title='bbox 613 1211 782 1261; x_wconf 79' lang='lat' dir='ltr'><strong>Dagaci</strong></span> <span class='ocrx_word' id='word_1_147' title='bbox 794 1206 823 1263; x_wconf 95' lang='lat'><strong>).</strong></span> <span class='ocrx_word' id='word_1_148' title='bbox 884 1211 957 1261; x_wconf 84' lang='lat' dir='ltr'><strong>qui</strong></span> <span class='ocrx_word' id='word_1_149' title='bbox 980 1211 1175 1248; x_wconf 88' lang='lat' dir='ltr'><strong>Dacacus</strong></span> <span class='ocrx_word' id='word_1_150' title='bbox 1194 1212 1256 1249; x_wconf 90' lang='lat' dir='ltr'><strong>vir</strong></span> <span class='ocrx_word' id='word_1_151' title='bbox 1263 1211 1358 1260; x_wconf 89' lang='lat' dir='ltr'><strong>fuit</strong></span> <span class='ocrx_word' id='word_1_152' title='bbox 1382 1209 1532 1257; x_wconf 82' lang='lat' dir='ltr'><strong>Turca,</strong></span> <span class='ocrx_word' id='word_1_153' title='bbox 1561 1211 1725 1246; x_wconf 84' lang='lat' dir='ltr'><strong>animo-</strong></span> 
     </span>
     <span class='ocr_line' id='line_1_19' title="bbox 272 1265 1724 1318; baseline -0.002 -14"><span class='ocrx_word' id='word_1_154' title='bbox 272 1281 367 1317; x_wconf 87' lang='lat' dir='ltr'><strong>sus,</strong></span> <span class='ocrx_word' id='word_1_155' title='bbox 397 1267 490 1305; x_wconf 89' lang='lat' dir='ltr'><strong>boni</strong></span> <span class='ocrx_word' id='word_1_156' title='bbox 516 1266 679 1303; x_wconf 81' lang='lat' dir='ltr'><strong>consilii</strong></span> <span class='ocrx_word' id='word_1_157' title='bbox 707 1273 743 1303; x_wconf 89' lang='lat' dir='ltr'><strong>et</strong></span> <span class='ocrx_word' id='word_1_158' title='bbox 778 1267 996 1317; x_wconf 59' lang='lat' dir='ltr'><strong>regimini&amp;</strong></span> <span class='ocrx_word' id='word_1_159' title='bbox 1053 1267 1120 1305; x_wconf 84' lang='lat' dir='ltr'><strong>lzic</strong></span> <span class='ocrx_word' id='word_1_160' title='bbox 1142 1269 1305 1318; x_wconf 84' lang='lat' dir='ltr'><strong>primus</strong></span> <span class='ocrx_word' id='word_1_161' title='bbox 1327 1279 1372 1303; x_wconf 84' lang='lat' dir='ltr'><strong>ex</strong></span> <span class='ocrx_word' id='word_1_162' title='bbox 1390 1267 1444 1302; x_wconf 87' lang='lat' dir='ltr'><strong>iis</strong></span> <span class='ocrx_word' id='word_1_163' title='bbox 1461 1265 1724 1302; x_wconf 86' lang='lat' dir='ltr'><strong>Islanismum</strong></span> 
     </span>
     <span class='ocr_line' id='line_1_20' title="bbox 274 1319 1723 1377; baseline -0.003 -15"><span class='ocrx_word' id='word_1_164' title='bbox 274 1330 333 1362; x_wconf 88' lang='lat' dir='ltr'><strong>est</strong></span> <span class='ocrx_word' id='word_1_165' title='bbox 364 1324 572 1375; x_wconf 81' lang='lat' dir='ltr'><strong>amplexus</strong></span> <span class='ocrx_word' id='word_1_166' title='bbox 602 1319 720 1377; x_wconf 90' lang='lat' dir='ltr'><strong>(vide</strong></span> <span class='ocrx_word' id='word_1_167' title='bbox 743 1322 961 1362; x_wconf 82' lang='lat' dir='ltr'><strong>Aithonum</strong></span> <span class='ocrx_word' id='word_1_168' title='bbox 978 1336 1012 1363; x_wconf 90' lang='lat' dir='ltr'><strong>c.</strong></span> <span class='ocrx_word' id='word_1_169' title='bbox 1038 1324 1119 1374; x_wconf 89' lang='grc'><strong>15)</strong></span> <span class='ocrx_word' id='word_1_170' title='bbox 1149 1330 1187 1360; x_wconf 89' lang='lat' dir='ltr'><strong>et</strong></span> <span class='ocrx_word' id='word_1_171' title='bbox 1213 1337 1280 1361; x_wconf 86' lang='lat' dir='ltr'><strong>rex</strong></span> <span class='ocrx_word' id='word_1_172' title='bbox 1313 1322 1533 1360; x_wconf 64' lang='lat' dir='ltr'><strong>Parcarum</strong></span> <span class='ocrx_word' id='word_1_173' title='bbox 1557 1321 1723 1358; x_wconf 89' lang='lat' dir='ltr'><strong>consilio</strong></span> 
     </span>
     <span class='ocr_line' id='line_1_21' title="bbox 275 1378 1726 1432; baseline -0.003 -14"><span class='ocrx_word' id='word_1_174' title='bbox 275 1381 364 1418; x_wconf 86' lang='lat' dir='ltr'><strong>eius</strong></span> <span class='ocrx_word' id='word_1_175' title='bbox 389 1380 598 1429; x_wconf 87' lang='lat' dir='ltr'><strong>utebatur,</strong></span> <span class='ocrx_word' id='word_1_176' title='bbox 626 1394 794 1432; x_wconf 84' lang='lat' dir='ltr'><strong>eumque</strong></span> <span class='ocrx_word' id='word_1_177' title='bbox 814 1380 895 1417; x_wconf 87' lang='lat' dir='ltr'><strong>sibi</strong></span> <span class='ocrx_word' id='word_1_178' title='bbox 911 1380 1138 1418; x_wconf 70' lang='lat' dir='ltr'><strong>assumebat</strong></span> <span class='ocrx_word' id='word_1_179' title='bbox 1158 1382 1200 1418; x_wconf 89' lang='lat' dir='ltr'><strong>in</strong></span> <span class='ocrx_word' id='word_1_180' title='bbox 1215 1380 1316 1418; x_wconf 81' lang='lat' dir='ltr'><strong>bello</strong></span> <span class='ocrx_word' id='word_1_181' title='bbox 1340 1392 1414 1416; x_wconf 87' lang='lat' dir='ltr'><strong>suo</strong></span> <span class='ocrx_word' id='word_1_182' title='bbox 1431 1379 1534 1415; x_wconf 88' lang='lat' dir='ltr'><strong>inter</strong></span> <span class='ocrx_word' id='word_1_183' title='bbox 1561 1378 1726 1415; x_wconf 77' lang='lat' dir='ltr'><strong>Turcas.</strong></span> 
     </span>
     <span class='ocr_line' id='line_1_22' title="bbox 274 1431 1724 1489; baseline -0.003 -15"><span class='ocrx_word' id='word_1_184' title='bbox 274 1438 447 1475; x_wconf 87' lang='lat' dir='ltr'><strong>moriens</strong></span> <span class='ocrx_word' id='word_1_185' title='bbox 475 1444 612 1474; x_wconf 86' lang='lat' dir='ltr'><strong>autem</strong></span> <span class='ocrx_word' id='word_1_186' title='bbox 626 1437 769 1489; x_wconf 81' lang='lat' dir='ltr'><strong>silium</strong></span> <span class='ocrx_word' id='word_1_187' title='bbox 796 1438 959 1489; x_wconf 84' lang='lat' dir='ltr'><strong>reliquit</strong></span> <span class='ocrx_word' id='word_1_188' title='bbox 979 1437 1231 1489; x_wconf 82' lang='lat' dir='ltr'><strong>Salglzucum</strong></span> <span class='ocrx_word' id='word_1_189' title='bbox 1260 1435 1354 1489; x_wconf 89' lang='lat' dir='ltr'><strong>(qui</strong></span> <span class='ocrx_word' id='word_1_190' title='bbox 1372 1434 1545 1473; x_wconf 76' lang='lat' dir='ltr'><strong>Aithono</strong></span> <span class='ocrx_word' id='word_1_191' title='bbox 1564 1431 1724 1485; x_wconf 84' lang='lat' dir='ltr'><strong>Sadok)</strong></span> 
     </span>
     <span class='ocr_line' id='line_1_23' title="bbox 274 1491 1726 1543; baseline -0.002 -13"><span class='ocrx_word' id='word_1_192' title='bbox 274 1494 358 1530; x_wconf 87' lang='lat' dir='ltr'><strong>iam</strong></span> <span class='ocrx_word' id='word_1_193' title='bbox 392 1493 602 1542; x_wconf 86' lang='lat' dir='ltr'><strong>adultum,</strong></span> <span class='ocrx_word' id='word_1_194' title='bbox 643 1495 711 1530; x_wconf 86' lang='lat' dir='ltr'><strong>cui</strong></span> <span class='ocrx_word' id='word_1_195' title='bbox 740 1501 777 1531; x_wconf 90' lang='lat' dir='ltr'><strong>et</strong></span> <span class='ocrx_word' id='word_1_196' title='bbox 803 1508 870 1531; x_wconf 82' lang='lat' dir='ltr'><strong>rex</strong></span> <span class='ocrx_word' id='word_1_197' title='bbox 902 1495 983 1531; x_wconf 74' lang='lat' dir='ltr'><strong>Tar</strong></span> <span class='ocrx_word' id='word_1_198' title='bbox 985 1507 1124 1531; x_wconf 89' lang='lat' dir='ltr'><strong>corum</strong></span> <span class='ocrx_word' id='word_1_199' title='bbox 1151 1494 1351 1531; x_wconf 86' lang='lat' dir='ltr'><strong>commisit</strong></span> <span class='ocrx_word' id='word_1_200' title='bbox 1375 1493 1548 1543; x_wconf 81' lang='lat' dir='ltr'><strong>regimen</strong></span> <span class='ocrx_word' id='word_1_201' title='bbox 1578 1491 1726 1528; x_wconf 83' lang='lat' dir='ltr'><strong>exerci-</strong></span> 
     </span>
     <span class='ocr_line' id='line_1_24' title="bbox 271 1548 1725 1594; baseline -0.003 -8"><span class='ocrx_word' id='word_1_202' title='bbox 271 1556 390 1587; x_wconf 91' lang='lat' dir='ltr'><strong>tuum</strong></span> <span class='ocrx_word' id='word_1_203' title='bbox 421 1563 600 1589; x_wconf 89' lang='lat' dir='ltr'><strong>suorum.</strong></span> <span class='ocrx_word' id='word_1_204' title='bbox 658 1548 730 1586; x_wconf 87' lang='lat' dir='ltr'><strong>sed</strong></span> <span class='ocrx_word' id='word_1_205' title='bbox 766 1564 856 1587; x_wconf 91' lang='lat' dir='ltr'><strong>cum</strong></span> <span class='ocrx_word' id='word_1_206' title='bbox 890 1548 1031 1587; x_wconf 87' lang='lat' dir='ltr'><strong>deinde</strong></span> <span class='ocrx_word' id='word_1_207' title='bbox 1055 1557 1240 1588; x_wconf 82' lang='lat' dir='ltr'><strong>metueret</strong></span> <span class='ocrx_word' id='word_1_208' title='bbox 1265 1548 1344 1586; x_wconf 81' lang='lat' dir='ltr'><strong>sibi</strong></span> <span class='ocrx_word' id='word_1_209' title='bbox 1367 1548 1418 1585; x_wconf 86' lang='lat' dir='ltr'><strong>ab</strong></span> <span class='ocrx_word' id='word_1_210' title='bbox 1442 1548 1601 1584; x_wconf 87' lang='lat' dir='ltr'><strong>astutia</strong></span> <span class='ocrx_word' id='word_1_211' title='bbox 1627 1548 1725 1594; x_wconf 87' lang='lat' dir='ltr'><strong>eius,</strong></span> 
     </span>
     <span class='ocr_line' id='line_1_25' title="bbox 272 1603 1727 1657; baseline -0.002 -15"><span class='ocrx_word' id='word_1_212' title='bbox 272 1607 417 1643; x_wconf 89' lang='lat' dir='ltr'><strong>statuit</strong></span> <span class='ocrx_word' id='word_1_213' title='bbox 444 1619 532 1643; x_wconf 87' lang='lat' dir='ltr'><strong>eum</strong></span> <span class='ocrx_word' id='word_1_214' title='bbox 565 1607 792 1656; x_wconf 84' lang='lat' dir='ltr'><strong>interficere.</strong></span> <span class='ocrx_word' id='word_1_215' title='bbox 850 1605 963 1657; x_wconf 84' lang='lat' dir='ltr'><strong>quod</strong></span> <span class='ocrx_word' id='word_1_216' title='bbox 979 1620 1071 1644; x_wconf 88' lang='lat' dir='ltr'><strong>cum</strong></span> <span class='ocrx_word' id='word_1_217' title='bbox 1090 1606 1291 1657; x_wconf 75' lang='lat' dir='ltr'><strong>Salglzuco</strong></span> <span class='ocrx_word' id='word_1_218' title='bbox 1310 1604 1585 1652; x_wconf 76' lang='lat' dir='ltr'><strong>subolevisset,</strong></span> <span class='ocrx_word' id='word_1_219' title='bbox 1605 1603 1727 1654; x_wconf 83' lang='lat' dir='ltr'><strong>sugit</strong></span> 
     </span>
     <span class='ocr_line' id='line_1_26' title="bbox 273 1660 1727 1713; baseline -0.002 -15"><span class='ocrx_word' id='word_1_220' title='bbox 273 1660 336 1698; x_wconf 79' lang='lat' dir='ltr'><strong>ad-</strong></span> <span class='ocrx_word' id='word_1_221' title='bbox 356 1675 487 1713; x_wconf 82' lang='lat' dir='ltr'><strong>regem</strong></span> <span class='ocrx_word' id='word_1_222' title='bbox 519 1661 704 1700; x_wconf 78' lang='lat' dir='ltr'><strong>Gliabiae</strong></span> <span class='ocrx_word' id='word_1_223' title='bbox 733 1663 940 1699; x_wconf 87' lang='lat' dir='ltr'><strong>Haronem</strong></span> <span class='ocrx_word' id='word_1_224' title='bbox 967 1662 1344 1707; x_wconf 74' lang='lat' dir='ltr'><strong>Sahabaddawam,</strong></span> <span class='ocrx_word' id='word_1_225' title='bbox 1377 1660 1529 1710; x_wconf 77' lang='lat' dir='ltr'><strong>absque</strong></span> <span class='ocrx_word' id='word_1_226' title='bbox 1549 1673 1590 1696; x_wconf 87' lang='lat' dir='ltr'><strong>eo</strong></span> <span class='ocrx_word' id='word_1_227' title='bbox 1609 1660 1727 1696; x_wconf 84' lang='lat' dir='ltr'><strong>auxi-</strong></span> 
     </span>
     <span class='ocr_line' id='line_1_27' title="bbox 273 1715 1726 1769; baseline -0.001 -15"><span class='ocrx_word' id='word_1_228' title='bbox 273 1717 379 1754; x_wconf 88' lang='lat' dir='ltr'><strong>lium</strong></span> <span class='ocrx_word' id='word_1_229' title='bbox 398 1718 544 1768; x_wconf 81' lang='lat' dir='ltr'><strong>petiit,</strong></span> <span class='ocrx_word' id='word_1_230' title='bbox 575 1716 635 1754; x_wconf 87' lang='lat' dir='ltr'><strong>ad</strong></span> <span class='ocrx_word' id='word_1_231' title='bbox 657 1716 974 1769; x_wconf 78' lang='lat' dir='ltr'><strong>oppugnandam</strong></span> <span class='ocrx_word' id='word_1_232' title='bbox 1005 1719 1205 1769; x_wconf 82' lang='lat' dir='ltr'><strong>regionem</strong></span> <span class='ocrx_word' id='word_1_233' title='bbox 1231 1715 1458 1768; x_wconf 79' lang='lat' dir='ltr'><strong>infidelium</strong></span> <span class='ocrx_word' id='word_1_234' title='bbox 1497 1716 1726 1764; x_wconf 65' lang='lat' dir='ltr'><strong>Dacorum,</strong></span> 
     </span>
     <span class='ocr_line' id='line_1_28' title="bbox 274 1770 1728 1822; baseline -0.001 -12"><span class='ocrx_word' id='word_1_235' title='bbox 274 1772 382 1811; x_wconf 83' lang='lat' dir='ltr'><strong>unde</strong></span> <span class='ocrx_word' id='word_1_236' title='bbox 402 1775 439 1810; x_wconf 81' lang='lat' dir='ltr'><strong>is</strong></span> <span class='ocrx_word' id='word_1_237' title='bbox 457 1787 544 1811; x_wconf 88' lang='lat' dir='ltr'><strong>eum</strong></span> <span class='ocrx_word' id='word_1_238' title='bbox 562 1774 670 1810; x_wconf 85' lang='lat' dir='ltr'><strong>iuvit</strong></span> <span class='ocrx_word' id='word_1_239' title='bbox 689 1787 896 1811; x_wconf 85' lang='lat' dir='ltr'><strong>numeroso</strong></span> <span class='ocrx_word' id='word_1_240' title='bbox 919 1776 1102 1812; x_wconf 79' lang='lat' dir='ltr'><strong>exercitu.</strong></span> <span class='ocrx_word' id='word_1_241' title='bbox 1139 1773 1212 1811; x_wconf 84' lang='lat' dir='ltr'><strong>sed</strong></span> <span class='ocrx_word' id='word_1_242' title='bbox 1225 1774 1379 1810; x_wconf 89' lang='lat' dir='ltr'><strong>occisus</strong></span> <span class='ocrx_word' id='word_1_243' title='bbox 1386 1772 1479 1822; x_wconf 87' lang='lat' dir='ltr'><strong>fuit</strong></span> <span class='ocrx_word' id='word_1_244' title='bbox 1495 1770 1728 1822; x_wconf 74' lang='lat' dir='ltr'><strong>Salglzucus</strong></span> 
     </span>
     <span class='ocr_line' id='line_1_29' title="bbox 272 1828 1729 1881; baseline -0.002 -14"><span class='ocrx_word' id='word_1_245' title='bbox 272 1829 324 1867; x_wconf 87' lang='lat' dir='ltr'><strong>ab</strong></span> <span class='ocrx_word' id='word_1_246' title='bbox 351 1829 508 1881; x_wconf 87' lang='lat' dir='ltr'><strong>infideli</strong></span> <span class='ocrx_word' id='word_1_247' title='bbox 528 1828 706 1881; x_wconf 82' lang='lat' dir='ltr'><strong>quodam</strong></span> <span class='ocrx_word' id='word_1_248' title='bbox 736 1831 779 1867; x_wconf 89' lang='lat' dir='ltr'><strong>in</strong></span> <span class='ocrx_word' id='word_1_249' title='bbox 805 1830 979 1880; x_wconf 84' lang='lat' dir='ltr'><strong>praelio,</strong></span> <span class='ocrx_word' id='word_1_250' title='bbox 1010 1832 1096 1867; x_wconf 89' lang='lat' dir='ltr'><strong>iam</strong></span> <span class='ocrx_word' id='word_1_251' title='bbox 1123 1837 1246 1867; x_wconf 87' lang='lat' dir='ltr'><strong>natus</strong></span> <span class='ocrx_word' id='word_1_252' title='bbox 1276 1842 1404 1866; x_wconf 87' lang='lat' dir='ltr'><strong>annos</strong></span> <span class='ocrx_word' id='word_1_253' title='bbox 1428 1835 1587 1865; x_wconf 87' lang='lat' dir='ltr'><strong>centum</strong></span> <span class='ocrx_word' id='word_1_254' title='bbox 1605 1834 1643 1864; x_wconf 87' lang='lat' dir='ltr'><strong>et</strong></span> <span class='ocrx_word' id='word_1_255' title='bbox 1661 1841 1729 1864; x_wconf 87' lang='lat' dir='ltr'><strong>se-</strong></span> 
     </span>
     <span class='ocr_line' id='line_1_30' title="bbox 265 1885 1726 1937; baseline -0.001 -15"><span class='ocrx_word' id='word_1_256' title='bbox 265 1893 392 1937; x_wconf 78' lang='lat' dir='ltr'><strong>ptem.</strong></span> <span class='ocrx_word' id='word_1_257' title='bbox 425 1886 570 1937; x_wconf 85' lang='lat' dir='ltr'><strong>filium</strong></span> <span class='ocrx_word' id='word_1_258' title='bbox 588 1886 754 1937; x_wconf 83' lang='lat' dir='ltr'><strong>reliquit</strong></span> <span class='ocrx_word' id='word_1_259' title='bbox 775 1886 1033 1935; x_wconf 65' lang='lat' dir='ltr'><strong>Mtehaelem,</strong></span> <span class='ocrx_word' id='word_1_260' title='bbox 1065 1888 1131 1923; x_wconf 88' lang='lat' dir='ltr'><strong>cui</strong></span> <span class='ocrx_word' id='word_1_261' title='bbox 1151 1886 1267 1924; x_wconf 84' lang='lat' dir='ltr'><strong>liberi</strong></span> <span class='ocrx_word' id='word_1_262' title='bbox 1286 1892 1383 1922; x_wconf 87' lang='lat' dir='ltr'><strong>sunt</strong></span> <span class='ocrx_word' id='word_1_263' title='bbox 1401 1886 1491 1922; x_wconf 86' lang='lat' dir='ltr'><strong>nati</strong></span> <span class='ocrx_word' id='word_1_264' title='bbox 1505 1885 1594 1932; x_wconf 85' lang='lat' dir='ltr'><strong>illi,</strong></span> <span class='ocrx_word' id='word_1_265' title='bbox 1623 1897 1726 1935; x_wconf 86' lang='lat' dir='ltr'><strong>quo—</strong></span> 
     </span>
     <span class='ocr_line' id='line_1_31' title="bbox 275 1941 1727 1993; baseline -0.001 -14"><span class='ocrx_word' id='word_1_266' title='bbox 275 1957 369 1979; x_wconf 91' lang='lat' dir='ltr'><strong>rum</strong></span> <span class='ocrx_word' id='word_1_267' title='bbox 386 1944 552 1980; x_wconf 83' lang='lat' dir='ltr'><strong>nomina</strong></span> <span class='ocrx_word' id='word_1_268' title='bbox 569 1956 697 1993; x_wconf 84' lang='lat' dir='ltr'><strong>supra</strong></span> <span class='ocrx_word' id='word_1_269' title='bbox 717 1944 1120 1981; x_wconf 73' lang='lat' dir='ltr'><strong>commemoravimus.</strong></span> <span class='ocrx_word' id='word_1_270' title='bbox 1161 1941 1511 1980; x_wconf 85' lang='lat' dir='ltr'><strong>commorabantur</strong></span> <span class='ocrx_word' id='word_1_271' title='bbox 1529 1947 1665 1978; x_wconf 87' lang='lat' dir='ltr'><strong>autem</strong></span> <span class='ocrx_word' id='word_1_272' title='bbox 1681 1942 1727 1977; x_wconf 76' lang='lat' dir='ltr'><strong>in.</strong></span> 
     </span>
     <span class='ocr_line' id='line_1_32' title="bbox 273 1996 1729 2050; baseline -0.002 -14"><span class='ocrx_word' id='word_1_273' title='bbox 273 1998 611 2046; x_wconf 84' lang='lat' dir='ltr'><strong>Mauranalzara,</strong></span> <span class='ocrx_word' id='word_1_274' title='bbox 641 1996 691 2050; x_wconf 90' lang='lat' dir='ltr'><strong>(i.</strong></span> <span class='ocrx_word' id='word_1_275' title='bbox 710 2000 866 2049; x_wconf 82' lang='lat' dir='ltr'><strong>regione</strong></span> <span class='ocrx_word' id='word_1_276' title='bbox 885 1999 988 2037; x_wconf 81' lang='lat' dir='ltr'><strong>ultra</strong></span> <span class='ocrx_word' id='word_1_277' title='bbox 1005 1998 1198 2050; x_wconf 85' lang='lat' dir='ltr'><strong>fluvium)</strong></span> <span class='ocrx_word' id='word_1_278' title='bbox 1226 2005 1263 2036; x_wconf 87' lang='lat' dir='ltr'><strong>et</strong></span> <span class='ocrx_word' id='word_1_279' title='bbox 1280 1996 1532 2036; x_wconf 77' lang='lat' dir='ltr'><strong>obediverunt</strong></span> <span class='ocrx_word' id='word_1_280' title='bbox 1552 1998 1624 2034; x_wconf 87' lang='lat' dir='ltr'><strong>isti</strong></span> <span class='ocrx_word' id='word_1_281' title='bbox 1641 1997 1729 2034; x_wconf 72' lang='lat' dir='ltr'><strong>Mi·-</strong></span> 
     </span>
     <span class='ocr_line' id='line_1_33' title="bbox 275 2054 1726 2106; baseline -0.001 -15"><span class='ocrx_word' id='word_1_282' title='bbox 275 2054 407 2091; x_wconf 77' lang='lat' dir='ltr'><strong>clzae&#39;li</strong></span> <span class='ocrx_word' id='word_1_283' title='bbox 428 2068 552 2106; x_wconf 83' lang='lat' dir='ltr'><strong>quam</strong></span> <span class='ocrx_word' id='word_1_284' title='bbox 567 2054 743 2106; x_wconf 77' lang='lat' dir='ltr'><strong>plurimi</strong></span> <span class='ocrx_word' id='word_1_285' title='bbox 771 2057 941 2103; x_wconf 80' lang='lat' dir='ltr'><strong>Turcae,</strong></span> <span class='ocrx_word' id='word_1_286' title='bbox 972 2055 1136 2092; x_wconf 87' lang='lat' dir='ltr'><strong>nullum</strong></span> <span class='ocrx_word' id='word_1_287' title='bbox 1161 2057 1436 2106; x_wconf 81' lang='lat' dir='ltr'><strong>imperatorem</strong></span> <span class='ocrx_word' id='word_1_288' title='bbox 1458 2061 1620 2105; x_wconf 84' lang='lat' dir='ltr'><strong>praeter</strong></span> <span class='ocrx_word' id='word_1_289' title='bbox 1637 2065 1726 2090; x_wconf 85' lang='lat' dir='ltr'><strong>eum</strong></span> 
     </span>
     <span class='ocr_line' id='line_1_34' title="bbox 275 2108 1726 2163; baseline -0.001 -16"><span class='ocrx_word' id='word_1_290' title='bbox 275 2118 547 2162; x_wconf 80' lang='lat' dir='ltr'><strong>agnoscentes,</strong></span> <span class='ocrx_word' id='word_1_291' title='bbox 602 2124 769 2162; x_wconf 84' lang='lat' dir='ltr'><strong>cumque</strong></span> <span class='ocrx_word' id='word_1_292' title='bbox 786 2113 1027 2163; x_wconf 79' lang='lat' dir='ltr'><strong>contingeret</strong></span> <span class='ocrx_word' id='word_1_293' title='bbox 1048 2119 1094 2149; x_wconf 88' lang='lat' dir='ltr'><strong>ut</strong></span> <span class='ocrx_word' id='word_1_294' title='bbox 1107 2114 1296 2163; x_wconf 80' lang='lat' dir='ltr'><strong>princeps</strong></span> <span class='ocrx_word' id='word_1_295' title='bbox 1314 2108 1584 2159; x_wconf 79' lang='lat' dir='ltr'><strong>Malimudus,</strong></span> <span class='ocrx_word' id='word_1_296' title='bbox 1601 2109 1726 2160; x_wconf 84' lang='lat' dir='ltr'><strong>silius</strong></span> 
     </span>
     <span class='ocr_line' id='line_1_35' title="bbox 275 2166 1727 2220; baseline -0.003 -15"><span class='ocrx_word' id='word_1_297' title='bbox 275 2166 554 2212; x_wconf 81' lang='lat' dir='ltr'><strong>Sebuctakini,</strong></span> <span class='ocrx_word' id='word_1_298' title='bbox 606 2181 673 2204; x_wconf 79' lang='lat' dir='ltr'><strong>rex</strong></span> <span class='ocrx_word' id='word_1_299' title='bbox 704 2167 847 2205; x_wconf 85' lang='lat' dir='ltr'><strong>Indiae</strong></span> <span class='ocrx_word' id='word_1_300' title='bbox 873 2170 1074 2205; x_wconf 85' lang='lat' dir='ltr'><strong>traiiceret</strong></span> <span class='ocrx_word' id='word_1_301' title='bbox 1088 2169 1272 2220; x_wconf 86' lang='lat' dir='ltr'><strong>fluvium</strong></span> <span class='ocrx_word' id='word_1_302' title='bbox 1302 2166 1575 2212; x_wconf 76' lang='lat' dir='ltr'><strong>Glzailzonem‚</strong></span> <span class='ocrx_word' id='word_1_303' title='bbox 1614 2177 1727 2216; x_wconf 83' lang='lat' dir='ltr'><strong>opem</strong></span> 
     </span>
     <span class='ocr_line' id='line_1_36' title="bbox 275 2220 1729 2276; baseline -0.001 -17"><span class='ocrx_word' id='word_1_304' title='bbox 275 2223 441 2260; x_wconf 86' lang='lat' dir='ltr'><strong>laturus</strong></span> <span class='ocrx_word' id='word_1_305' title='bbox 480 2222 548 2260; x_wconf 86' lang='lat' dir='ltr'><em>W</em></span> <span class='ocrx_word' id='word_1_306' title='bbox 539 2222 766 2261; x_wconf 80' lang='lat' dir='ltr'><strong>ararclzano</strong></span> <span class='ocrx_word' id='word_1_307' title='bbox 804 2226 890 2276; x_wconf 77' lang='lat' dir='ltr'><strong>regi</strong></span> <span class='ocrx_word' id='word_1_308' title='bbox 920 2225 1273 2270; x_wconf 81' lang='lat' dir='ltr'><strong>Mauranalzarae‚</strong></span> <span class='ocrx_word' id='word_1_309' title='bbox 1315 2223 1517 2261; x_wconf 78' lang='lat' dir='ltr'><strong>salutavit</strong></span> <span class='ocrx_word' id='word_1_310' title='bbox 1548 2220 1729 2260; x_wconf 67' lang='lat' dir='ltr'><strong>Miclzael</strong></span> 
     </span>
     <span class='ocr_line' id='line_1_37' title="bbox 274 2277 1725 2330; baseline -0.002 -14"><span class='ocrx_word' id='word_1_311' title='bbox 274 2293 407 2330; x_wconf 83' lang='lat' dir='ltr'><strong>regem</strong></span> <span class='ocrx_word' id='word_1_312' title='bbox 438 2277 706 2316; x_wconf 76' lang='lat' dir='ltr'><strong>Mahmadum</strong></span> <span class='ocrx_word' id='word_1_313' title='bbox 718 2310 730 2328; x_wconf 85' lang='lat'><strong>,</strong></span> <span class='ocrx_word' id='word_1_314' title='bbox 762 2283 835 2330; x_wconf 86' lang='lat' dir='ltr'><strong>qui</strong></span> <span class='ocrx_word' id='word_1_315' title='bbox 859 2282 1035 2318; x_wconf 83' lang='lat' dir='ltr'><strong>miratus</strong></span> <span class='ocrx_word' id='word_1_316' title='bbox 1062 2289 1119 2318; x_wconf 88' lang='lat' dir='ltr'><strong>est</strong></span> <span class='ocrx_word' id='word_1_317' title='bbox 1142 2283 1323 2319; x_wconf 88' lang='lat' dir='ltr'><strong>animum</strong></span> <span class='ocrx_word' id='word_1_318' title='bbox 1346 2282 1430 2317; x_wconf 85' lang='lat' dir='ltr'><strong>eius</strong></span> <span class='ocrx_word' id='word_1_319' title='bbox 1449 2286 1484 2315; x_wconf 91' lang='lat' dir='ltr'><strong>et</strong></span> <span class='ocrx_word' id='word_1_320' title='bbox 1504 2278 1725 2315; x_wconf 85' lang='lat' dir='ltr'><strong>strenuita-</strong></span> 
     </span>
     <span class='ocr_line' id='line_1_38' title="bbox 275 2333 1725 2388; baseline -0.002 -16"><span class='ocrx_word' id='word_1_321' title='bbox 275 2343 375 2384; x_wconf 86' lang='lat' dir='ltr'><strong>tem,</strong></span> <span class='ocrx_word' id='word_1_322' title='bbox 406 2333 591 2386; x_wconf 84' lang='lat' dir='ltr'><strong>quodque</strong></span> <span class='ocrx_word' id='word_1_323' title='bbox 606 2335 785 2384; x_wconf 87' lang='lat' dir='ltr'><strong>familia</strong></span> <span class='ocrx_word' id='word_1_324' title='bbox 815 2338 902 2373; x_wconf 89' lang='lat' dir='ltr'><strong>eius</strong></span> <span class='ocrx_word' id='word_1_325' title='bbox 928 2351 1075 2374; x_wconf 88' lang='lat' dir='ltr'><strong>morem</strong></span> <span class='ocrx_word' id='word_1_326' title='bbox 1102 2339 1137 2374; x_wconf 89' lang='lat' dir='ltr'><strong>ei</strong></span> <span class='ocrx_word' id='word_1_327' title='bbox 1157 2343 1328 2388; x_wconf 81' lang='lat' dir='ltr'><strong>gereret:</strong></span> <span class='ocrx_word' id='word_1_328' title='bbox 1360 2343 1395 2373; x_wconf 90' lang='lat' dir='ltr'><strong>et</strong></span> <span class='ocrx_word' id='word_1_329' title='bbox 1416 2335 1466 2372; x_wconf 85' lang='lat' dir='ltr'><strong>ab</strong></span> <span class='ocrx_word' id='word_1_330' title='bbox 1487 2348 1528 2372; x_wconf 92' lang='lat' dir='ltr'><strong>eo</strong></span> <span class='ocrx_word' id='word_1_331' title='bbox 1541 2334 1661 2385; x_wconf 85' lang='lat' dir='ltr'><strong>petiit</strong></span> <span class='ocrx_word' id='word_1_332' title='bbox 1680 2339 1725 2370; x_wconf 89' lang='lat' dir='ltr'><strong>ut</strong></span> 
     </span>
     <span class='ocr_line' id='line_1_39' title="bbox 275 2388 1727 2442; baseline -0.002 -14"><span class='ocrx_word' id='word_1_333' title='bbox 275 2390 391 2442; x_wconf 81' lang='lat' dir='ltr'><strong>apud</strong></span> <span class='ocrx_word' id='word_1_334' title='bbox 405 2406 445 2428; x_wconf 86' lang='lat' dir='ltr'><strong>se</strong></span> <span class='ocrx_word' id='word_1_335' title='bbox 464 2398 663 2439; x_wconf 86' lang='lat' dir='ltr'><strong>maneret,</strong></span> <span class='ocrx_word' id='word_1_336' title='bbox 685 2393 780 2440; x_wconf 84' lang='lat' dir='ltr'><strong>fore</strong></span> <span class='ocrx_word' id='word_1_337' title='bbox 800 2399 846 2430; x_wconf 86' lang='lat' dir='ltr'><strong>ut</strong></span> <span class='ocrx_word' id='word_1_338' title='bbox 868 2406 957 2430; x_wconf 91' lang='lat' dir='ltr'><strong>cum</strong></span> <span class='ocrx_word' id='word_1_339' title='bbox 984 2400 1257 2441; x_wconf 83' lang='lat' dir='ltr'><strong>reverteretur,</strong></span> <span class='ocrx_word' id='word_1_340' title='bbox 1289 2393 1543 2430; x_wconf 82' lang='lat' dir='ltr'><strong>committeret</strong></span> <span class='ocrx_word' id='word_1_341' title='bbox 1563 2391 1599 2426; x_wconf 90' lang='lat' dir='ltr'><strong>ei</strong></span> <span class='ocrx_word' id='word_1_342' title='bbox 1620 2388 1727 2427; x_wconf 79' lang='lat' dir='ltr'><strong>Clio-</strong></span> 
     </span>
     <span class='ocr_line' id='line_1_40' title="bbox 275 2443 1725 2497; baseline -0.001 -13"><span class='ocrx_word' id='word_1_343' title='bbox 275 2461 465 2485; x_wconf 86' lang='lat' dir='ltr'><strong>rosanam</strong></span> <span class='ocrx_word' id='word_1_344' title='bbox 493 2446 782 2497; x_wconf 82' lang='lat' dir='ltr'><strong>defendendam</strong></span> <span class='ocrx_word' id='word_1_345' title='bbox 812 2456 953 2486; x_wconf 90' lang='lat' dir='ltr'><strong>contra</strong></span> <span class='ocrx_word' id='word_1_346' title='bbox 971 2449 1115 2487; x_wconf 89' lang='lat' dir='ltr'><strong>lzostes.</strong></span> <span class='ocrx_word' id='word_1_347' title='bbox 1171 2457 1215 2487; x_wconf 84' lang='lat' dir='ltr'><strong>at</strong></span> <span class='ocrx_word' id='word_1_348' title='bbox 1231 2451 1268 2486; x_wconf 90' lang='lat' dir='ltr'><strong>is</strong></span> <span class='ocrx_word' id='word_1_349' title='bbox 1288 2448 1335 2486; x_wconf 85' lang='lat' dir='ltr'><strong>id</strong></span> <span class='ocrx_word' id='word_1_350' title='bbox 1349 2447 1560 2486; x_wconf 84' lang='lat' dir='ltr'><strong>recusavit.</strong></span> <span class='ocrx_word' id='word_1_351' title='bbox 1619 2443 1725 2483; x_wconf 88' lang='lat' dir='ltr'><strong>unde</strong></span> 
     </span>
     <span class='ocr_line' id='line_1_41' title="bbox 276 2500 1724 2554; baseline -0.001 -14"><span class='ocrx_word' id='word_1_352' title='bbox 276 2505 412 2540; x_wconf 89' lang='lat' dir='ltr'><strong>iratus</strong></span> <span class='ocrx_word' id='word_1_353' title='bbox 427 2502 679 2541; x_wconf 83' lang='lat' dir='ltr'><strong>Malzmudus</strong></span> <span class='ocrx_word' id='word_1_354' title='bbox 697 2506 740 2542; x_wconf 87' lang='lat' dir='ltr'><strong>in</strong></span> <span class='ocrx_word' id='word_1_355' title='bbox 762 2506 933 2543; x_wconf 81' lang='lat' dir='ltr'><strong>vincula</strong></span> <span class='ocrx_word' id='word_1_356' title='bbox 950 2520 1040 2543; x_wconf 90' lang='lat' dir='ltr'><strong>eum</strong></span> <span class='ocrx_word' id='word_1_357' title='bbox 1068 2507 1257 2554; x_wconf 82' lang='lat' dir='ltr'><strong>coniecit,</strong></span> <span class='ocrx_word' id='word_1_358' title='bbox 1286 2512 1322 2542; x_wconf 91' lang='lat' dir='ltr'><strong>et</strong></span> <span class='ocrx_word' id='word_1_359' title='bbox 1350 2503 1504 2542; x_wconf 80' lang='lat' dir='ltr'><strong>rediens</strong></span> <span class='ocrx_word' id='word_1_360' title='bbox 1521 2503 1564 2538; x_wconf 86' lang='lat' dir='ltr'><strong>in</strong></span> <span class='ocrx_word' id='word_1_361' title='bbox 1583 2503 1637 2539; x_wconf 85' lang='lat' dir='ltr'><strong>iis</strong></span> <span class='ocrx_word' id='word_1_362' title='bbox 1658 2500 1724 2538; x_wconf 83' lang='lat' dir='ltr'><strong>de-</strong></span> 
     </span>
     <span class='ocr_line' id='line_1_42' title="bbox 275 2558 1724 2609; baseline -0.001 -14"><span class='ocrx_word' id='word_1_363' title='bbox 275 2561 413 2597; x_wconf 87' lang='lat' dir='ltr'><strong>tinuit.</strong></span> <span class='ocrx_word' id='word_1_364' title='bbox 470 2559 575 2597; x_wconf 87' lang='lat' dir='ltr'><strong>unde</strong></span> <span class='ocrx_word' id='word_1_365' title='bbox 600 2562 727 2597; x_wconf 92' lang='lat' dir='ltr'><strong>secuti</strong></span> <span class='ocrx_word' id='word_1_366' title='bbox 741 2575 831 2598; x_wconf 91' lang='lat' dir='ltr'><strong>eum</strong></span> <span class='ocrx_word' id='word_1_367' title='bbox 846 2569 944 2599; x_wconf 85' lang='lat' dir='ltr'><strong>sunt</strong></span> <span class='ocrx_word' id='word_1_368' title='bbox 962 2563 1108 2599; x_wconf 87' lang='lat' dir='ltr'><strong>milites</strong></span> <span class='ocrx_word' id='word_1_369' title='bbox 1123 2562 1338 2599; x_wconf 61' lang='lat' dir='ltr'><strong>Michaelis</strong></span> <span class='ocrx_word' id='word_1_370' title='bbox 1346 2568 1362 2609; x_wconf 65' lang='lat'><strong>,‘</strong></span> <span class='ocrx_word' id='word_1_371' title='bbox 1385 2566 1421 2597; x_wconf 87' lang='lat' dir='ltr'><strong>et</strong></span> <span class='ocrx_word' id='word_1_372' title='bbox 1428 2558 1606 2608; x_wconf 86' lang='lat' dir='ltr'><strong>familia</strong></span> <span class='ocrx_word' id='word_1_373' title='bbox 1624 2560 1724 2606; x_wconf 88' lang='lat' dir='ltr'><strong>eius,</strong></span> 
     </span>
     <span class='ocr_line' id='line_1_43' title="bbox 274 2614 1725 2669; baseline -0.001 -18"><span class='ocrx_word' id='word_1_374' title='bbox 274 2614 616 2667; x_wconf 84' lang='lat' dir='ltr'><strong>substiteruntque</strong></span> <span class='ocrx_word' id='word_1_375' title='bbox 637 2618 681 2653; x_wconf 87' lang='lat' dir='ltr'><strong>in</strong></span> <span class='ocrx_word' id='word_1_376' title='bbox 693 2618 868 2667; x_wconf 73' lang='lat' dir='ltr'><strong>planitie</strong></span> <span class='ocrx_word' id='word_1_377' title='bbox 898 2618 1162 2656; x_wconf 78' lang='lat' dir='ltr'><strong>Clzorosanae.</strong></span> <span class='ocrx_word' id='word_1_378' title='bbox 1211 2625 1351 2669; x_wconf 83' lang='lat' dir='ltr'><strong>postea</strong></span> <span class='ocrx_word' id='word_1_379' title='bbox 1369 2617 1456 2653; x_wconf 86' lang='lat' dir='ltr'><strong>vita</strong></span> <span class='ocrx_word' id='word_1_380' title='bbox 1477 2615 1639 2651; x_wconf 86' lang='lat' dir='ltr'><strong>excessit</strong></span> <span class='ocrx_word' id='word_1_381' title='bbox 1657 2627 1725 2651; x_wconf 81' lang='lat' dir='ltr'><strong>rex</strong></span> 
     </span>
     <span class='ocr_line' id='line_1_44' title="bbox 275 2669 1725 2726; baseline -0.001 -19"><span class='ocrx_word' id='word_1_382' title='bbox 275 2669 548 2720; x_wconf 83' lang='lat' dir='ltr'><strong>Malzmudus,</strong></span> <span class='ocrx_word' id='word_1_383' title='bbox 585 2675 828 2721; x_wconf 83' lang='lat' dir='ltr'><strong>poenitentia</strong></span> <span class='ocrx_word' id='word_1_384' title='bbox 851 2673 1020 2724; x_wconf 83' lang='lat' dir='ltr'><strong>ductus,</strong></span> <span class='ocrx_word' id='word_1_385' title='bbox 1051 2673 1161 2726; x_wconf 83' lang='lat' dir='ltr'><strong>quod</strong></span> <span class='ocrx_word' id='word_1_386' title='bbox 1190 2674 1367 2719; x_wconf 88' lang='lat' dir='ltr'><strong>Turcas,</strong></span> <span class='ocrx_word' id='word_1_387' title='bbox 1397 2672 1545 2708; x_wconf 86' lang='lat' dir='ltr'><strong>milites</strong></span> <span class='ocrx_word' id='word_1_388' title='bbox 1573 2672 1725 2710; x_wconf 84' lang='lat' dir='ltr'><strong>scilicet</strong></span> 
     </span>
     <span class='ocr_line' id='line_1_45' title="bbox 277 2727 1741 2782; baseline -0.001 -18"><span class='ocrx_word' id='word_1_389' title='bbox 277 2727 356 2764; x_wconf 71' lang='lat' dir='ltr'><strong>filii</strong></span> <span class='ocrx_word' id='word_1_390' title='bbox 397 2727 617 2778; x_wconf 76' lang='lat' dir='ltr'><strong>Salgliuci‚</strong></span> <span class='ocrx_word' id='word_1_391' title='bbox 660 2730 702 2766; x_wconf 86' lang='lat' dir='ltr'><strong>in</strong></span> <span class='ocrx_word' id='word_1_392' title='bbox 745 2732 903 2781; x_wconf 83' lang='lat' dir='ltr'><strong>regione</strong></span> <span class='ocrx_word' id='word_1_393' title='bbox 931 2745 1008 2768; x_wconf 90' lang='lat' dir='ltr'><strong>sua</strong></span> <span class='ocrx_word' id='word_1_394' title='bbox 1038 2731 1282 2782; x_wconf 79' lang='lat' dir='ltr'><strong>reliquisset,</strong></span> <span class='ocrx_word' id='word_1_395' title='bbox 1321 2735 1493 2765; x_wconf 86' lang='lat' dir='ltr'><strong>metuens</strong></span> <span class='ocrx_word' id='word_1_396' title='bbox 1519 2741 1567 2765; x_wconf 88' lang='lat' dir='ltr'><strong>ne</strong></span> <span class='ocrx_word' id='word_1_397' title='bbox 1589 2727 1741 2775; x_wconf 20' lang='lat' dir='ltr'><strong>locum*</strong></span> 
     </span>
     <span class='ocr_line' id='line_1_46' title="bbox 276 2783 1724 2837; baseline 0 -18"><span class='ocrx_word' id='word_1_398' title='bbox 276 2797 396 2820; x_wconf 86' lang='lat' dir='ltr'><strong>suum</strong></span> <span class='ocrx_word' id='word_1_399' title='bbox 414 2791 662 2834; x_wconf 84' lang='lat' dir='ltr'><strong>occuparent.</strong></span> <span class='ocrx_word' id='word_1_400' title='bbox 719 2793 876 2823; x_wconf 85' lang='lat' dir='ltr'><strong>mortuo</strong></span> <span class='ocrx_word' id='word_1_401' title='bbox 899 2794 1032 2824; x_wconf 87' lang='lat' dir='ltr'><strong>autem</strong></span> <span class='ocrx_word' id='word_1_402' title='bbox 1047 2801 1135 2837; x_wconf 79' lang='lat' dir='ltr'><strong>rege</strong></span> <span class='ocrx_word' id='word_1_403' title='bbox 1153 2783 1394 2831; x_wconf 79' lang='lat' dir='ltr'><strong>Malzmudo,</strong></span> <span class='ocrx_word' id='word_1_404' title='bbox 1413 2784 1509 2835; x_wconf 92' lang='lat' dir='ltr'><strong>filio</strong></span> <span class='ocrx_word' id='word_1_405' title='bbox 1531 2783 1724 2821; x_wconf 79' lang='lat' dir='ltr'><strong>Sebucta-</strong></span> 
     </span>
     <span class='ocr_line' id='line_1_47' title="bbox 276 2837 1724 2893; baseline 0.001 -17"><span class='ocrx_word' id='word_1_406' title='bbox 276 2840 373 2890; x_wconf 72' lang='lat' dir='ltr'><strong>hini,</strong></span> <span class='ocrx_word' id='word_1_407' title='bbox 403 2853 568 2892; x_wconf 79' lang='lat' dir='ltr'><strong>regnum</strong></span> <span class='ocrx_word' id='word_1_408' title='bbox 588 2842 741 2893; x_wconf 83' lang='lat' dir='ltr'><strong>accepit</strong></span> <span class='ocrx_word' id='word_1_409' title='bbox 753 2842 869 2891; x_wconf 77' lang='lat' dir='ltr'><strong>filius</strong></span> <span class='ocrx_word' id='word_1_410' title='bbox 890 2844 977 2880; x_wconf 84' lang='lat' dir='ltr'><strong>eius</strong></span> <span class='ocrx_word' id='word_1_411' title='bbox 991 2841 1196 2882; x_wconf 73' lang='lat' dir='ltr'><strong>Masada-s</strong></span> <span class='ocrx_word' id='word_1_412' title='bbox 1213 2839 1453 2880; x_wconf 83' lang='lat' dir='ltr'><strong>Abusaidus</strong></span> <span class='ocrx_word' id='word_1_413' title='bbox 1465 2840 1586 2890; x_wconf 75' lang='lat' dir='ltr'><strong>filius</strong></span> <span class='ocrx_word' id='word_1_414' title='bbox 1601 2837 1724 2878; x_wconf 54' lang='lat' dir='ltr'><strong>Mali-z</strong></span> 
     </span>
    </p>
   </div>
  </div>
 </body>
</html>
