1878 3262
284 211 368 244 vlu
893 197 940 240 G.
973 195 1151 241 TOLLI

289 312 438 354 decora
463 310 788 369 praeferentibus
818 310 1003 368 patronis
1023 311 1151 352 cultor
1168 326 1252 353 non
1273 325 1439 369 parcus,
1475 324 1551 352 nec
1579 318 1760 352 temera-

287 383 398 433 rius,
434 382 608 421 litarem.
677 379 776 435 quid
806 381 917 420 enim
948 394 1041 421 esse
1073 381 1336 433 magnificum
1365 382 1410 421 in
1439 381 1590 421 iuvene
1621 387 1759 437 potest

288 452 363 492 vix
392 450 569 506 primam
602 456 780 489 aetatem
802 449 989 490 ferente?
1025 462 1129 504 quae
1151 450 1344 490 ubertas?
1381 447 1491 504 quod
1513 449 1757 500 ingenium?

289 532 393 575 quae
416 517 673 572 eloquentiae
696 518 793 558 vis?
837 531 941 574 quae
970 516 1147 573 denique
1174 516 1396 558 inducendi
1426 517 1608 557 muneris
1630 517 1761 569 gratia

289 587 542 641 comitasque
567 586 795 627 orationis?
864 586 967 626 haec
997 585 1096 626 dum
1131 600 1198 627 me
1228 600 1321 626 cura
1351 594 1391 626 et
1421 584 1652 626 sollicitudo
1681 586 1762 625 cir-

289 662 484 705 cumstat,
527 662 765 707 magnates,
827 652 926 694 dum
955 655 1178 695 carceribus
1215 655 1333 710 quasi
1363 653 1533 711 pudoris
1566 654 1759 705 inclusus,

288 723 549 765 occasionem
580 724 751 775 anhelo,
801 721 855 763 ad
895 736 1019 778 quam
1055 724 1170 764 velut
1210 721 1306 763 dato
1345 724 1463 775 signo
1501 730 1542 762 et
1573 723 1759 764 libertate

285 792 544 849 prosilirem3
579 799 882 848 peropportune
903 792 946 832 in
971 804 1118 832 manus
1140 799 1303 832 nostras
1321 792 1436 832 venit
1456 791 1635 832 Ioannes
1660 789 1761 832 Cin-

286 874 454 911 namuS‚
497 867 638 902 vetere
660 874 760 900 sane
785 859 958 902 Graecia
984 859 1251 912 dignissimus
1278 860 1429 910 homo,
1477 874 1600 915 quem
1632 860 1760 899 latina

285 943 394 971 nunc
426 928 552 969 etiam
578 936 674 980 toga
701 927 917 980 indutum,
963 943 1119 984 proque
1148 929 1305 981 ingenii
1339 928 1424 968 mei
1453 927 1624 969 modulo
1649 928 1759 969 notis

287 997 545 1048 illustratum,
582 998 695 1039 velut
714 998 902 1038 omnium
924 997 1166 1048 officiorum,
1199 1010 1315 1052 quae,
1352 998 1389 1038 si
1406 1009 1587 1053 possem,
1626 997 1761 1038 liben-

287 1066 450 1106 tissime
483 1067 764 1118 exsolverem,
795 1066 1148 1123 promtissimique
1174 1066 1304 1106 animi
1332 1066 1481 1122 pignus
1509 1073 1550 1105 et
1577 1066 1763 1117 signato-

286 1149 396 1185 rem,
430 1133 705 1186 magnitudini
722 1143 886 1176 vestrae
906 1133 1222 1191 nuncupandum
1244 1134 1397 1175 censui.
1443 1135 1592 1175 v'ereor
1609 1141 1760 1185 autem,

287 1202 538 1244 inclitissimi
557 1217 765 1260 proceres,
801 1218 854 1244 ne
880 1204 1015 1244 alieno
1035 1217 1142 1243 nunc
1164 1211 1350 1259 tempore
1374 1201 1664 1243 incommodus
1684 1203 1761 1242 ob·-

288 1285 452 1322 verser;
488 1286 569 1327 quo
593 1272 715 1313 trucis
738 1273 892 1313 scilicet
915 1280 958 1313 et
977 1286 1080 1313 mox
1100 1273 1331 1313 saeviturae
1351 1271 1607 1327 tempestatis
1631 1271 1761 1311 nubes

291 1340 517 1392 consurgit,
555 1340 786 1395 bellumque
818 1349 859 1382 et
881 1354 995 1381 arma
1025 1341 1147 1382 nobis
1173 1355 1259 1381 non
1289 1340 1378 1380 sine
1403 1348 1519 1380 motu
1543 1353 1695 1391 magno
1714 1353 1762 1379 ac

288 1408 469 1464 pernicie
500 1409 662 1461 generis
697 1409 871 1450 humani·
902 1408 1143 1461 decernunt,
1192 1410 1338 1465 quibus
1372 1409 1477 1449 nihil
1507 1409 1638 1449 sancti
1669 1421 1762 1448 esse

288 1484 475 1533 oportet,
509 1492 594 1518 non
615 1476 765 1528 fldem,
801 1493 885 1519 non
904 1479 1122 1534 pietatem,
1158 1493 1241 1518 non
1258 1478 1523 1530 religionem:
1559 1477 1629 1532 qui
1650 1478 1762 1517 nullo

291 1544 361 1585 dei
401 1545 667 1598 immortalis,
726 1548 836 1588 nullo
878 1546 1065 1587 eiusdem
1105 1547 1321 1586 nobiscum
1366 1545 1465 1595 fidei
1503 1545 1762 1598 sacramenti,

289 1614 401 1654 nullo
422 1614 746 1655 arctissimorum
767 1614 984 1656 foederum
1005 1615 1147 1655 habito
1170 1622 1376 1671 respectu,
1397 1615 1518 1655 nobis
1535 1622 1630 1655 ante
1655 1614 1762 1655 alios

289 1683 426 1735 legem
453 1681 644 1724 odiorum
665 1682 847 1725 dicentes
862 1716 872 1735 ,
909 1685 1072 1724 animae
1091 1683 1257 1739 imperii
1278 1683 1407 1724 nostri
1431 1685 1552 1724 funus
1577 1697 1623 1722 ac
1644 1690 1763 1723 tene-

290 1751 386 1792 bras
422 1751 684 1792 minitantur:
738 1753 809 1808 qui
845 1753 950 1793 nihil
987 1751 1273 1803 concedendo,
1326 1752 1431 1792 nihil
1461 1759 1523 1792 tot
1550 1752 1762 1806 obsequiis

291 1819 490 1872 mitigati,
535 1820 718 1861 acerbius
750 1835 795 1862 se
826 1829 867 1863 et
893 1821 1190 1862 intolerabilius
1227 1821 1271 1860 in
1307 1819 1396 1861 dies
1431 1827 1597 1873 gerunt:
1658 1833 1762 1875 quos

291 1886 404 1945 apud
427 1888 531 1928 nihil
547 1889 744 1945 patientia
764 1890 1009 1946 profecistis,
1043 1890 1126 1930 nisi
1146 1897 1191 1929 ut
1206 1890 1407 1941 graviora,
1443 1896 1485 1929 et
1504 1901 1608 1944 quae
1628 1887 1762 1929 Marte

292 1957 387 2008 cogi
407 1971 491 1997 non
512 1959 704 2013 possetis,
739 1966 933 2014 tanquam
956 1973 1010 1999 ex
1027 1959 1138 1998 sacili
1161 1959 1427 1998 tolerantibus
1448 1957 1762 2014 imperaverint:

294 2025 440 2080 quibus
460 2023 636 2080 denique
654 2027 851 2068 intestino
869 2042 943 2068 suo
965 2027 1070 2068 bello
1091 2027 1309 2083 occupatis,
1323 2041 1401 2067 nos
1415 2039 1603 2067 summae
1616 2023 1763 2066 foede-

244 2146 246 2148 Υ
293 2106 386 2133 rum
408 2093 619 2145 religionis
639 2109 846 2137 memores
870 2096 1124 2151 quievimus,
1167 2096 1228 2135 uti
1258 2094 1456 2137 adversus
1488 2108 1641 2135 vacuos
1675 2085 1763 2134 i'am

295 2169 337 2202 et
371 2162 474 2202 novi
507 2162 643 2218 operis
661 2165 879 2204 materiam
897 2172 1160 2219 quaerentes,
1196 2164 1331 2204 maius
1354 2163 1565 2216 negotium
1587 2162 1764 2203 habere·-

294 2243 404 2272 mus.
432 2244 518 2270 non
540 2228 610 2270 diu
633 2231 771 2286 itaque
792 2230 1102 2274 deliberandum
1123 2234 1202 2273 hoc
1224 2240 1410 2288 tempore
1432 2232 1530 2282 suit,
1567 2244 1620 2270 an
1640 2231 1762 2282 iusta,

295 2311 349 2338 an
369 2298 602 2339 necessaria
624 2313 738 2341 arma
757 2299 1003 2341 indueretis:
1037 2308 1082 2340 ut
1106 2299 1428 2341 deliberaveritis
1449 2307 1610 2350 tamen,
1641 2300 1764 2340 iusti-

294 2367 379 2407 tiae
411 2374 452 2407 et
473 2367 696 2423 patientiae
715 2376 878 2410 vestrae
903 2368 981 2409 fuit
994 2401 1005 2420 ,
1040 2369 1255 2424 hostisque
1278 2376 1319 2409 et
1340 2370 1503 2408 fortuna
1524 2367 1667 2424 populi
1686 2381 1763 2409 ve-

234 2430 235 2433 *
297 2435 371 2475 stri
392 2449 604 2478 monuere.
674 2438 791 2478 testis
817 2438 894 2478 erit
921 2438 1138 2478 universus
1160 2451 1258 2490 ergo
1277 2445 1475 2477 terrarum
1498 2436 1608 2476 orbis
1622 2467 1633 2487 ,
1669 2449 1761 2487 VOS,

295 2511 359 2544 tot
383 2505 559 2560 acceptis
579 2505 763 2557 iniuriis,
798 2520 898 2562 quas
921 2520 1052 2561 aequo
1075 2506 1215 2546 animo
1233 2505 1408 2555 tulistist,
1451 2505 1604 2545 totiens
1627 2512 1764 2544 tenta-

295 2572 350 2612 tis
373 2573 641 2627 nequicquam
663 2575 776 2631 pacis
799 2573 1123 2624 conditionibus;
1167 2588 1252 2614 non
1279 2588 1353 2630 pro
1387 2572 1554 2624 decore,
1591 2571 1665 2612 sed
1686 2586 1762 2629 pro

297 2641 450 2690 salute3
485 2655 571 2681 non
592 2657 666 2698 pro
687 2656 798 2684 vano
819 2643 989 2685 honoris
1010 2650 1078 2683 aut
1101 2641 1276 2682 dominii
1299 2643 1428 2692 titulo,
1465 2640 1539 2681 sed
1562 2641 1761 2691 libertate,

296 2707 371 2749 sed
402 2710 578 2749 fortunis-
603 2712 774 2763 vestris,
819 2725 968 2769 purum
998 2712 1192 2767 piumque
1221 2711 1372 2750 bellum
1403 2710 1622 2766 suscipere.
1691 2709 1764 2749 ubi

294 2790 401 2816 nunc
433 2777 556 2828 igitur
587 2778 763 2820 invictus
784 2780 853 2821 ille
874 2781 1069 2820 hactenus
1092 2778 1310 2831 Belgarum
1331 2778 1490 2819 animus
1505 2778 1525 2818 ’ἔ
1561 2778 1632 2818 ubi
1654 2777 1764 2818 inte-

294 2858 366 2898 gra
396 2845 467 2889 illa
499 2853 540 2889 et
569 2845 796 2890 immobilis
823 2849 952 2893 virtus
963 2849 985 2888 ‘l
1028 2848 1097 2891 ubi
1127 2860 1262 2900 arma,
1310 2847 1458 2903 quibus
1489 2853 1552 2887 tot
1579 2846 1765 2887 hostium
