1878 3262
612 252 1003 299 HISTORIARUM
1035 256 1083 299 L.
1108 256 1168 299 V.
1183 289 1187 293 .
1519 258 1615 304 213

171 363 194 407 ὅ
225 362 270 405 δὲ
299 359 521 420 δύστροπός
542 382 604 416 τις
630 367 696 408 καὶ
726 364 1032 424 ἲσχυρογνώμων
1053 367 1233 425 ἐφαίνετο
1255 367 1318 411 ἐπὶ
1347 370 1614 429 μακροτέραις

170 449 212 489 τε
225 437 316 493 ’ταῖς
332 433 483 475 ἐλπίσιν
501 434 639 488 ὠχεῖτο
657 437 723 477 καὶ
745 438 800 485 εἷς
819 435 890 489 τὴν
910 436 1099 478 ἐπιοῦσαν
1122 437 1194 491 τὴν
1215 436 1350 495 ἄφιξιν
1369 436 1608 493 ὖπισχνεῒτο.
1629 451 1664 487 v
1686 454 1732 490 97

168 498 191 542 ὃ
211 500 292 563 Δ,ἰέιέν
318 495 388 542 οὖν
419 503 610 555 βασιλεὺς
644 503 711 545 διὰ
737 507 886 554 ταῦτα,
928 503 1062 558 ἐπειδὴ
1094 505 1194 560 πρὸς
1219 510 1271 562 τῇ
1288 509 1434 564 Ναϊσῷ
1452 508 1614 562 ἐγένετο,

167 567 270 610 ἔνθα
292 575 381 611 ταῖν
400 567 508 612 ὅδόΐν
524 570 771 628 ἀμφοτέραιν
788 569 813 625 ἦ
833 571 905 624 μὲν
924 571 986 612 ἐπὶ
1006 571 1078 626 τὴν
1100 574 1298 629 Σερβικὴν
1322 574 1428 630 ἄγει,
1456 576 1616 632 θατέρα

135 637 213 679 ὅδὲ
233 637 295 678 ἐπὶ
309 637 378 679 τὸν
388 636 544 696 Ἴστρον
563 641 630 681 καὶ
648 643 721 695 γῆν
733 638 804 693 τὴν
820 637 1065 694 Παιονικήν,
1100 640 1141 680 ἐν
1157 644 1379 699 μεταιχμίῳ
1396 643 1468 698 τὴν
1487 661 1614 700 στρα-

164 706 370 748 τοπεδείαν
388 705 574 761 ἐπήξατο,
609 707 715 749 Λεσὲ
733 707 776 749 δὲ
793 707 862 749 τὸν
880 705 1188 764 ἐπικρεμάμενον
1205 707 1282 763 ἤδη
1301 712 1479 752 κίνδυνον
1499 712 1610 770 αὐτῷ
1632 723 1662 758 P
1682 723 1752 760 '124

165 773 337 818 συνιδὼν
358 774 403 816 τὸ
427 776 514 832 περὶ
535 775 656 817 αὐτὸν
682 775 897 829 ἀναλαβὼν
912 774 1141 832 στράτευμα
1162 776 1202 826 ἐς
1218 776 1263 818 τὸ
1282 774 1489 830 Ῥωμαίων
1512 779 1610 836 ἄφι-

165 849 312 884 κνεῖται
331 841 613 899 στρατόπεδον.
679 843 869 898 βασιλεὺς
900 844 942 886 δὲ
964 844 1136 898 εῧμενίῦς
1162 861 1204 886 τε
1229 843 1339 901 αὐτῷ’
1357 848 1612 903 προσηνέχθη

164 912 230 951 καὶ
254 910 306 952 τὰ
331 909 464 953 εἶκότα
491 913 708 966 τετίμηκεν.
775 911 867 954 ἀλλ’
892 911 1014 954 ἴοικεν
1044 910 1267 954 ἀκολάστου
1288 911 1471 968 γλώσσης
1487 916 1614 968 μηδὲν

110 983 154 1018 10
165 978 320 1032 αἶ’σχιον
343 977 441 1021 εἶναι
460 978 596 1022 κακόν.
662 979 768 1022 Δεσέ
783 978 883 1036 γάρ,
917 980 1050 1034 ἐπειδὴ
1072 981 1196 1035 μηδὲν
1221 981 1264 1031 ἐξ
1292 981 1485 1034 ἀβουλίας
1503 982 1614 1040 αὐτῷ·

162 1051 236 1101 τῆς
245 1047 443 1104 προτέρας
469 1049 701 1102 ξυνενεχθὲν
727 1047 824 1103 ἴγνω
845 1046 992 1100 κακόν,
1028 1047 1175 1105 ἐπῆρτό
1195 1065 1236 1091 τε
1255 1049 1327 1103 τὴν
1346 1048 1525 1091 διάνοιαν
1542 1052 1612 1092 καὶ

163 1116 284 1168 μείζω
313 1114 596 1172 κακουργήσειν
620 1114 648 1170 ἢ
679 1114 872 1172 πρότερον
898 1118 938 1167 ἐς
956 1115 1179 1170 Ῥωμαίους
1214 1118 1423 1159 διενοεῖτο·
1461 1116 1537 1171 εἶχε
1567 1119 1611 1160 δὲ

163 1181 273 1236 ὅμως
298 1183 339 1224 ἐν
367 1182 582 1242 ἀπορρήτῳ
609 1184 655 1226 τὸ
689 1184 861 1238 σκέμμα.
939 1183 1045 1226 οὕτω
1078 1187 1388 1242 φιλανθρωπίας
1418 1182 1612 1236 ὑπόθεσις

161 1256 245 1300 τοῖς
268 1255 348 1292 τῶν
377 1250 604 1308 ἀνθρώπων
627 1251 913 1309 πονηροτάτοις
943 1251 1020 1307 ῧλη
1058 1251 1246 1307 μειζόνων
1276 1251 1532 1307 ἀδικημάτων
1557 1251 1612 1304 ὥς

108 1324 152 1360 15
164 1318 214 1360 τὰ
232 1319 362 1360 πολλὰ
377 1321 559 1375 γίνεσθαι
581 1320 735 1362 εἶ’ωθεν.
801 1315 898 1374 ἧκον
919 1321 992 1374 μὲν
1009 1320 1086 1377 γὰρ
1108 1321 1226 1378 ὀλίγῳ
1240 1319 1406 1377 ὕστερον
1428 1322 1612 1377 πρέσβεις

161 1388 202 1437 ἐς
218 1388 389 1441 βασιλέα
406 1388 517 1444 παρὰ
543 1392 616 1430 τοῦΙ
632 1386 823 1430 Παιόνων
846 1387 1012 1438 ἴθνους·
1059 1387 1080 1430 ὃ
1102 1389 1144 1430 δὲ
1163 1387 1267 1430 κατά
1286 1406 1374 1430 τινα
1393 1387 1517 1443 τύχην
1534 1390 1609 1431 αὖ·
1630 1398 1661 1433 B

160 1462 245 1504 τοῖς
261 1454 561 1509 συναντώμενος
586 1455 662 1511 ὅπη
681 1473 723 1499 τε
743 1456 794 1498 τὰ
811 1457 904 1498 κατ’
928 1456 1050 1499 αὐτὸν
1068 1455 1150 1511 ἴχοι
1170 1457 1270 1514 πρὸς
1293 1457 1425 1499 αὐτῶν
1448 1457 1611 1513 ἠρωτη-

160 1524 279 1577 μένος
290 1555 304 1575 ,
340 1522 472 1580 ὥσπερ
492 1523 588 1574 ἔθος
607 1526 736 1576 ἐστίν,
771 1523 1122 1581 ἀπαρακαλύπτως
1151 1523 1297 1581 ἔφησεν
1318 1523 1372 1574 ὡς
1392 1529 1525 1575 καλῶς
1542 1527 1610 1567 καὶ
1633 1550 1639 1557 -

160 1595 233 1646 τῆς
255 1591 356 1648 πρὸς
378 1591 499 1634 αὐτὸν
517 1594 686 1643 ἐπαξίως
702 1596 775 1634 τοῦ
794 1597 910 1649 σφῶν
931 1592 1049 1649 ῥηγὸς
1077 1593 1301 1646 εὐμενείας,
1334 1590 1471 1649 κύριον
1488 1593 1609 1634 αὐτὸν

105 1661 371 1717 ΞΟδιαφανῶς
397 1659 613 1714 ὀνομάσας.
680 1665 808 1703 ταῦτα
839 1659 1069 1715 πυθόμενος
1094 1661 1285 1714 βασιλεὺς
1304 1660 1431 1702 οὐκέτι
1451 1662 1607 1714 μέλλειν

162 1728 284 1783 ἔγνω,
318 1730 386 1770 καὶ
417 1730 548 1770 τοίνυν
578 1730 641 1770 ἐπὶ
673 1730 786 1784 δίκην
812 1730 986 1779 καλέσας
1012 1727 1135 1771 αὐτόν
1144 1762 1158 1781 ,
1204 1728 1410 1785 ἐπειδήπερ
1438 1727 1606 1786 ἐκράτει,

161 1800 241 1838 τῶν
270 1794 502 1852 κατηγόρων
532 1797 642 1854 αὐτῷ
676 1799 742 1838 καὶ
767 1796 1003 1839 συνειδότων
1031 1797 1135 1839 κατὰ
1153 1796 1366 1854 πρόσωπον
1388 1797 1607 1850 ἱσταμένων

162 1863 240 1918 ἤδη
261 1865 327 1905 καὶ
346 1862 636 1919 θεατριζόντων
654 1869 712 1922 τῷ
733 1863 937 1922 ἀνθρώπῳ
958 1865 1031 1919 τὴν
1050 1865 1235 1907 ἀπιστίαν
1247 1897 1260 1916 ,
1290 1863 1377 1906 τότε
1397 1865 1470 1917 μὲν
1489 1866 1529 1904 ἐν
1549 1868 1607 1921 τῷ

163 1932 343 1989 ἀσφαλεῖ
357 1931 402 1973 οὗ
425 1931 498 1974 σὺν
515 1932 652 1992 ἀτιμία
669 1937 810 1974 τοῦτον
828 1932 916 1986 ἴσχε
929 1946 940 1957 ·
974 1934 1146 1992 ταφρεία
1172 1932 1248 1988 γὰρ
1269 1932 1341 1986 τὴν
1363 1931 1511 1986 σκηνὴν
1532 1932 1607 1973 αὐ-

162 2118 273 2143 rerum
289 2118 382 2153 spem
397 2106 504 2140 animo
522 2106 663 2140 volvens
678 2109 713 2140 et
725 2106 760 2140 in
774 2105 859 2140 diem
874 2106 1007 2151 prolato
1032 2105 1192 2139 adventu.
1235 2104 1447 2150 quamobrem
1460 2103 1606 2149 impera-

161 2159 236 2194 tor,
259 2158 298 2186 ut
319 2153 363 2186 ad
386 2153 525 2186 Naisum
547 2152 707 2196 accessit,
739 2152 796 2185 ubi
820 2152 958 2185 duarum
980 2151 1110 2185 viarum
1136 2151 1244 2184 altera
1268 2150 1303 2183 in
1321 2150 1473 2184 Servium
1498 2150 1604 2193 ducit,

161 2199 270 2232 altera
284 2198 327 2232 ad
342 2199 463 2231 Istrum
481 2202 514 2231 et
529 2198 727 2242 Hungariae
741 2198 826 2231 fines
838 2223 848 2238 ‚
863 2197 897 2230 in
913 2197 1021 2230 medio
1037 2202 1149 2230 castra
1167 2195 1288 2241 posuit.
1334 2195 1424 2228 Dese
1445 2206 1527 2229 vero
1542 2195 1605 2229 im-

161 2244 288 2278 minens
301 2243 366 2277 sibi
391 2243 572 2289 periculum
596 2244 776 2279 advertens
787 2269 797 2285 ‚
820 2243 968 2287 acceptis
982 2253 1067 2287 quas
1088 2247 1157 2275 tum
1172 2242 1319 2276 habebat
1332 2241 1437 2286 copiis
1450 2267 1459 2281 ‚
1481 2240 1514 2274 in
1532 2241 1605 2274 Ro-

162 2301 333 2324 manorum
348 2294 460 2323 castra
480 2288 584 2323 venit.
630 2300 704 2322 eum
729 2289 911 2333 imperator
935 2287 1097 2321 benevole
1112 2292 1286 2332 exceptum
1305 2298 1371 2331 quo
1387 2286 1528 2320 decebat
1543 2287 1605 2319 ho-

163 2346 245 2369 nore
284 2339 458 2368 rosecutus
473 2338 537 2368 est.
584 2335 644 2368 sed
659 2340 818 2379 proterva
830 2333 944 2377 lingua
959 2334 1080 2367 nullum
1098 2344 1172 2366 esse
1184 2332 1314 2378 turpius
1327 2332 1447 2365 malum
1463 2332 1607 2365 videtur.

163 2347 324 2426 siquidem
338 2380 450 2423 Dese,
474 2379 532 2413 ubi
555 2381 633 2413 nibil
647 2380 712 2414 sibi
727 2379 904 2413 obvenisse
927 2378 1122 2412 incommodi
1138 2379 1181 2412 ob
1197 2378 1339 2423 priorem
1354 2377 1608 2422 imprudentiam

163 2437 206 2460 ac
231 2425 453 2459 temeritatem
478 2426 651 2469 agnovit‚‘
672 2425 805 2458 sustulit
831 2425 958 2458 animos
969 2436 1009 2458 ac
1031 2424 1156 2458 maiora
1170 2435 1267 2468 quam
1284 2428 1383 2456 antea
1400 2423 1517 2456 damna
1531 2423 1606 2455 Ro-

165 2471 271 2505 manis
285 2471 412 2505 inferre
426 2471 587 2505 decrevit.
631 2471 804 2504 consilium
828 2475 938 2503 tamen
961 2470 1119 2503 eiusmodi
1142 2469 1274 2502 silentio
1291 2468 1421 2513 pressit.
1466 2467 1514 2500 ita
1530 2467 1605 2511 ple-

167 2527 303 2561 rumque
325 2517 577 2551 benevolentiae
603 2522 830 2560 argumentum
858 2516 1005 2560 pessimis
1033 2515 1214 2549 hominibus
1234 2514 1389 2548 maiorum
1412 2513 1605 2546 iniuriarum

168 2562 306 2596 materia
328 2573 403 2596 esse
427 2562 523 2596 solet.
568 2573 694 2595 venere
708 2562 831 2607 quippe
846 2562 945 2606 paulo
967 2566 1044 2606 post
1062 2573 1104 2594 ex
1118 2561 1354 2603 Hungamrum
1369 2564 1470 2601 gente
1486 2558 1529 2591 ad
1542 2558 1605 2591 im-

167 2611 353 2651 peratorem
368 2608 490 2652 legati,
513 2608 632 2652 quibus
646 2607 703 2640 ille
716 2608 804 2640 sorte
818 2608 954 2640 fortuna
968 2607 1088 2639 obvius
1104 2607 1227 2644 factm,
1250 2610 1388 2648 rogatus
1415 2609 1467 2637 est
1490 2604 1532 2637 ab
1548 2603 1602 2646 iis,

169 2651 219 2684 uti
232 2653 332 2686 moris
345 2658 398 2686 est
410 2681 420 2697 ‚
440 2653 715 2698 quemadmodum
729 2664 785 2686 res
800 2663 881 2685 suae
896 2663 973 2685 sese
987 2652 1169 2685 haberent:
1201 2650 1266 2683 iuis
1290 2649 1376 2683 haud
1392 2648 1602 2683 dissimulan-

167 2700 222 2730 tet
236 2697 404 2742 respondit
413 2724 422 2738 ,
443 2699 584 2744 optime,
609 2703 645 2732 et
660 2703 761 2744 prout
775 2697 865 2741 regis
878 2708 991 2731 eorum
1008 2708 1088 2740 erga
1101 2707 1139 2729 se
1153 2694 1387 2729 benevolentia
1402 2698 1603 2728 mereretur:

169 2741 335 2775 dominum
357 2743 448 2777 illum
474 2745 582 2788 paiam
601 2745 782 2778 nominans
828 2743 880 2776 his
905 2743 1008 2787 igitur
1026 2741 1169 2785 cognitis
1191 2741 1372 2786 imperator
1397 2751 1603 2785 nequaquam

169 2787 388 2821 cunctandum
401 2793 513 2832 ratus,
542 2790 649 2835 ipsum
675 2790 708 2823 in
729 2790 779 2823 ius
801 2793 903 2822 vocat
916 2788 1186 2831 convictumque,
1208 2786 1458 2820 accusatoribus
1475 2791 1508 2819 et
1522 2785 1607 2818 deli-

170 2838 300 2865 ctorum
314 2833 453 2866 consciis
466 2835 501 2867 in
515 2835 656 2869 medium
670 2835 841 2880 productis
853 2845 894 2868 ac
907 2834 1079 2880 perfidiam
1094 2833 1156 2876 ipsi
1171 2843 1281 2865 coram
1294 2831 1526 2865 obiicientibus
1537 2857 1547 2869 .,
1570 2829 1604 2862 in

171 2877 324 2912 custodia
335 2903 347 2922 ‚
365 2877 442 2918 ,sine
455 2879 618 2915 dedecore
638 2886 766 2922 tamen,
787 2892 861 2915 eum
882 2880 1008 2915 habuit.
1054 2878 1144 2913 vallo
1157 2877 1240 2913 enim
1257 2877 1505 2912 tabernaculum
1520 2874 1607 2908 illius
