1878 3262
226 203 319 250 186
703 199 928 244 IOANNIS
968 199 1195 245 CINNAMI

219 317 377 372 ζαντιόυ
403 316 464 357 ἐπὶ
477 313 694 373 Ἀντιοχείᾳ
719 314 979 366 στέλλεσθαι,
1019 314 1086 357 καὶ
1105 308 1235 368 ἦλθον
1253 312 1404 359 τούτων
1422 314 1533 358 ἕνεκα
1548 321 1672 370 βασι-

221 389 320 435 λέως
347 381 600 438 δεησόμενοι,
637 385 886 432 Βαλδουῖνος
903 384 969 424 καὶ
987 380 1086 438 ὑπὲρ
1104 381 1247 425 τούτου
1266 384 1334 426 τὸν
1349 385 1520 438 βασιλέα
1541 402 1672 443 παρῃ-

220 461 337 497 τεῖτο,
407 452 454 493 οὗ
478 450 640 508 σφόδρα
661 452 703 493 δὲ
723 449 978 504 ἀναινόμενον
994 450 1112 506 γνοὺς
1131 453 1197 493 καὶ
1215 451 1293 508 πρὸ
1314 457 1392 494 τῶν
1412 455 1530 506 ι’χνιῦν
1549 452 1671 496 αὐτοῦ

219 521 314 571 τοὺς
331 521 515 577 πρέσβεις
534 521 718 577 ἐρρίπτει.
764 518 784 562 ὅ
805 521 846 562 δὲ
866 518 1055 576 ὁπότερον
1072 526 1155 561 τοῖν
1175 521 1280 562 δυεῖν
1298 524 1451 574 μᾶλλον
1463 519 1674 575 Ῥωμαίοις

217 589 338 644 τιμὴν
357 589 468 646 φέρει
488 587 812 643 διεννοησάμενος
829 588 874 630 τὸ
892 589 966 642 μὲν
986 588 1060 630 σὺν
1077 586 1261 631 ἐλάσσονι
1274 587 1499 646 στρατεύειν
1511 588 1706 643 δυνάμει5

220 658 365 700 αὐτίκα
384 657 504 699 ἔδωκε
545 655 616 713 (τό
637 675 677 699 τε
695 658 772 714 γὰρ
794 655 893 714 ὑπὲρ
915 656 1028 710 ἰσχὺν
1048 655 1339 711 ἀπαιτούμενον
1356 657 1600 713 ἓφεπομένην
1622 656 1677 708 ὥς

169 734 201 771 D
224 726 275 770 τὰ
293 726 424 768 πολλὰ
442 726 514 780 τὴν
532 724 764 782 παράβασιν
791 725 868 779 ἔχει
878 758 891 777 ,
933 727 999 767 καὶ
1019 724 1151 776 ἄλλως
1170 726 1288 783 ἀρκεῖ
1299 725 1400 782 πρὸς
1417 727 1597 776 δουλείας
1614 725 1677 768 ἴν-

221 798 343 845 δειξιν
362 796 429 837 καὶ
448 794 493 836 τὸ
516 794 737 836 πολλοστὸν
758 794 862 836 ἔστιν
881 788 929 835 οὗ
947 792 1276 850 προσαγόμενον)
1289 808 1300 818 ·
1337 794 1522 851 ἀρχιερέα
1542 795 1584 836 δὲ
1603 793 1678 835 ἄλ-

219 864 345 906 λοθέν
361 866 488 905 ποθεν
508 862 568 905 ὅτι
587 863 644 918 μὴ
664 865 706 906 ἐκ
726 864 948 914 Βυζαντίου
977 861 1074 904 εἶναι
1104 863 1176 904 οὐκ
1206 862 1328 920 ἔφησε
1361 863 1678 913 καταδέξασθαι.

219 931 316 989 ὅπερ
336 931 499 985 ἅσμενοι
520 932 658 975 ἐκεῖνοι
680 930 884 985 δεξάμενοι
903 932 942 980 ἐς
961 931 1032 985 τὴν
1051 929 1166 973 πόλιν
1186 929 1498 986 ἀπηλλάττοντο.
1690 942 1735 977 1ο

357 1000 435 1044 21.
492 1000 558 1042 Τὰ
573 1001 646 1054 μὲν
666 1000 714 1054 δὴ
735 1000 838 1041 κατὰ
855 998 924 1041 τὸν
936 997 1146 1041 Ῥενάλδον
1164 1000 1343 1042 ἐνταῦθα
1362 999 1407 1042 τὸ
1428 1001 1551 1056 πέρας
1569 996 1679 1053 ἴσχε·

218 1068 408 1123 βασιλεὺς
427 1069 470 1110 δὲ
489 1069 553 1109 ἐπὶ
574 1066 750 1125 Τερόζην
769 1069 866 1110 ἰέναι
885 1068 1023 1110 λοιπὸν
1044 1070 1241 1111 διενοεῖτο.
1311 1067 1331 1110 ὅ
1353 1069 1395 1110 δὲ
1414 1067 1459 1110 τὸ
1477 1069 1550 1122 μὲν
1567 1070 1681 1124 πρῶ-

218 1153 289 1179 τον
321 1137 384 1180 ἐπὶ
407 1134 570 1193 χώρους
595 1154 636 1178 τε
663 1136 838 1193 ἐρήμους
865 1138 931 1182 καὶ
962 1135 1035 1193 ὄρη
1064 1137 1236 1193 ἐξέτρεχε
1264 1137 1316 1182 τὰ
1344 1135 1557 1193 Ταυρικά,
1597 1133 1681 1178 εἶτα

219 1205 475 1248 Βαλδουίνου
495 1206 562 1246 καὶ
582 1207 670 1262 περὶ,
691 1206 816 1247 αὐτοῦ
842 1204 911 1247 τὸν
935 1205 1104 1259 βασιλέα
1135 1203 1405 1255 ἱκετεύσαντος
1422 1199 1526 1259 ἦλθε
1547 1203 1681 1248 κάκεῖ-

76 1279 105 1313 Ρ
130 1278 198 1314 108
221 1290 290 1323 νος
309 1274 350 1316 ἓν
368 1277 426 1331 τῷ
439 1272 648 1327 Ῥωμαίων
667 1274 923 1331 στρατοπέδῳ
945 1273 1073 1327 ἱκέτης
1091 1271 1268 1323 ἐλεεινός.
1332 1272 1522 1327 βασιλεὺς
1541 1273 1585 1316 δὲ
1604 1271 1679 1313 αὖ·-
1693 1279 1736 1315 15

218 1341 289 1385 τὸν
316 1340 619 1399 προσηκάμενος
646 1340 805 1391 δούλοις
829 1359 871 1383 τε
900 1345 979 1383 τῶν
992 1339 1201 1395 Ῥωμαίων
1221 1342 1413 1398 ἐνέγραψε
1434 1342 1500 1382 καὶ
1518 1340 1587 1382 τὸν
1605 1338 1682 1383 ⁷16-

220 1415 342 1465 λεμον
370 1410 509 1453 λοιπὸν
535 1410 685 1454 ἔλυσεν.
746 1411 958 1464 Ἀντιοχεῖς
985 1411 1138 1462 τοίνυν,
1176 1409 1310 1464 ἐπειδὴ
1331 1413 1403 1464 τῆς
1420 1407 1572 1459 πόλεως
1594 1409 1682 1451 ἐπι-

219 1481 372 1533 βαίνειν
402 1478 481 1534 ’ἤδη
510 1479 702 1532 βασιλεὺς
728 1477 907 1532 ἔμελλεν,
948 1477 1103 1520 ἔδεισαν
1120 1478 1194 1532 μὲν
1213 1476 1268 1529 ὥς
1286 1477 1330 1520 τὸ
1352 1476 1455 1528 εἰκός
1462 1509 1476 1530 ,
1509 1475 1567 1532 μή
1586 1494 1682 1520 ποτε

214 1546 423 1600 Ῥωμαίων
453 1546 642 1601 δυνάμεις
669 1546 780 1588 ἔνδον
809 1545 1080 1603 εἰσφρήσασαι
1111 1548 1263 1592 ἐκεῖθεν
1291 1546 1437 1595 αὖτοὺς
1463 1543 1682 1596 ἐξελαύνειν

219 1613 502 1671 πειράσονται,
532 1615 604 1658 οὐκ
631 1614 791 1668 ἔχοντες
810 1616 834 1655 δ
840 1615 852 1629 ²
882 1613 990 1663 ὅπως
1014 1615 1085 1668 τὴν
1103 1615 1302 1668 βασιλέως
1315 1614 1596 1670 ἄποτρέψωσιν
1609 1611 1739 1670 ὃρ-ΞΟ

219 1682 323 1738 μήν,
350 1681 520 1737 σκήψεις
545 1683 620 1736 οὐχ
643 1680 764 1738 ὑγιεῖς
788 1699 899 1732 τινας
924 1681 1224 1733 ἀναπλάσαντες
1249 1686 1450 1738 προσῆγον
1476 1682 1600 1739 αὐτῷ.
1639 1681 1683 1723 αἱ

222 1752 268 1793 δὲ
304 1746 432 1806 ἦσαν,
472 1749 527 1804 ὥς
566 1750 648 1807 ἄρα
686 1755 766 1793 τῶν
799 1767 901 1800 τινες
925 1751 1026 1807 παρ’
1056 1751 1193 1800 αὐτοῖς
1217 1751 1427 1805 τολμητιάι
1453 1747 1683 1800 σύνθοιντο,

221 1819 382 1862 ἐπειδὰν
405 1818 597 1875 βασιλεὺς
622 1820 685 1863 ἐπὶ
709 1819 782 1874 τὴν
807 1817 922 1861 πόλιν
947 1819 1122 1862 εἰσέλθοι
1149 1818 1321 1869 ἄνοπλος
1346 1818 1396 1875 δὴ
1419 1815 1579 1872 πάντως
1604 1817 1681 1875 (οὗ

312 1929 370 1964 ⁴20.
391 1926 655 1974 πειράσονται]
675 1926 730 1962 Ita
752 1925 896 1962 Tollius.
941 1926 1028 1961 Cod.
1050 1924 1273 1971 πειράσεται.

223 2022 293 2054 tum
319 2021 460 2064 propter
482 2018 731 2064 patriarcham,
762 2017 820 2062 qui
841 2017 875 2051 in
896 2019 1066 2062 posterum
1089 2016 1255 2062 Byzantio
1275 2017 1485 2052 Antiochiam
1500 2015 1681 2052 mittendus

222 2068 317 2107 erat,
348 2064 584 2111 venissentque
597 2064 637 2098 iis
653 2064 695 2098 ‹le
709 2064 810 2097 rebus
823 2064 1058 2108 imperatorem
1072 2063 1312 2108 supplicaturi,
1339 2063 1523 2097 Balduinus
1543 2072 1680 2106 quoque

222 2110 340 2144 eadem
370 2111 514 2154 rogabat
541 2110 738 2154 principem,
769 2114 804 2143 et
827 2121 892 2143 non
916 2109 1086 2143 difficilem
1109 2113 1248 2142 exoratu
1267 2108 1406 2151 videns,
1439 2107 1612 2141 concidere
1634 2105 1679 2140 ad

220 2155 310 2191 illius
335 2166 445 2199 genua
470 2156 602 2199 legatos
623 2155 732 2190 iussit.
778 2155 806 2189 is
830 2166 913 2189 vero
940 2155 1047 2188 animo
1069 2154 1269 2196 revolvens,
1297 2158 1376 2187 utra
1389 2163 1444 2187 res
1459 2151 1575 2186 maiori
1590 2155 1680 2185 esset

222 2200 343 2236 honori
370 2201 545 2234 Romani„
578 2205 615 2234 ut
635 2201 793 2235 minorem
807 2211 937 2234 manum
952 2200 994 2234 ad
1010 2200 1156 2235 militiam
1172 2201 1382 2241 conferrent,
1412 2197 1522 2232 statim
1541 2196 1678 2230 annuit=

223 2247 344 2281 crebro
367 2245 452 2279 enim
475 2244 563 2289 quod
587 2255 690 2289 supra
714 2247 805 2279 vires
830 2246 995 2290 exigitur,
1026 2245 1082 2279 vix
1096 2245 1270 2290 impletur:
1302 2255 1374 2278 cum
1389 2247 1679 2288 quantaecumque

223 2296 404 2338 praeterea
432 2290 598 2324 adductae
624 2291 744 2334 copiae
768 2291 812 2324 ad
837 2292 1010 2325 servitutis
1039 2296 1266 2334 argumentum
1291 2289 1368 2333 plus
1392 2288 1473 2321 satis
1496 2287 1677 2322 sufficiant.

250 2337 417 2371 ontificem
441 2340 551 2371 autem
575 2335 710 2369 aliunde
738 2347 835 2380 quam
858 2337 1022 2380 Byzantio
1047 2336 1188 2379 assumi,
1219 2334 1356 2379 negavit
1373 2344 1410 2367 se
1426 2332 1675 2379 permissurum.

222 2383 260 2418 ld
273 2383 320 2418 illi
337 2383 479 2416 libenter
494 2381 698 2426 accipientes
710 2406 721 2423 ,
750 2382 784 2415 in
801 2382 970 2416 civitatem
988 2381 1172 2417 redierunt.

316 2430 372 2464 21.
419 2428 507 2461 Eum
522 2427 621 2462 finem
638 2427 783 2460 habuere
798 2438 852 2460 res
869 2438 941 2461 cum
958 2427 1109 2461 Renaldo
1125 2429 1252 2471 gestae.
1297 2424 1428 2459 interea
1442 2423 1624 2468 imperator
1641 2423 1678 2458 in

222 2474 394 2509 Torosum
409 2484 553 2519 pergere
567 2472 728 2506 instituit:
760 2472 819 2505 sed
835 2472 889 2505 ille
903 2472 1008 2517 primo
1026 2473 1100 2506 loca
1116 2473 1270 2513 deserta,
1301 2477 1337 2503 et
1360 2474 1490 2504 montes
1512 2469 1678 2503 Tauricos

222 2525 450 2565 pervagatum
478 2518 613 2553 tandem
637 2517 799 2551 Balduino
825 2517 924 2553 etiam
948 2529 1009 2562 pro
1026 2529 1066 2551 eo
1083 2517 1172 2563 apud
1188 2517 1420 2562 imperatorem
1435 2514 1678 2559 intercedente,

222 2565 319 2599 veuit
335 2565 453 2609 etipse
467 2564 502 2598 in
522 2565 746 2599 Romanorum
763 2567 894 2607 castra,
927 2563 1085 2608 supplicis
1107 2561 1350 2605 miser-audique
1364 2560 1427 2593 viri
1442 2560 1567 2596 habitu.
1614 2559 1678 2594 ad-

221 2610 324 2645 misso
339 2611 453 2654 itaque
468 2610 604 2644 Toroso
620 2610 662 2645 ab
676 2609 877 2653 imperatore
892 2613 926 2642 et
941 2608 1029 2642 inter
1042 2608 1184 2642 Romani
1198 2606 1325 2651 imperii
1341 2606 1477 2639 clientes
1494 2605 1676 2650 adscripto,

223 2655 346 2690 bellum
361 2656 504 2691 solutum
522 2659 585 2688 est.
631 2655 691 2688 sed
705 2654 789 2688 enim
806 2654 1014 2696 Antiocheni‚
1028 2654 1085 2687 ubi
1099 2654 1331 2699 imperatorem
1346 2651 1381 2684 in
1396 2651 1567 2685 civitatem
1582 2661 1676 2684 suam

224 2701 409 2736 adventare
423 2705 666 2746 perceperunt,
696 2699 819 2741 veriti,
847 2705 885 2733 ut
900 2711 962 2744 par
977 2706 1069 2741 erat,
1098 2711 1140 2733 ne
1155 2698 1183 2733 si
1195 2696 1491 2731 intromitterentur
1507 2697 1676 2730 Romano-

224 2758 299 2782 rum
324 2747 441 2792 copiae
452 2771 463 2788 ,
491 2746 533 2779 ab
550 2746 589 2780 iis
605 2745 874 2790 expellerentur;
907 2744 995 2780 anxii
1009 2755 1091 2777 vero
1107 2755 1173 2788 qua
1187 2742 1315 2777 ratione
1328 2742 1558 2787 imperatorem
1574 2751 1675 2775 aver-

225 2796 339 2828 terent
353 2804 375 2826 a
390 2790 563 2837 proposito
578 2816 588 2830 ‚
618 2791 719 2824 hosce
734 2790 865 2825 minime
879 2800 979 2823 sanos
995 2788 1170 2823 commenti
1192 2793 1387 2834 praetextus
1406 2787 1448 2820 nd
1469 2786 1559 2822 illum
1574 2786 1674 2821 detu-

226 2838 314 2875 lei-ez
344 2837 508 2884 quosdam
529 2835 688 2872 videlicet
710 2846 785 2871 esse
809 2846 853 2871 ex
875 2834 944 2870 suis
967 2834 1168 2878 audaculus,
1198 2833 1256 2880 qui
1269 2833 1522 2880 imperatorem,
1551 2842 1626 2867 oum
1639 2830 1674 2866 in
