<?xml version="1.0" encoding="UTF-8"?>
<!DOCTYPE html PUBLIC "-//W3C//DTD XHTML 1.0 Transitional//EN"
    "http://www.w3.org/TR/xhtml1/DTD/xhtml1-transitional.dtd">
<html xmlns="http://www.w3.org/1999/xhtml" xml:lang="en" lang="en">
 <head>
  <title>
</title>
<meta http-equiv="Content-Type" content="text/html;charset=utf-8" />
  <meta name='ocr-system' content='tesseract 3.04.00' />
  <meta name='ocr-capabilities' content='ocr_page ocr_carea ocr_par ocr_line ocrx_word'/>
</head>
<body>
  <div class='ocr_page' id='page_1' title='image "./corpusscriptorum26niebuoft_0376.png"; bbox 0 0 1878 3262; ppageno 0'>
   <div class='ocr_carea' id='block_1_1' title="bbox 221 167 1235 214">
    <p class='ocr_par' dir='ltr' id='par_1_1' title="bbox 221 167 1235 214">
     <span class='ocr_line' id='line_1_1' title="bbox 221 167 1235 214; baseline -0.001 0"><span class='ocrx_word' id='word_1_1' title='bbox 221 167 320 214; x_wconf 82' lang='lat'><em>344</em></span> <span class='ocrx_word' id='word_1_2' title='bbox 669 168 875 211; x_wconf 89' lang='lat' dir='ltr'><strong>CAROLI</strong></span> <span class='ocrx_word' id='word_1_3' title='bbox 907 169 988 212; x_wconf 93' lang='lat' dir='ltr'><em>DU</em></span> <span class='ocrx_word' id='word_1_4' title='bbox 1022 169 1235 213; x_wconf 88' lang='lat' dir='ltr'><strong>FRESNE</strong></span> 
     </span>
    </p>
   </div>
   <div class='ocr_carea' id='block_1_2' title="bbox 75 275 1737 2878">
    <p class='ocr_par' dir='ltr' id='par_1_2' title="bbox 75 275 1737 2878">
     <span class='ocr_line' id='line_1_2' title="bbox 220 275 1685 332; baseline 0.001 -14"><span class='ocrx_word' id='word_1_5' title='bbox 220 286 465 332; x_wconf 83' lang='lat' dir='ltr'><em>quantorum</em></span> <span class='ocrx_word' id='word_1_6' title='bbox 486 278 753 328; x_wconf 77' lang='lat' dir='ltr'><em>imperitiam,</em></span> <span class='ocrx_word' id='word_1_7' title='bbox 781 275 968 315; x_wconf 86' lang='lat' dir='ltr'><em>deserunt</em></span> <span class='ocrx_word' id='word_1_8' title='bbox 994 275 1320 318; x_wconf 71' lang='lat' dir='ltr'><em>doctissimorum</em></span> <span class='ocrx_word' id='word_1_9' title='bbox 1338 288 1510 320; x_wconf 73' lang='lat' dir='ltr'><em>veterum</em></span> <span class='ocrx_word' id='word_1_10' title='bbox 1531 283 1576 319; x_wconf 88' lang='lat' dir='ltr'><em>in</em></span> <span class='ocrx_word' id='word_1_11' title='bbox 1598 288 1685 320; x_wconf 83' lang='lat' dir='ltr'><em>arte</em></span> 
     </span>
     <span class='ocr_line' id='line_1_3' title="bbox 220 327 1683 390; baseline 0.001 -15"><span class='ocrx_word' id='word_1_12' title='bbox 220 342 436 375; x_wconf 85' lang='lat' dir='ltr'><em>tractatus.</em></span> <span class='ocrx_word' id='word_1_13' title='bbox 495 335 641 386; x_wconf 77' lang='lat' dir='ltr'><em>quippe</em></span> <span class='ocrx_word' id='word_1_14' title='bbox 670 347 762 371; x_wconf 89' lang='lat' dir='ltr'><em>cum</em></span> <span class='ocrx_word' id='word_1_15' title='bbox 787 327 890 372; x_wconf 88' lang='lat' dir='ltr'><em>inter</em></span> <span class='ocrx_word' id='word_1_16' title='bbox 912 334 1186 373; x_wconf 68' lang='lat' dir='ltr'><em>chartularios</em></span> <span class='ocrx_word' id='word_1_17' title='bbox 1203 335 1546 387; x_wconf 78' lang='lat' dir='ltr'><em>eloquentissimos</em></span> <span class='ocrx_word' id='word_1_18' title='bbox 1571 353 1683 390; x_wconf 87' lang='lat' dir='ltr'><em>repe-</em></span> 
     </span>
     <span class='ocr_line' id='line_1_4' title="bbox 219 388 1684 446; baseline 0.002 -16"><span class='ocrx_word' id='word_1_19' title='bbox 219 395 306 430; x_wconf 88' lang='lat' dir='ltr'><em>rias</em></span> <span class='ocrx_word' id='word_1_20' title='bbox 330 388 531 443; x_wconf 86' lang='lat' dir='ltr'><em>quosdam</em></span> <span class='ocrx_word' id='word_1_21' title='bbox 558 391 624 429; x_wconf 72' lang='lat' dir='ltr'><em>vel</em></span> <span class='ocrx_word' id='word_1_22' title='bbox 640 405 732 442; x_wconf 87' lang='lat' dir='ltr'><em>paz¹</em></span> <span class='ocrx_word' id='word_1_23' title='bbox 717 404 800 428; x_wconf 82' lang='lat' dir='ltr'><em>cos</em></span> <span class='ocrx_word' id='word_1_24' title='bbox 829 389 1032 441; x_wconf 84' lang='lat' dir='ltr'><em>indoctos,</em></span> <span class='ocrx_word' id='word_1_25' title='bbox 1064 392 1209 429; x_wconf 86' lang='lat' dir='ltr'><em>melius</em></span> <span class='ocrx_word' id='word_1_26' title='bbox 1239 400 1296 430; x_wconf 88' lang='lat' dir='ltr'><em>est</em></span> <span class='ocrx_word' id='word_1_27' title='bbox 1328 397 1441 446; x_wconf 84' lang='lat' dir='ltr'><em>sequi</em></span> <span class='ocrx_word' id='word_1_28' title='bbox 1465 410 1550 445; x_wconf 89' lang='lat' dir='ltr'><em>eos,</em></span> <span class='ocrx_word' id='word_1_29' title='bbox 1581 397 1684 433; x_wconf 86' lang='lat' dir='ltr'><em>inter</em></span> 
     </span>
     <span class='ocr_line' id='line_1_5' title="bbox 221 447 1684 502; baseline 0.003 -16"><span class='ocrx_word' id='word_1_30' title='bbox 221 462 319 501; x_wconf 82' lang='lat' dir='ltr'><em>quos</em></span> <span class='ocrx_word' id='word_1_31' title='bbox 352 447 492 486; x_wconf 88' lang='lat' dir='ltr'><em>nullus</em></span> <span class='ocrx_word' id='word_1_32' title='bbox 522 450 749 500; x_wconf 77' lang='lat' dir='ltr'><em>reperiatur</em></span> <span class='ocrx_word' id='word_1_33' title='bbox 776 449 1009 500; x_wconf 71' lang='lat' dir='ltr'><em>impetitus,</em></span> <span class='ocrx_word' id='word_1_34' title='bbox 1039 462 1165 499; x_wconf 83' lang='lat' dir='ltr'><em>quam</em></span> <span class='ocrx_word' id='word_1_35' title='bbox 1183 448 1257 485; x_wconf 86' lang='lat' dir='ltr'><em>hos</em></span> <span class='ocrx_word' id='word_1_36' title='bbox 1273 450 1378 487; x_wconf 89' lang='lat' dir='ltr'><em>inter</em></span> <span class='ocrx_word' id='word_1_37' title='bbox 1399 465 1499 502; x_wconf 85' lang='lat' dir='ltr'><em>quos</em></span> <span class='ocrx_word' id='word_1_38' title='bbox 1516 451 1684 490; x_wconf 74' lang='lat' dir='ltr'><em>videan-</em></span> 
     </span>
     <span class='ocr_line' id='line_1_6' title="bbox 219 503 1685 560; baseline 0.003 -18"><span class='ocrx_word' id='word_1_39' title='bbox 219 513 288 542; x_wconf 91' lang='lat' dir='ltr'><em>tur</em></span> <span class='ocrx_word' id='word_1_40' title='bbox 309 519 390 542; x_wconf 88' lang='lat' dir='ltr'><em>esse</em></span> <span class='ocrx_word' id='word_1_41' title='bbox 403 505 547 556; x_wconf 88' lang='lat' dir='ltr'><em>pauci.</em></span> <span class='ocrx_word' id='word_1_42' title='bbox 596 503 785 543; x_wconf 87' lang='lat' dir='ltr'><em>dicuntur</em></span> <span class='ocrx_word' id='word_1_43' title='bbox 801 510 932 543; x_wconf 88' lang='lat' dir='ltr'><em>autem</em></span> <span class='ocrx_word' id='word_1_44' title='bbox 951 504 1142 543; x_wconf 87' lang='lat' dir='ltr'><em>scriniarii</em></span> <span class='ocrx_word' id='word_1_45' title='bbox 1163 505 1269 556; x_wconf 89' lang='lat' dir='ltr'><em>apud</em></span> <span class='ocrx_word' id='word_1_46' title='bbox 1286 506 1474 546; x_wconf 85' lang='lat' dir='ltr'><em>Suidam</em></span> <span class='ocrx_word' id='word_1_47' title='bbox 1461 521 1502 546; x_wconf 85' lang='lat' dir='ltr'><em>m</em></span> <span class='ocrx_word' id='word_1_48' title='bbox 1518 509 1685 560; x_wconf 81' lang='lat' dir='ltr'><em>Etymo-</em></span> 
     </span>
     <span class='ocr_line' id='line_1_7' title="bbox 219 559 1685 629; baseline 0.004 -29"><span class='ocrx_word' id='word_1_49' title='bbox 219 560 368 612; x_wconf 87' lang='lat' dir='ltr'><em>logico,</em></span> <span class='ocrx_word' id='word_1_50' title='bbox 399 560 441 602; x_wconf 86' lang='grc' dir='ltr'><em>οἷ</em></span> <span class='ocrx_word' id='word_1_51' title='bbox 470 559 766 615; x_wconf 82' lang='grc' dir='ltr'><strong><em>χαρτοφύλακες</em></strong></span> <span class='ocrx_word' id='word_1_52' title='bbox 795 564 877 602; x_wconf 79' lang='grc' dir='ltr'><em>τῶν</em></span> <span class='ocrx_word' id='word_1_53' title='bbox 910 560 1122 629; x_wconf 79' lang='grc' dir='ltr'>βασιλέων;</span> <span class='ocrx_word' id='word_1_54' title='bbox 1154 567 1191 598; x_wconf 84' lang='lat' dir='ltr'><em>et</em></span> <span class='ocrx_word' id='word_1_55' title='bbox 1222 577 1482 618; x_wconf 76' lang='grc' dir='ltr'><strong><em>καταγραῳην</em></strong></span> <span class='ocrx_word' id='word_1_56' title='bbox 1503 567 1583 605; x_wconf 76' lang='grc' dir='ltr'><em>τῶν</em></span> <span class='ocrx_word' id='word_1_57' title='bbox 1602 566 1685 615; x_wconf 79' lang='grc' dir='ltr'><em>ἐξε-</em></span> 
     </span>
     <span class='ocr_line' id='line_1_8' title="bbox 218 613 1718 672; baseline 0.002 -15"><span class='ocrx_word' id='word_1_58' title='bbox 218 614 373 658; x_wconf 70' lang='grc' dir='ltr'><em>τάσεων</em></span> <span class='ocrx_word' id='word_1_59' title='bbox 394 617 437 658; x_wconf 80' lang='grc' dir='ltr'><em>ἓν</em></span> <span class='ocrx_word' id='word_1_60' title='bbox 458 621 542 666; x_wconf 86' lang='grc' dir='ltr'><strong><em>τοῖς</em></strong></span> <span class='ocrx_word' id='word_1_61' title='bbox 560 618 754 672; x_wconf 83' lang='grc' dir='ltr'><strong><em>σκρινίοις</em></strong></span> <span class='ocrx_word' id='word_1_62' title='bbox 771 613 1115 670; x_wconf 76' lang='grc' dir='ltr'><strong><em>διαφυλαττοντες.</em></strong></span> <span class='ocrx_word' id='word_1_63' title='bbox 1172 620 1339 657; x_wconf 85' lang='lat' dir='ltr'><em>Senator</em></span> <span class='ocrx_word' id='word_1_64' title='bbox 1362 619 1387 660; x_wconf 95' lang='lat' dir='ltr'><em>l</em></span> <span class='ocrx_word' id='word_1_65' title='bbox 1406 623 1457 662; x_wconf 85' lang='lat'><em>11</em></span> <span class='ocrx_word' id='word_1_66' title='bbox 1479 619 1588 671; x_wconf 85' lang='lat' dir='ltr'><em>epist.</em></span> <span class='ocrx_word' id='word_1_67' title='bbox 1609 624 1684 664; x_wconf 84' lang='lat'><em>38:</em></span> <span class='ocrx_word' id='word_1_68' title='bbox 1715 632 1718 635; x_wconf 72' lang='grc'><strong>’</strong></span> 
     </span>
     <span class='ocr_line' id='line_1_9' title="bbox 218 673 1687 728; baseline 0.002 -16"><span class='ocrx_word' id='word_1_69' title='bbox 218 673 465 712; x_wconf 86' lang='lat' dir='ltr'><em>moderatrix</em></span> <span class='ocrx_word' id='word_1_70' title='bbox 492 689 627 713; x_wconf 89' lang='lat' dir='ltr'><em>rerum</em></span> <span class='ocrx_word' id='word_1_71' title='bbox 656 677 837 713; x_wconf 86' lang='lat' dir='ltr'><em>omnium</em></span> <span class='ocrx_word' id='word_1_72' title='bbox 859 674 1075 726; x_wconf 79' lang='lat' dir='ltr'><em>diligenter</em></span> <span class='ocrx_word' id='word_1_73' title='bbox 1098 673 1344 713; x_wconf 82' lang='lat' dir='ltr'><em>desideravit</em></span> <span class='ocrx_word' id='word_1_74' title='bbox 1365 677 1611 728; x_wconf 70' lang='lat' dir='ltr'><em>antiquitas,</em></span> <span class='ocrx_word' id='word_1_75' title='bbox 1639 685 1687 715; x_wconf 86' lang='lat' dir='ltr'><em>ut</em></span> 
     </span>
     <span class='ocr_line' id='line_1_10' title="bbox 219 731 1685 785; baseline 0.002 -16"><span class='ocrx_word' id='word_1_76' title='bbox 219 733 416 783; x_wconf 81' lang='lat' dir='ltr'><em>quoniam</em></span> <span class='ocrx_word' id='word_1_77' title='bbox 446 739 532 769; x_wconf 87' lang='lat' dir='ltr'><em>erat</em></span> <span class='ocrx_word' id='word_1_78' title='bbox 553 732 749 783; x_wconf 87' lang='lat' dir='ltr'><em>plurimis</em></span> <span class='ocrx_word' id='word_1_79' title='bbox 770 746 845 783; x_wconf 84' lang='lat' dir='ltr'><em>per</em></span> <span class='ocrx_word' id='word_1_80' title='bbox 869 738 1011 769; x_wconf 84' lang='lat' dir='ltr'><em>nostra</em></span> <span class='ocrx_word' id='word_1_81' title='bbox 1039 732 1193 770; x_wconf 80' lang='lat' dir='ltr'><em>scrinia</em></span> <span class='ocrx_word' id='word_1_82' title='bbox 1222 731 1535 782; x_wconf 79' lang='lat' dir='ltr'><em>consulendum,</em></span> <span class='ocrx_word' id='word_1_83' title='bbox 1567 736 1685 785; x_wconf 86' lang='lat' dir='ltr'><em>copia</em></span> 
     </span>
     <span class='ocr_line' id='line_1_11' title="bbox 217 787 1687 841; baseline 0.001 -15"><span class='ocrx_word' id='word_1_84' title='bbox 217 802 297 826; x_wconf 88' lang='lat' dir='ltr'><em>non</em></span> <span class='ocrx_word' id='word_1_85' title='bbox 323 787 471 826; x_wconf 86' lang='lat' dir='ltr'><em>deesset</em></span> <span class='ocrx_word' id='word_1_86' title='bbox 481 796 705 840; x_wconf 86' lang='lat' dir='ltr'><em>procurata</em></span> <span class='ocrx_word' id='word_1_87' title='bbox 719 789 968 827; x_wconf 89' lang='lat' dir='ltr'><em>chartarum.</em></span> <span class='ocrx_word' id='word_1_88' title='bbox 1025 788 1147 826; x_wconf 82' lang='lat' dir='ltr'><em>infra:</em></span> <span class='ocrx_word' id='word_1_89' title='bbox 1169 789 1393 839; x_wconf 89' lang='lat' dir='ltr'><em>pulchrum</em></span> <span class='ocrx_word' id='word_1_90' title='bbox 1409 790 1536 841; x_wconf 86' lang='lat' dir='ltr'><em>plane</em></span> <span class='ocrx_word' id='word_1_91' title='bbox 1559 791 1687 829; x_wconf 84' lang='lat' dir='ltr'><em>Mem-</em></span> 
     </span>
     <span class='ocr_line' id='line_1_12' title="bbox 210 844 1687 898; baseline 0.002 -16"><span class='ocrx_word' id='word_1_92' title='bbox 210 844 312 896; x_wconf 87' lang='lat' dir='ltr'><em>phis</em></span> <span class='ocrx_word' id='word_1_93' title='bbox 330 847 541 897; x_wconf 78' lang='lat' dir='ltr'><em>ingeniosa</em></span> <span class='ocrx_word' id='word_1_94' title='bbox 560 847 737 898; x_wconf 84' lang='lat' dir='ltr'><em>concepit</em></span> <span class='ocrx_word' id='word_1_95' title='bbox 748 876 757 894; x_wconf 90' lang='lat'><em>,</em></span> <span class='ocrx_word' id='word_1_96' title='bbox 791 853 837 883; x_wconf 90' lang='lat' dir='ltr'><em>ut</em></span> <span class='ocrx_word' id='word_1_97' title='bbox 852 847 1045 883; x_wconf 79' lang='lat' dir='ltr'><em>universa</em></span> <span class='ocrx_word' id='word_1_98' title='bbox 1059 846 1215 882; x_wconf 83' lang='lat' dir='ltr'><em>scrinia</em></span> <span class='ocrx_word' id='word_1_99' title='bbox 1230 848 1407 896; x_wconf 73' lang='lat' dir='ltr'><em>vestiret,</em></span> <span class='ocrx_word' id='word_1_100' title='bbox 1432 846 1546 898; x_wconf 81' lang='lat' dir='ltr'><em>quod</em></span> <span class='ocrx_word' id='word_1_101' title='bbox 1560 848 1687 885; x_wconf 85' lang='lat' dir='ltr'><em>unius</em></span> 
     </span>
     <span class='ocr_line' id='line_1_13' title="bbox 216 901 1687 953; baseline 0.002 -14"><span class='ocrx_word' id='word_1_102' title='bbox 216 902 297 939; x_wconf 89' lang='lat' dir='ltr'><em>loci</em></span> <span class='ocrx_word' id='word_1_103' title='bbox 314 902 431 940; x_wconf 78' lang='lat' dir='ltr'><em>labor</em></span> <span class='ocrx_word' id='word_1_104' title='bbox 450 902 612 953; x_wconf 77' lang='lat' dir='ltr'><em>elegans</em></span> <span class='ocrx_word' id='word_1_105' title='bbox 630 905 830 941; x_wconf 81' lang='lat' dir='ltr'><em>texuisset.</em></span> <span class='ocrx_word' id='word_1_106' title='bbox 888 901 982 940; x_wconf 88' lang='lat' dir='ltr'><em>hinc</em></span> <span class='ocrx_word' id='word_1_107' title='bbox 1005 902 1167 952; x_wconf 88' lang='lat' dir='ltr'><em>legimus</em></span> <span class='ocrx_word' id='word_1_108' title='bbox 1189 902 1465 941; x_wconf 74' lang='lat' dir='ltr'><em>chartularios</em></span> <span class='ocrx_word' id='word_1_109' title='bbox 1486 906 1598 942; x_wconf 82' lang='lat' dir='ltr'><em>sacri</em></span> <span class='ocrx_word' id='word_1_110' title='bbox 1613 918 1687 942; x_wconf 88' lang='lat' dir='ltr'><em>cu-</em></span> 
     </span>
     <span class='ocr_line' id='line_1_14' title="bbox 216 958 1687 1011; baseline 0.003 -16"><span class='ocrx_word' id='word_1_111' title='bbox 216 958 362 1008; x_wconf 80' lang='lat' dir='ltr'><em>biculi,</em></span> <span class='ocrx_word' id='word_1_112' title='bbox 391 959 432 996; x_wconf 87' lang='lat' dir='ltr'><em>in</em></span> <span class='ocrx_word' id='word_1_113' title='bbox 458 959 559 998; x_wconf 90' lang='lat' dir='ltr'><em>Nov.</em></span> <span class='ocrx_word' id='word_1_114' title='bbox 582 963 606 1002; x_wconf 89' lang='lat'><strong>8</strong></span> <span class='ocrx_word' id='word_1_115' title='bbox 634 966 670 997; x_wconf 87' lang='lat' dir='ltr'><em>et</em></span> <span class='ocrx_word' id='word_1_116' title='bbox 696 959 749 1001; x_wconf 83' lang='lat'><em>25</em></span> <span class='ocrx_word' id='word_1_117' title='bbox 780 959 1007 1007; x_wconf 88' lang='lat' dir='ltr'><em>Iustiniani,</em></span> <span class='ocrx_word' id='word_1_118' title='bbox 1039 958 1106 1008; x_wconf 88' lang='lat' dir='ltr'><em>qui</em></span> <span class='ocrx_word' id='word_1_119' title='bbox 1137 959 1284 997; x_wconf 85' lang='lat' dir='ltr'><em>scilicet</em></span> <span class='ocrx_word' id='word_1_120' title='bbox 1316 960 1581 1011; x_wconf 87' lang='lat' dir='ltr'><em>impensarum</em></span> <span class='ocrx_word' id='word_1_121' title='bbox 1614 974 1687 999; x_wconf 90' lang='lat' dir='ltr'><em>cu-</em></span> 
     </span>
     <span class='ocr_line' id='line_1_15' title="bbox 214 1014 1686 1056; baseline 0.001 -4"><span class='ocrx_word' id='word_1_122' title='bbox 214 1014 335 1053; x_wconf 88' lang='lat' dir='ltr'><em>biculi</em></span> <span class='ocrx_word' id='word_1_123' title='bbox 363 1021 403 1053; x_wconf 88' lang='lat' dir='ltr'><em>et</em></span> <span class='ocrx_word' id='word_1_124' title='bbox 434 1016 581 1053; x_wconf 85' lang='lat' dir='ltr'><em>cellarii</em></span> <span class='ocrx_word' id='word_1_125' title='bbox 611 1017 711 1054; x_wconf 83' lang='lat' dir='ltr'><em>sacri</em></span> <span class='ocrx_word' id='word_1_126' title='bbox 744 1016 940 1054; x_wconf 87' lang='lat' dir='ltr'><em>rationem</em></span> <span class='ocrx_word' id='word_1_127' title='bbox 971 1014 1246 1054; x_wconf 83' lang='lat' dir='ltr'><em>describebant</em></span> <span class='ocrx_word' id='word_1_128' title='bbox 1274 1022 1314 1054; x_wconf 90' lang='lat' dir='ltr'><em>et</em></span> <span class='ocrx_word' id='word_1_129' title='bbox 1349 1016 1391 1054; x_wconf 89' lang='lat' dir='ltr'><em>in</em></span> <span class='ocrx_word' id='word_1_130' title='bbox 1426 1023 1512 1055; x_wconf 85' lang='lat' dir='ltr'><em>acta</em></span> <span class='ocrx_word' id='word_1_131' title='bbox 1537 1017 1686 1056; x_wconf 85' lang='lat' dir='ltr'><em>refere-</em></span> 
     </span>
     <span class='ocr_line' id='line_1_16' title="bbox 215 1067 1686 1124; baseline 0.003 -16"><span class='ocrx_word' id='word_1_132' title='bbox 215 1071 341 1111; x_wconf 87' lang='lat' dir='ltr'><em>bant·</em></span> <span class='ocrx_word' id='word_1_133' title='bbox 363 1067 667 1110; x_wconf 85' lang='lat' dir='ltr'><em>chartularios</em></span> <span class='ocrx_word' id='word_1_134' title='bbox 658 1087 917 1111; x_wconf 86' lang='lat' dir='ltr'><em>numerorum</em></span> <span class='ocrx_word' id='word_1_135' title='bbox 933 1072 1211 1109; x_wconf 74' lang='lat' dir='ltr'><em>militarium</em></span> <span class='ocrx_word' id='word_1_136' title='bbox 1201 1086 1243 1110; x_wconf 91' lang='lat' dir='ltr'><em>1n</em></span> <span class='ocrx_word' id='word_1_137' title='bbox 1263 1072 1363 1112; x_wconf 90' lang='lat' dir='ltr'><em>Nov.</em></span> <span class='ocrx_word' id='word_1_138' title='bbox 1385 1076 1462 1116; x_wconf 85' lang='lat'><em>117</em></span> <span class='ocrx_word' id='word_1_139' title='bbox 1481 1087 1514 1114; x_wconf 78' lang='lat' dir='ltr'><em>c.</em></span> <span class='ocrx_word' id='word_1_140' title='bbox 1528 1077 1592 1121; x_wconf 84' lang='lat'><em>11,</em></span> <span class='ocrx_word' id='word_1_141' title='bbox 1619 1074 1686 1124; x_wconf 88' lang='lat' dir='ltr'><em>qui</em></span> 
     </span>
     <span class='ocr_line' id='line_1_17' title="bbox 214 1128 1690 1183; baseline 0.002 -18"><span class='ocrx_word' id='word_1_142' title='bbox 214 1128 256 1165; x_wconf 90' lang='lat' dir='ltr'><em>in</em></span> <span class='ocrx_word' id='word_1_143' title='bbox 283 1134 371 1166; x_wconf 91' lang='lat' dir='ltr'><em>acta</em></span> <span class='ocrx_word' id='word_1_144' title='bbox 392 1128 617 1166; x_wconf 84' lang='lat' dir='ltr'><em>referebant</em></span> <span class='ocrx_word' id='word_1_145' title='bbox 635 1129 795 1167; x_wconf 87' lang='lat' dir='ltr'><em>nomina</em></span> <span class='ocrx_word' id='word_1_146' title='bbox 817 1128 1092 1178; x_wconf 86' lang='lat' dir='ltr'><em>militantium,</em></span> <span class='ocrx_word' id='word_1_147' title='bbox 1125 1142 1194 1167; x_wconf 85' lang='lat' dir='ltr'><em>seu</em></span> <span class='ocrx_word' id='word_1_148' title='bbox 1216 1129 1283 1179; x_wconf 89' lang='lat' dir='ltr'><em>qui</em></span> <span class='ocrx_word' id='word_1_149' title='bbox 1304 1129 1360 1167; x_wconf 75' lang='lat' dir='ltr'><em>cil</em></span> <span class='ocrx_word' id='word_1_150' title='bbox 1363 1143 1407 1166; x_wconf 89' lang='lat' dir='ltr'><em>ca</em></span> <span class='ocrx_word' id='word_1_151' title='bbox 1427 1133 1501 1170; x_wconf 85' lang='grc' dir='ltr'><em>τοῦ</em></span> <span class='ocrx_word' id='word_1_152' title='bbox 1519 1133 1690 1183; x_wconf 82' lang='grc' dir='ltr'><em>στρατου</em></span> 
     </span>
     <span class='ocr_line' id='line_1_18' title="bbox 216 1181 1688 1238; baseline 0 -14"><span class='ocrx_word' id='word_1_153' title='bbox 216 1199 480 1237; x_wconf 80' lang='grc' dir='ltr'><em>καταγραφην</em></span> <span class='ocrx_word' id='word_1_154' title='bbox 497 1184 565 1225; x_wconf 84' lang='grc' dir='ltr'><em>καὶ</em></span> <span class='ocrx_word' id='word_1_155' title='bbox 583 1181 826 1238; x_wconf 81' lang='grc' dir='ltr'><em>αναζήτησιν</em></span> <span class='ocrx_word' id='word_1_156' title='bbox 848 1185 1164 1237; x_wconf 84' lang='lat' dir='ltr'><em>occupabantur,</em></span> <span class='ocrx_word' id='word_1_157' title='bbox 1193 1191 1241 1224; x_wconf 90' lang='lat' dir='ltr'><em>ut</em></span> <span class='ocrx_word' id='word_1_158' title='bbox 1263 1192 1322 1224; x_wconf 89' lang='lat' dir='ltr'><em>est</em></span> <span class='ocrx_word' id='word_1_159' title='bbox 1339 1186 1381 1223; x_wconf 91' lang='lat' dir='ltr'><em>in</em></span> <span class='ocrx_word' id='word_1_160' title='bbox 1401 1187 1568 1224; x_wconf 84' lang='lat' dir='ltr'><em>Tacticis</em></span> <span class='ocrx_word' id='word_1_161' title='bbox 1585 1187 1688 1225; x_wconf 89' lang='lat' dir='ltr'><em>Ieo-</em></span> 
     </span>
     <span class='ocr_line' id='line_1_19' title="bbox 218 1239 1686 1296; baseline 0.003 -18"><span class='ocrx_word' id='word_1_162' title='bbox 218 1241 278 1278; x_wconf 89' lang='lat' dir='ltr'><em>nis</em></span> <span class='ocrx_word' id='word_1_163' title='bbox 302 1241 396 1292; x_wconf 87' lang='lat' dir='ltr'><em>imp.</em></span> <span class='ocrx_word' id='word_1_164' title='bbox 425 1255 457 1279; x_wconf 89' lang='lat' dir='ltr'><em>c.</em></span> <span class='ocrx_word' id='word_1_165' title='bbox 481 1241 507 1283; x_wconf 83' lang='lat'><strong>4</strong></span> <span class='ocrx_word' id='word_1_166' title='bbox 534 1239 575 1293; x_wconf 73' lang='lat'><em>§.</em></span> <span class='ocrx_word' id='word_1_167' title='bbox 598 1244 665 1284; x_wconf 88' lang='lat'><em>31.</em></span> <span class='ocrx_word' id='word_1_168' title='bbox 712 1242 990 1280; x_wconf 82' lang='lat' dir='ltr'><em>chartularios</em></span> <span class='ocrx_word' id='word_1_169' title='bbox 1015 1243 1161 1279; x_wconf 76' lang='lat' dir='ltr'><em>velocis</em></span> <span class='ocrx_word' id='word_1_170' title='bbox 1188 1256 1357 1292; x_wconf 86' lang='lat' dir='ltr'><em>cursus,</em></span> <span class='ocrx_word' id='word_1_171' title='bbox 1387 1240 1496 1292; x_wconf 79' lang='grc' dir='ltr'>ὀξέος</span> <span class='ocrx_word' id='word_1_172' title='bbox 1521 1240 1686 1296; x_wconf 84' lang='grc' dir='ltr'><em>δρόμου,</em></span> 
     </span>
     <span class='ocr_line' id='line_1_20' title="bbox 217 1297 1687 1351; baseline 0.001 -16"><span class='ocrx_word' id='word_1_173' title='bbox 217 1297 267 1335; x_wconf 88' lang='lat' dir='ltr'><em>de</em></span> <span class='ocrx_word' id='word_1_174' title='bbox 293 1298 435 1348; x_wconf 86' lang='lat' dir='ltr'><em>quibus</em></span> <span class='ocrx_word' id='word_1_175' title='bbox 465 1298 750 1338; x_wconf 84' lang='lat' dir='ltr'><em>Constantinus</em></span> <span class='ocrx_word' id='word_1_176' title='bbox 776 1299 1018 1351; x_wconf 84' lang='lat' dir='ltr'><em>Porphyrog.</em></span> <span class='ocrx_word' id='word_1_177' title='bbox 1044 1298 1092 1336; x_wconf 89' lang='lat' dir='ltr'><em>de</em></span> <span class='ocrx_word' id='word_1_178' title='bbox 1114 1297 1230 1339; x_wconf 82' lang='lat' dir='ltr'><em>Adm.</em></span> <span class='ocrx_word' id='word_1_179' title='bbox 1252 1299 1351 1350; x_wconf 88' lang='lat' dir='ltr'><em>Imp.</em></span> <span class='ocrx_word' id='word_1_180' title='bbox 1374 1312 1407 1337; x_wconf 79' lang='lat' dir='ltr'><em>c,</em></span> <span class='ocrx_word' id='word_1_181' title='bbox 1427 1298 1480 1341; x_wconf 81' lang='lat'><em>43</em></span> <span class='ocrx_word' id='word_1_182' title='bbox 1514 1305 1554 1337; x_wconf 88' lang='lat' dir='ltr'><em>et</em></span> <span class='ocrx_word' id='word_1_183' title='bbox 1576 1299 1642 1338; x_wconf 85' lang='lat' dir='ltr'><em>lex</em></span> <span class='ocrx_word' id='word_1_184' title='bbox 1659 1303 1687 1342; x_wconf 83' lang='lat'><strong>3</strong></span> 
     </span>
     <span class='ocr_line' id='line_1_21' title="bbox 218 1353 1689 1409; baseline 0.003 -17"><span class='ocrx_word' id='word_1_185' title='bbox 218 1354 313 1392; x_wconf 83' lang='lat' dir='ltr'><em>Cod.</em></span> <span class='ocrx_word' id='word_1_186' title='bbox 341 1355 390 1393; x_wconf 87' lang='lat' dir='ltr'><em>de</em></span> <span class='ocrx_word' id='word_1_187' title='bbox 414 1355 573 1393; x_wconf 89' lang='lat' dir='ltr'><em>Canone</em></span> <span class='ocrx_word' id='word_1_188' title='bbox 591 1355 720 1406; x_wconf 84' lang='lat' dir='ltr'><em>largit.</em></span> <span class='ocrx_word' id='word_1_189' title='bbox 740 1357 848 1395; x_wconf 82' lang='lat' dir='ltr'><em>titul.</em></span> <span class='ocrx_word' id='word_1_190' title='bbox 910 1355 1173 1394; x_wconf 81' lang='lat' dir='ltr'><em>chartularios</em></span> <span class='ocrx_word' id='word_1_191' title='bbox 1191 1358 1264 1409; x_wconf 79' lang='grc' dir='ltr'><em>τῆς</em></span> <span class='ocrx_word' id='word_1_192' title='bbox 1287 1354 1500 1409; x_wconf 82' lang='grc' dir='ltr'><strong><em>λεγομένης</em></strong></span> <span class='ocrx_word' id='word_1_193' title='bbox 1523 1353 1689 1406; x_wconf 80' lang='grc' dir='ltr'><strong><em>ἐξαρτή-</em></strong></span> 
     </span>
     <span class='ocr_line' id='line_1_22' title="bbox 218 1411 1688 1464; baseline 0.001 -13"><span class='ocrx_word' id='word_1_194' title='bbox 218 1422 335 1460; x_wconf 83' lang='grc' dir='ltr'><em>σεως,</em></span> <span class='ocrx_word' id='word_1_195' title='bbox 366 1411 477 1450; x_wconf 85' lang='lat' dir='ltr'><em>cuius</em></span> <span class='ocrx_word' id='word_1_196' title='bbox 496 1414 669 1451; x_wconf 87' lang='lat' dir='ltr'><em>muneris</em></span> <span class='ocrx_word' id='word_1_197' title='bbox 686 1413 865 1451; x_wconf 83' lang='lat' dir='ltr'><em>meminit</em></span> <span class='ocrx_word' id='word_1_198' title='bbox 882 1413 1047 1451; x_wconf 90' lang='lat' dir='ltr'><em>Ioannes</em></span> <span class='ocrx_word' id='word_1_199' title='bbox 1065 1413 1325 1451; x_wconf 89' lang='lat' dir='ltr'><em>Damascenus</em></span> <span class='ocrx_word' id='word_1_200' title='bbox 1340 1412 1384 1451; x_wconf 90' lang='lat' dir='ltr'><em>in</em></span> <span class='ocrx_word' id='word_1_201' title='bbox 1400 1412 1521 1463; x_wconf 88' lang='lat' dir='ltr'><em>Epist.</em></span> <span class='ocrx_word' id='word_1_202' title='bbox 1538 1412 1688 1464; x_wconf 73' lang='lat' dir='ltr'><em>Synod-</em></span> 
     </span>
     <span class='ocr_line' id='line_1_23' title="bbox 217 1465 1689 1524; baseline 0.001 -19"><span class='ocrx_word' id='word_1_203' title='bbox 217 1467 269 1506; x_wconf 85' lang='lat' dir='ltr'><em>ad</em></span> <span class='ocrx_word' id='word_1_204' title='bbox 288 1468 551 1519; x_wconf 86' lang='lat' dir='ltr'><em>Theophilum</em></span> <span class='ocrx_word' id='word_1_205' title='bbox 573 1469 688 1520; x_wconf 83' lang='lat' dir='ltr'><em>imp.;</em></span> <span class='ocrx_word' id='word_1_206' title='bbox 728 1465 975 1524; x_wconf 77' lang='grc' dir='ltr'><em>ἐξαρτήσεως</em></span> <span class='ocrx_word' id='word_1_207' title='bbox 1008 1475 1141 1507; x_wconf 85' lang='lat' dir='ltr'><em>autem</em></span> <span class='ocrx_word' id='word_1_208' title='bbox 1169 1470 1358 1521; x_wconf 87' lang='lat' dir='ltr'><em>Scylitzes</em></span> <span class='ocrx_word' id='word_1_209' title='bbox 1389 1483 1429 1521; x_wconf 89' lang='lat' dir='ltr'><em>p.</em></span> <span class='ocrx_word' id='word_1_210' title='bbox 1445 1468 1539 1510; x_wconf 82' lang='lat'><em>746.</em></span> <span class='ocrx_word' id='word_1_211' title='bbox 1597 1482 1689 1508; x_wconf 85' lang='lat' dir='ltr'><em>cum</em></span> 
     </span>
     <span class='ocr_line' id='line_1_24' title="bbox 215 1524 1689 1577; baseline 0.001 -16"><span class='ocrx_word' id='word_1_212' title='bbox 215 1524 336 1574; x_wconf 83' lang='lat' dir='ltr'><em>igitur</em></span> <span class='ocrx_word' id='word_1_213' title='bbox 369 1526 503 1577; x_wconf 87' lang='lat' dir='ltr'><em>plures</em></span> <span class='ocrx_word' id='word_1_214' title='bbox 538 1533 664 1563; x_wconf 86' lang='lat' dir='ltr'><em>essent</em></span> <span class='ocrx_word' id='word_1_215' title='bbox 694 1526 944 1575; x_wconf 86' lang='lat' dir='ltr'><em>chartularii,</em></span> <span class='ocrx_word' id='word_1_216' title='bbox 996 1526 1173 1564; x_wconf 82' lang='lat' dir='ltr'><em>confecta</em></span> <span class='ocrx_word' id='word_1_217' title='bbox 1210 1526 1303 1564; x_wconf 90' lang='lat' dir='ltr'><em>inde</em></span> <span class='ocrx_word' id='word_1_218' title='bbox 1335 1526 1689 1563; x_wconf 82' lang='lat' dir='ltr'><em>chartulariorum</em></span> 
     </span>
     <span class='ocr_line' id='line_1_25' title="bbox 216 1579 1690 1633; baseline 0.001 -16"><span class='ocrx_word' id='word_1_219' title='bbox 216 1579 382 1629; x_wconf 84' lang='lat' dir='ltr'><em>schola,</em></span> <span class='ocrx_word' id='word_1_220' title='bbox 414 1581 463 1619; x_wconf 87' lang='lat' dir='ltr'><em>de</em></span> <span class='ocrx_word' id='word_1_221' title='bbox 490 1595 568 1632; x_wconf 86' lang='lat' dir='ltr'><em>qua</em></span> <span class='ocrx_word' id='word_1_222' title='bbox 600 1583 676 1633; x_wconf 87' lang='lat' dir='ltr'><em>agit</em></span> <span class='ocrx_word' id='word_1_223' title='bbox 702 1582 766 1619; x_wconf 84' lang='lat' dir='ltr'><em>lex</em></span> <span class='ocrx_word' id='word_1_224' title='bbox 791 1586 809 1623; x_wconf 88' lang='lat'>1</span> <span class='ocrx_word' id='word_1_225' title='bbox 845 1582 943 1624; x_wconf 83' lang='lat' dir='ltr'><em>cod.</em></span> <span class='ocrx_word' id='word_1_226' title='bbox 977 1581 1026 1619; x_wconf 80' lang='lat' dir='ltr'><em>de</em></span> <span class='ocrx_word' id='word_1_227' title='bbox 1047 1582 1160 1621; x_wconf 88' lang='lat' dir='ltr'><em>Osfic.</em></span> <span class='ocrx_word' id='word_1_228' title='bbox 1177 1583 1301 1621; x_wconf 80' lang='lat' dir='ltr'><em>Praef.</em></span> <span class='ocrx_word' id='word_1_229' title='bbox 1323 1582 1450 1621; x_wconf 90' lang='lat' dir='ltr'><em>Praet.</em></span> <span class='ocrx_word' id='word_1_230' title='bbox 1506 1595 1690 1633; x_wconf 87' lang='lat' dir='ltr'><em>praeser—</em></span> 
     </span>
     <span class='ocr_line' id='line_1_26' title="bbox 215 1636 1689 1688; baseline 0.002 -14"><span class='ocrx_word' id='word_1_231' title='bbox 215 1637 289 1674; x_wconf 87' lang='lat' dir='ltr'><em>tim</em></span> <span class='ocrx_word' id='word_1_232' title='bbox 320 1650 417 1676; x_wconf 87' lang='lat' dir='ltr'><em>vero</em></span> <span class='ocrx_word' id='word_1_233' title='bbox 447 1637 694 1676; x_wconf 83' lang='lat' dir='ltr'><em>chartularii</em></span> <span class='ocrx_word' id='word_1_234' title='bbox 719 1636 931 1686; x_wconf 79' lang='lat' dir='ltr'><em>dicuntur,</em></span> <span class='ocrx_word' id='word_1_235' title='bbox 962 1638 1029 1688; x_wconf 90' lang='lat' dir='ltr'><em>qui</em></span> <span class='ocrx_word' id='word_1_236' title='bbox 1055 1639 1210 1677; x_wconf 80' lang='lat' dir='ltr'><em>tabulas</em></span> <span class='ocrx_word' id='word_1_237' title='bbox 1232 1640 1297 1678; x_wconf 85' lang='lat' dir='ltr'><em>vel</em></span> <span class='ocrx_word' id='word_1_238' title='bbox 1320 1638 1478 1677; x_wconf 90' lang='lat' dir='ltr'><em>chartas</em></span> <span class='ocrx_word' id='word_1_239' title='bbox 1497 1639 1689 1677; x_wconf 87' lang='lat' dir='ltr'><em>fiscalium</em></span> 
     </span>
     <span class='ocr_line' id='line_1_27' title="bbox 218 1693 1689 1746; baseline 0.001 -15"><span class='ocrx_word' id='word_1_240' title='bbox 218 1693 446 1732; x_wconf 81' lang='lat' dir='ltr'><em>debitorum</em></span> <span class='ocrx_word' id='word_1_241' title='bbox 475 1700 666 1744; x_wconf 84' lang='lat' dir='ltr'><em>tractant,</em></span> <span class='ocrx_word' id='word_1_242' title='bbox 702 1701 843 1746; x_wconf 87' lang='lat' dir='ltr'><em>agunt,</em></span> <span class='ocrx_word' id='word_1_243' title='bbox 874 1695 1164 1734; x_wconf 88' lang='lat' dir='ltr'><em>administrant.</em></span> <span class='ocrx_word' id='word_1_244' title='bbox 1221 1701 1361 1734; x_wconf 81' lang='lat' dir='ltr'><em>auctor</em></span> <span class='ocrx_word' id='word_1_245' title='bbox 1387 1695 1586 1735; x_wconf 84' lang='lat' dir='ltr'><em>Historiae</em></span> <span class='ocrx_word' id='word_1_246' title='bbox 1607 1695 1689 1733; x_wconf 88' lang='lat' dir='ltr'><em>Mi-</em></span> 
     </span>
     <span class='ocr_line' id='line_1_28' title="bbox 217 1750 1690 1804; baseline 0.001 -16"><span class='ocrx_word' id='word_1_247' title='bbox 217 1750 356 1788; x_wconf 85' lang='lat' dir='ltr'><em>scellae</em></span> <span class='ocrx_word' id='word_1_248' title='bbox 376 1751 495 1792; x_wconf 78' lang='lat' dir='ltr'><em>l.22:</em></span> <span class='ocrx_word' id='word_1_249' title='bbox 530 1765 624 1789; x_wconf 89' lang='lat' dir='ltr'><em>cum</em></span> <span class='ocrx_word' id='word_1_250' title='bbox 655 1751 941 1789; x_wconf 83' lang='lat' dir='ltr'><em>chartularius</em></span> <span class='ocrx_word' id='word_1_251' title='bbox 977 1760 1075 1789; x_wconf 86' lang='lat' dir='ltr'><em>esset</em></span> <span class='ocrx_word' id='word_1_252' title='bbox 1106 1760 1142 1790; x_wconf 87' lang='lat' dir='ltr'><em>et</em></span> <span class='ocrx_word' id='word_1_253' title='bbox 1171 1752 1344 1803; x_wconf 80' lang='lat' dir='ltr'><em>publica</em></span> <span class='ocrx_word' id='word_1_254' title='bbox 1378 1751 1538 1790; x_wconf 83' lang='lat' dir='ltr'><em>tributa</em></span> <span class='ocrx_word' id='word_1_255' title='bbox 1561 1752 1690 1804; x_wconf 86' lang='lat' dir='ltr'><em>sacta</em></span> 
     </span>
     <span class='ocr_line' id='line_1_29' title="bbox 216 1805 1689 1861; baseline 0.004 -17"><span class='ocrx_word' id='word_1_256' title='bbox 216 1809 374 1845; x_wconf 86' lang='lat' dir='ltr'><em>ratione</em></span> <span class='ocrx_word' id='word_1_257' title='bbox 390 1807 596 1859; x_wconf 80' lang='lat' dir='ltr'><em>conferret.</em></span> <span class='ocrx_word' id='word_1_258' title='bbox 626 1822 704 1859; x_wconf 91' lang='lat' dir='ltr'><em>quo</em></span> <span class='ocrx_word' id='word_1_259' title='bbox 724 1809 811 1846; x_wconf 92' lang='lat' dir='ltr'><em>loco</em></span> <span class='ocrx_word' id='word_1_260' title='bbox 834 1808 1114 1860; x_wconf 89' lang='lat' dir='ltr'><em>Theophanes,</em></span> <span class='ocrx_word' id='word_1_261' title='bbox 1145 1805 1428 1861; x_wconf 79' lang='grc' dir='ltr'><em>χαρτουλᾶριόν</em></span> <span class='ocrx_word' id='word_1_262' title='bbox 1451 1823 1491 1849; x_wconf 83' lang='grc' dir='ltr'><em>τε</em></span> <span class='ocrx_word' id='word_1_263' title='bbox 1509 1812 1689 1850; x_wconf 77' lang='grc' dir='ltr'><strong><em>τελοῦντι</em></strong></span> 
     </span>
     <span class='ocr_line' id='line_1_30' title="bbox 218 1861 1688 1923; baseline 0.001 -20"><span class='ocrx_word' id='word_1_264' title='bbox 218 1867 298 1903; x_wconf 80' lang='grc' dir='ltr'><em>τῶν</em></span> <span class='ocrx_word' id='word_1_265' title='bbox 318 1865 523 1916; x_wconf 84' lang='grc' dir='ltr'><em>δημοσίων</em></span> <span class='ocrx_word' id='word_1_266' title='bbox 545 1861 692 1923; x_wconf 78' lang='grc' dir='ltr'><strong><em>φόρων.</em></strong></span> <span class='ocrx_word' id='word_1_267' title='bbox 751 1865 819 1916; x_wconf 91' lang='lat' dir='ltr'><em>qui</em></span> <span class='ocrx_word' id='word_1_268' title='bbox 842 1865 903 1902; x_wconf 88' lang='lat' dir='ltr'><em>his</em></span> <span class='ocrx_word' id='word_1_269' title='bbox 925 1871 1106 1916; x_wconf 88' lang='lat' dir='ltr'><em>praeerat</em></span> <span class='ocrx_word' id='word_1_270' title='bbox 1125 1879 1302 1918; x_wconf 75' lang='lat' dir='ltr'><em>magnus</em></span> <span class='ocrx_word' id='word_1_271' title='bbox 1319 1866 1603 1903; x_wconf 83' lang='lat' dir='ltr'><em>chartularius</em></span> <span class='ocrx_word' id='word_1_272' title='bbox 1623 1865 1688 1904; x_wconf 82' lang='lat' dir='ltr'><em>‹li-</em></span> 
     </span>
     <span class='ocr_line' id='line_1_31' title="bbox 219 1916 1687 1975; baseline 0.003 -18"><span class='ocrx_word' id='word_1_273' title='bbox 219 1920 321 1959; x_wconf 89' lang='lat' dir='ltr'><em>citur</em></span> <span class='ocrx_word' id='word_1_274' title='bbox 340 1921 471 1960; x_wconf 89' lang='lat' dir='ltr'><em>Ducae</em></span> <span class='ocrx_word' id='word_1_275' title='bbox 487 1935 519 1960; x_wconf 86' lang='lat' dir='ltr'><em>e.</em></span> <span class='ocrx_word' id='word_1_276' title='bbox 529 1923 603 1964; x_wconf 88' lang='lat'><em>30:</em></span> <span class='ocrx_word' id='word_1_277' title='bbox 634 1937 751 1970; x_wconf 82' lang='grc' dir='ltr'><strong><em>ουτος</em></strong></span> <span class='ocrx_word' id='word_1_278' title='bbox 769 1920 845 1975; x_wconf 67' lang='grc' dir='ltr'><em>γάρ</em></span> <span class='ocrx_word' id='word_1_279' title='bbox 864 1916 918 1974; x_wconf 80' lang='grc' dir='ltr'><em>ἦν</em></span> <span class='ocrx_word' id='word_1_280' title='bbox 937 1924 1095 1975; x_wconf 75' lang='grc' dir='ltr'><strong><em>πρῶτον</em></strong></span> <span class='ocrx_word' id='word_1_281' title='bbox 1111 1924 1193 1962; x_wconf 75' lang='grc' dir='ltr'><em>τῶν</em></span> <span class='ocrx_word' id='word_1_282' title='bbox 1211 1918 1487 1974; x_wconf 84' lang='grc' dir='ltr'><em>εἰσοδηματων</em></span> <span class='ocrx_word' id='word_1_283' title='bbox 1506 1925 1578 1973; x_wconf 80' lang='grc' dir='ltr'><em>τῆς</em></span> <span class='ocrx_word' id='word_1_284' title='bbox 1593 1920 1687 1974; x_wconf 73' lang='grc' dir='ltr'><em>ἦγε-</em></span> 
     </span>
     <span class='ocr_line' id='line_1_32' title="bbox 217 1974 1688 2031; baseline 0 -15"><span class='ocrx_word' id='word_1_285' title='bbox 217 1977 361 2028; x_wconf 84' lang='grc' dir='ltr'><em>μονίας</em></span> <span class='ocrx_word' id='word_1_286' title='bbox 377 1976 497 2030; x_wconf 79' lang='grc' dir='ltr'><em>μέγας</em></span> <span class='ocrx_word' id='word_1_287' title='bbox 514 1974 812 2031; x_wconf 80' lang='grc' dir='ltr'><strong><em>χαρτουλαριος.</em></strong></span> <span class='ocrx_word' id='word_1_288' title='bbox 869 1990 1011 2018; x_wconf 83' lang='lat' dir='ltr'><em>verum</em></span> <span class='ocrx_word' id='word_1_289' title='bbox 1027 1979 1141 2029; x_wconf 85' lang='lat' dir='ltr'><em>longe</em></span> <span class='ocrx_word' id='word_1_290' title='bbox 1159 1978 1273 2016; x_wconf 87' lang='lat' dir='ltr'><em>aliam</em></span> <span class='ocrx_word' id='word_1_291' title='bbox 1286 1979 1528 2017; x_wconf 88' lang='lat' dir='ltr'><em>functionem</em></span> <span class='ocrx_word' id='word_1_292' title='bbox 1546 1977 1688 2016; x_wconf 83' lang='lat' dir='ltr'><em>habuit</em></span> 
     </span>
     <span class='ocr_line' id='line_1_33' title="bbox 216 2032 1687 2085; baseline 0.001 -16"><span class='ocrx_word' id='word_1_293' title='bbox 216 2032 448 2072; x_wconf 87' lang='lat' dir='ltr'><em>chartularii</em></span> <span class='ocrx_word' id='word_1_294' title='bbox 470 2035 658 2085; x_wconf 86' lang='lat' dir='ltr'><em>dignitas,</em></span> <span class='ocrx_word' id='word_1_295' title='bbox 682 2036 793 2073; x_wconf 90' lang='lat' dir='ltr'><em>cuius</em></span> <span class='ocrx_word' id='word_1_296' title='bbox 812 2035 879 2073; x_wconf 88' lang='lat' dir='ltr'><em>hic</em></span> <span class='ocrx_word' id='word_1_297' title='bbox 897 2035 1074 2074; x_wconf 83' lang='lat' dir='ltr'><em>occurrit</em></span> <span class='ocrx_word' id='word_1_298' title='bbox 1093 2036 1241 2073; x_wconf 87' lang='lat' dir='ltr'><em>mentio</em></span> <span class='ocrx_word' id='word_1_299' title='bbox 1255 2065 1265 2084; x_wconf 89' lang='lat'><em>,</em></span> <span class='ocrx_word' id='word_1_300' title='bbox 1298 2041 1338 2073; x_wconf 89' lang='lat' dir='ltr'><em>et</em></span> <span class='ocrx_word' id='word_1_301' title='bbox 1354 2035 1380 2073; x_wconf 91' lang='lat' dir='ltr'><em>l.</em></span> <span class='ocrx_word' id='word_1_302' title='bbox 1399 2038 1424 2076; x_wconf 92' lang='lat'><strong>6</strong></span> <span class='ocrx_word' id='word_1_303' title='bbox 1446 2048 1480 2073; x_wconf 85' lang='lat' dir='ltr'><em>c.</em></span> <span class='ocrx_word' id='word_1_304' title='bbox 1498 2037 1537 2076; x_wconf 89' lang='lat'><em>7.</em></span> <span class='ocrx_word' id='word_1_305' title='bbox 1595 2047 1687 2072; x_wconf 87' lang='lat' dir='ltr'><em>nam</em></span> 
     </span>
     <span class='ocr_line' id='line_1_34' title="bbox 213 2089 1687 2143; baseline 0.001 -17"><span class='ocrx_word' id='word_1_306' title='bbox 213 2089 475 2140; x_wconf 88' lang='lat' dir='ltr'><em>imperatoriis</em></span> <span class='ocrx_word' id='word_1_307' title='bbox 508 2092 618 2140; x_wconf 86' lang='lat' dir='ltr'><em>equis</em></span> <span class='ocrx_word' id='word_1_308' title='bbox 647 2092 869 2143; x_wconf 80' lang='lat' dir='ltr'><em>praefectus</em></span> <span class='ocrx_word' id='word_1_309' title='bbox 900 2098 987 2139; x_wconf 85' lang='lat' dir='ltr'><em>erat</em></span> <span class='ocrx_word' id='word_1_310' title='bbox 1015 2091 1302 2140; x_wconf 81' lang='lat' dir='ltr'><em>chartularius,</em></span> <span class='ocrx_word' id='word_1_311' title='bbox 1338 2097 1384 2129; x_wconf 92' lang='lat' dir='ltr'><em>ut</em></span> <span class='ocrx_word' id='word_1_312' title='bbox 1421 2091 1608 2129; x_wconf 80' lang='lat' dir='ltr'><em>docemur</em></span> <span class='ocrx_word' id='word_1_313' title='bbox 1634 2103 1687 2128; x_wconf 78' lang='lat' dir='ltr'><em>ex</em></span> 
     </span>
     <span class='ocr_line' id='line_1_35' title="bbox 216 2146 1687 2199; baseline 0.001 -16"><span class='ocrx_word' id='word_1_314' title='bbox 216 2146 370 2184; x_wconf 87' lang='lat' dir='ltr'><em>Zonara</em></span> <span class='ocrx_word' id='word_1_315' title='bbox 387 2147 428 2184; x_wconf 87' lang='lat' dir='ltr'><em>in</em></span> <span class='ocrx_word' id='word_1_316' title='bbox 443 2147 572 2183; x_wconf 89' lang='lat' dir='ltr'><em>Leone</em></span> <span class='ocrx_word' id='word_1_317' title='bbox 589 2148 727 2186; x_wconf 81' lang='lat' dir='ltr'><em>[sauro</em></span> <span class='ocrx_word' id='word_1_318' title='bbox 747 2162 789 2199; x_wconf 86' lang='lat' dir='ltr'><em>p.</em></span> <span class='ocrx_word' id='word_1_319' title='bbox 811 2150 865 2190; x_wconf 84' lang='lat'><em>83</em></span> <span class='ocrx_word' id='word_1_320' title='bbox 889 2155 927 2186; x_wconf 91' lang='lat' dir='ltr'><em>et</em></span> <span class='ocrx_word' id='word_1_321' title='bbox 947 2149 1081 2188; x_wconf 89' lang='lat' dir='ltr'><em>Niceta</em></span> <span class='ocrx_word' id='word_1_322' title='bbox 1102 2149 1144 2186; x_wconf 90' lang='lat' dir='ltr'><em>in</em></span> <span class='ocrx_word' id='word_1_323' title='bbox 1163 2147 1308 2186; x_wconf 75' lang='lat' dir='ltr'><em>Isaa¹cio</em></span> <span class='ocrx_word' id='word_1_324' title='bbox 1329 2147 1474 2198; x_wconf 87' lang='lat' dir='ltr'><em>Angelo</em></span> <span class='ocrx_word' id='word_1_325' title='bbox 1490 2147 1518 2186; x_wconf 88' lang='lat' dir='ltr'><em>l.</em></span> <span class='ocrx_word' id='word_1_326' title='bbox 1538 2149 1567 2189; x_wconf 85' lang='lat'>3</span> <span class='ocrx_word' id='word_1_327' title='bbox 1590 2160 1630 2184; x_wconf 82' lang='lat' dir='ltr'><em>n.</em></span> <span class='ocrx_word' id='word_1_328' title='bbox 1647 2149 1687 2188; x_wconf 83' lang='grc'><em>2.</em></span> 
     </span>
     <span class='ocr_line' id='line_1_36' title="bbox 215 2202 1737 2257; baseline 0 -17"><span class='ocrx_word' id='word_1_329' title='bbox 215 2215 400 2254; x_wconf 88' lang='lat' dir='ltr'><em>magnum</em></span> <span class='ocrx_word' id='word_1_330' title='bbox 422 2202 709 2241; x_wconf 85' lang='lat' dir='ltr'><em>chartularium</em></span> <span class='ocrx_word' id='word_1_331' title='bbox 731 2217 776 2241; x_wconf 88' lang='lat' dir='ltr'><em>eo</em></span> <span class='ocrx_word' id='word_1_332' title='bbox 797 2205 955 2243; x_wconf 88' lang='lat' dir='ltr'><em>nomine</em></span> <span class='ocrx_word' id='word_1_333' title='bbox 975 2211 1066 2257; x_wconf 92' lang='lat' dir='ltr'><em>post</em></span> <span class='ocrx_word' id='word_1_334' title='bbox 1080 2211 1412 2256; x_wconf 85' lang='lat' dir='ltr'><em>protostratorem</em></span> <span class='ocrx_word' id='word_1_335' title='bbox 1434 2204 1475 2242; x_wconf 89' lang='lat' dir='ltr'><em>in</em></span> <span class='ocrx_word' id='word_1_336' title='bbox 1493 2202 1583 2242; x_wconf 78' lang='lat' dir='ltr'><em>aula</em></span> <span class='ocrx_word' id='word_1_337' title='bbox 1601 2215 1689 2240; x_wconf 89' lang='lat' dir='ltr'><em>me-</em></span> <span class='ocrx_word' id='word_1_338' title='bbox 1734 2223 1737 2225; x_wconf 97' lang='lat'>·</span> 
     </span>
     <span class='ocr_line' id='line_1_37' title="bbox 75 2259 1688 2313; baseline 0.002 -20"><span class='ocrx_word' id='word_1_339' title='bbox 75 2260 103 2293; x_wconf 89' lang='lat' dir='ltr'>P</span> <span class='ocrx_word' id='word_1_340' title='bbox 127 2261 195 2298; x_wconf 82' lang='lat'><em>453</em></span> <span class='ocrx_word' id='word_1_341' title='bbox 217 2259 341 2297; x_wconf 84' lang='lat' dir='ltr'><em>ruisse</em></span> <span class='ocrx_word' id='word_1_342' title='bbox 375 2259 510 2297; x_wconf 83' lang='lat' dir='ltr'><em>scribit</em></span> <span class='ocrx_word' id='word_1_343' title='bbox 542 2259 716 2298; x_wconf 80' lang='lat' dir='ltr'><em>eodinus</em></span> <span class='ocrx_word' id='word_1_344' title='bbox 739 2260 788 2297; x_wconf 86' lang='lat' dir='ltr'><em>de</em></span> <span class='ocrx_word' id='word_1_345' title='bbox 808 2260 923 2299; x_wconf 82' lang='lat' dir='ltr'><em>offic.</em></span> <span class='ocrx_word' id='word_1_346' title='bbox 948 2262 1059 2300; x_wconf 86' lang='lat' dir='ltr'><em>aulae</em></span> <span class='ocrx_word' id='word_1_347' title='bbox 1078 2262 1146 2313; x_wconf 90' lang='lat' dir='ltr'><em>Cp.</em></span> <span class='ocrx_word' id='word_1_348' title='bbox 1172 2276 1204 2302; x_wconf 90' lang='lat' dir='ltr'><em>c.</em></span> <span class='ocrx_word' id='word_1_349' title='bbox 1228 2263 1253 2303; x_wconf 90' lang='lat'><strong><em>5</em></strong></span> <span class='ocrx_word' id='word_1_350' title='bbox 1272 2275 1311 2299; x_wconf 93' lang='lat' dir='ltr'><em>n.</em></span> <span class='ocrx_word' id='word_1_351' title='bbox 1331 2264 1378 2310; x_wconf 71' lang='lat'><em>6,</em></span> <span class='ocrx_word' id='word_1_352' title='bbox 1406 2259 1587 2310; x_wconf 78' lang='lat' dir='ltr'><em>illiusque</em></span> <span class='ocrx_word' id='word_1_353' title='bbox 1611 2273 1688 2310; x_wconf 88' lang='lat' dir='ltr'><em>po-</em></span> 
     </span>
     <span class='ocr_line' id='line_1_38' title="bbox 216 2316 1689 2368; baseline 0.001 -15"><span class='ocrx_word' id='word_1_354' title='bbox 216 2316 410 2354; x_wconf 85' lang='lat' dir='ltr'><em>tissimum</em></span> <span class='ocrx_word' id='word_1_355' title='bbox 435 2316 552 2354; x_wconf 89' lang='lat' dir='ltr'><em>fuisse</em></span> <span class='ocrx_word' id='word_1_356' title='bbox 578 2329 722 2354; x_wconf 90' lang='lat' dir='ltr'><em>munus</em></span> <span class='ocrx_word' id='word_1_357' title='bbox 748 2316 898 2365; x_wconf 80' lang='lat' dir='ltr'><em>tradit,</em></span> <span class='ocrx_word' id='word_1_358' title='bbox 928 2323 976 2355; x_wconf 88' lang='lat' dir='ltr'><em>ut</em></span> <span class='ocrx_word' id='word_1_359' title='bbox 999 2330 1167 2366; x_wconf 82' lang='lat' dir='ltr'><em>equum,</em></span> <span class='ocrx_word' id='word_1_360' title='bbox 1200 2329 1357 2368; x_wconf 89' lang='lat' dir='ltr'><em>peregre</em></span> <span class='ocrx_word' id='word_1_361' title='bbox 1387 2322 1457 2354; x_wconf 85' lang='lat' dir='ltr'><em>aut</em></span> <span class='ocrx_word' id='word_1_362' title='bbox 1492 2316 1633 2365; x_wconf 88' lang='lat' dir='ltr'><em>quovis</em></span> <span class='ocrx_word' id='word_1_363' title='bbox 1666 2329 1689 2354; x_wconf 87' lang='lat' dir='ltr'><em>e</em></span> 
     </span>
     <span class='ocr_line' id='line_1_39' title="bbox 216 2371 1687 2424; baseline 0.001 -15"><span class='ocrx_word' id='word_1_364' title='bbox 216 2373 362 2423; x_wconf 85' lang='lat' dir='ltr'><em>palatio</em></span> <span class='ocrx_word' id='word_1_365' title='bbox 392 2373 620 2424; x_wconf 81' lang='lat' dir='ltr'><em>profecturo</em></span> <span class='ocrx_word' id='word_1_366' title='bbox 643 2372 897 2424; x_wconf 88' lang='lat' dir='ltr'><em>imperatori,</em></span> <span class='ocrx_word' id='word_1_367' title='bbox 925 2373 975 2411; x_wconf 77' lang='lat' dir='ltr'><em>ad</em></span> <span class='ocrx_word' id='word_1_368' title='bbox 998 2373 1132 2424; x_wconf 88' lang='lat' dir='ltr'><em>palatii</em></span> <span class='ocrx_word' id='word_1_369' title='bbox 1149 2373 1270 2423; x_wconf 86' lang='lat' dir='ltr'><em>ipsius</em></span> <span class='ocrx_word' id='word_1_370' title='bbox 1286 2378 1441 2423; x_wconf 87' lang='lat' dir='ltr'><em>portam</em></span> <span class='ocrx_word' id='word_1_371' title='bbox 1458 2371 1687 2414; x_wconf 83' lang='lat' dir='ltr'><em>adduceret.</em></span> 
     </span>
     <span class='ocr_line' id='line_1_40' title="bbox 217 2427 1688 2480; baseline 0 -14"><span class='ocrx_word' id='word_1_372' title='bbox 217 2443 307 2467; x_wconf 87' lang='lat' dir='ltr'><em>cum</em></span> <span class='ocrx_word' id='word_1_373' title='bbox 337 2429 459 2480; x_wconf 89' lang='lat' dir='ltr'><em>igitur</em></span> <span class='ocrx_word' id='word_1_374' title='bbox 487 2428 585 2466; x_wconf 88' lang='lat' dir='ltr'><em>haec</em></span> <span class='ocrx_word' id='word_1_375' title='bbox 617 2429 785 2480; x_wconf 86' lang='lat' dir='ltr'><em>dignitas</em></span> <span class='ocrx_word' id='word_1_376' title='bbox 817 2429 1051 2480; x_wconf 85' lang='lat' dir='ltr'><em>praecipuos</em></span> <span class='ocrx_word' id='word_1_377' title='bbox 1085 2429 1197 2467; x_wconf 85' lang='lat' dir='ltr'><em>aulae</em></span> <span class='ocrx_word' id='word_1_378' title='bbox 1229 2427 1688 2478; x_wconf 85' lang='lat' dir='ltr'><em>Constantinopolitanae</em></span> 
     </span>
     <span class='ocr_line' id='line_1_41' title="bbox 214 2483 1688 2538; baseline 0 -16"><span class='ocrx_word' id='word_1_379' title='bbox 214 2499 397 2537; x_wconf 84' lang='lat' dir='ltr'><em>proceres</em></span> <span class='ocrx_word' id='word_1_380' title='bbox 432 2486 643 2537; x_wconf 87' lang='lat' dir='ltr'><em>spectarit,</em></span> <span class='ocrx_word' id='word_1_381' title='bbox 672 2499 752 2523; x_wconf 90' lang='lat' dir='ltr'><em>non</em></span> <span class='ocrx_word' id='word_1_382' title='bbox 778 2485 897 2523; x_wconf 89' lang='lat' dir='ltr'><em>modo</em></span> <span class='ocrx_word' id='word_1_383' title='bbox 921 2486 1126 2538; x_wconf 86' lang='lat' dir='ltr'><em>probabile</em></span> <span class='ocrx_word' id='word_1_384' title='bbox 1156 2485 1317 2522; x_wconf 87' lang='lat' dir='ltr'><em>videtur</em></span> <span class='ocrx_word' id='word_1_385' title='bbox 1346 2497 1390 2520; x_wconf 88' lang='lat' dir='ltr'><em>ea</em></span> <span class='ocrx_word' id='word_1_386' title='bbox 1421 2483 1589 2523; x_wconf 89' lang='lat' dir='ltr'><em>donatos</em></span> <span class='ocrx_word' id='word_1_387' title='bbox 1608 2485 1688 2522; x_wconf 87' lang='lat' dir='ltr'><em>Mi-</em></span> 
     </span>
     <span class='ocr_line' id='line_1_42' title="bbox 217 2540 1689 2594; baseline 0 -16"><span class='ocrx_word' id='word_1_388' title='bbox 217 2541 391 2579; x_wconf 74' lang='lat' dir='ltr'><em>chaelem</em></span> <span class='ocrx_word' id='word_1_389' title='bbox 418 2543 587 2581; x_wconf 82' lang='lat' dir='ltr'><em>Eranam</em></span> <span class='ocrx_word' id='word_1_390' title='bbox 618 2548 657 2579; x_wconf 92' lang='lat' dir='ltr'><em>et</em></span> <span class='ocrx_word' id='word_1_391' title='bbox 686 2543 959 2581; x_wconf 83' lang='lat' dir='ltr'><em>Andronicum</em></span> <span class='ocrx_word' id='word_1_392' title='bbox 989 2542 1248 2594; x_wconf 83' lang='lat' dir='ltr'><em>Lampardam</em></span> <span class='ocrx_word' id='word_1_393' title='bbox 1271 2540 1450 2578; x_wconf 60' lang='lat' dir='ltr'><em>Manuale</em></span> <span class='ocrx_word' id='word_1_394' title='bbox 1470 2540 1689 2592; x_wconf 81' lang='lat' dir='ltr'><em>imperante</em></span> 
     </span>
     <span class='ocr_line' id='line_1_43' title="bbox 218 2590 1688 2650; baseline 0.001 -15"><span class='ocrx_word' id='word_1_395' title='bbox 218 2598 324 2650; x_wconf 79' lang='lat' dir='ltr'><em>apud</em></span> <span class='ocrx_word' id='word_1_396' title='bbox 355 2592 610 2647; x_wconf 84' lang='lat' dir='ltr'><em>Cinnamum,</em></span> <span class='ocrx_word' id='word_1_397' title='bbox 641 2599 708 2637; x_wconf 82' lang='lat' dir='ltr'><em>sed</em></span> <span class='ocrx_word' id='word_1_398' title='bbox 737 2606 776 2637; x_wconf 90' lang='lat' dir='ltr'><em>et</em></span> <span class='ocrx_word' id='word_1_399' title='bbox 797 2600 877 2638; x_wconf 88' lang='lat' dir='ltr'><em>Na1</em></span> <span class='ocrx_word' id='word_1_400' title='bbox 880 2613 959 2638; x_wconf 85' lang='lat' dir='ltr'><em>sem</em></span> <span class='ocrx_word' id='word_1_401' title='bbox 988 2599 1123 2638; x_wconf 86' lang='lat' dir='ltr'><em>ltaliae</em></span> <span class='ocrx_word' id='word_1_402' title='bbox 1151 2590 1412 2649; x_wconf 74' lang='lat' dir='ltr'><em>praefectum,</em></span> <span class='ocrx_word' id='word_1_403' title='bbox 1442 2598 1511 2646; x_wconf 89' lang='lat' dir='ltr'><em>qui</em></span> <span class='ocrx_word' id='word_1_404' title='bbox 1533 2611 1557 2634; x_wconf 88' lang='lat' dir='ltr'><em>a</em></span> <span class='ocrx_word' id='word_1_405' title='bbox 1575 2597 1688 2636; x_wconf 86' lang='lat' dir='ltr'><em>Mar-</em></span> 
     </span>
     <span class='ocr_line' id='line_1_44' title="bbox 217 2654 1688 2704; baseline 0 -12"><span class='ocrx_word' id='word_1_406' title='bbox 217 2654 357 2692; x_wconf 89' lang='lat' dir='ltr'><em>cellino</em></span> <span class='ocrx_word' id='word_1_407' title='bbox 381 2656 523 2693; x_wconf 89' lang='lat' dir='ltr'><em>comite</em></span> <span class='ocrx_word' id='word_1_408' title='bbox 544 2662 584 2693; x_wconf 87' lang='lat' dir='ltr'><em>et</em></span> <span class='ocrx_word' id='word_1_409' title='bbox 607 2656 901 2697; x_wconf 78' lang='lat' dir='ltr'><em>warnefridol.</em></span> <span class='ocrx_word' id='word_1_410' title='bbox 923 2661 949 2698; x_wconf 83' lang='lat'><strong>2</strong></span> <span class='ocrx_word' id='word_1_411' title='bbox 970 2657 1018 2695; x_wconf 87' lang='lat' dir='ltr'><em>de</em></span> <span class='ocrx_word' id='word_1_412' title='bbox 1042 2657 1149 2694; x_wconf 88' lang='lat' dir='ltr'><em>Gest.</em></span> <span class='ocrx_word' id='word_1_413' title='bbox 1169 2654 1337 2704; x_wconf 86' lang='lat' dir='ltr'><em>Langob.</em></span> <span class='ocrx_word' id='word_1_414' title='bbox 1356 2667 1389 2691; x_wconf 89' lang='lat' dir='ltr'><em>c.</em></span> <span class='ocrx_word' id='word_1_415' title='bbox 1411 2657 1428 2694; x_wconf 89' lang='lat'>1</span> <span class='ocrx_word' id='word_1_416' title='bbox 1453 2659 1492 2690; x_wconf 89' lang='lat' dir='ltr'><em>et</em></span> <span class='ocrx_word' id='word_1_417' title='bbox 1511 2657 1537 2695; x_wconf 87' lang='lat'><strong>3</strong></span> <span class='ocrx_word' id='word_1_418' title='bbox 1566 2654 1688 2692; x_wconf 87' lang='lat' dir='ltr'><em>char-</em></span> 
     </span>
     <span class='ocr_line' id='line_1_45' title="bbox 219 2710 1686 2763; baseline 0 -15"><span class='ocrx_word' id='word_1_419' title='bbox 219 2712 398 2749; x_wconf 87' lang='lat' dir='ltr'><em>tularius</em></span> <span class='ocrx_word' id='word_1_420' title='bbox 416 2719 453 2748; x_wconf 82' lang='lat' dir='ltr'><em>et</em></span> <span class='ocrx_word' id='word_1_421' title='bbox 472 2712 756 2750; x_wconf 74' lang='lat' dir='ltr'><em>cubicularius</em></span> <span class='ocrx_word' id='word_1_422' title='bbox 783 2713 987 2751; x_wconf 88' lang='lat' dir='ltr'><em>Iustiniani</em></span> <span class='ocrx_word' id='word_1_423' title='bbox 1017 2713 1111 2763; x_wconf 87' lang='lat' dir='ltr'><em>imp.</em></span> <span class='ocrx_word' id='word_1_424' title='bbox 1134 2710 1296 2748; x_wconf 82' lang='lat' dir='ltr'><em>dicitur:</em></span> <span class='ocrx_word' id='word_1_425' title='bbox 1325 2716 1372 2747; x_wconf 86' lang='lat' dir='ltr'><em>ut</em></span> <span class='ocrx_word' id='word_1_426' title='bbox 1388 2715 1427 2747; x_wconf 88' lang='lat' dir='ltr'><em>et</em></span> <span class='ocrx_word' id='word_1_427' title='bbox 1446 2710 1686 2760; x_wconf 81' lang='lat' dir='ltr'><em>Gratiosum,</em></span> 
     </span>
     <span class='ocr_line' id='line_1_46' title="bbox 219 2765 1730 2819; baseline 0 -13"><span class='ocrx_word' id='word_1_428' title='bbox 219 2769 286 2818; x_wconf 91' lang='lat' dir='ltr'><em>qui</em></span> <span class='ocrx_word' id='word_1_429' title='bbox 304 2774 514 2818; x_wconf 85' lang='lat' dir='ltr'><em>antequam</em></span> <span class='ocrx_word' id='word_1_430' title='bbox 535 2768 645 2806; x_wconf 83' lang='lat' dir='ltr'><em>ducis</em></span> <span class='ocrx_word' id='word_1_431' title='bbox 664 2769 892 2819; x_wconf 80' lang='lat' dir='ltr'><em>dignitatem</em></span> <span class='ocrx_word' id='word_1_432' title='bbox 914 2775 1012 2807; x_wconf 87' lang='lat' dir='ltr'><em>esset</em></span> <span class='ocrx_word' id='word_1_433' title='bbox 1035 2769 1219 2818; x_wconf 83' lang='lat' dir='ltr'><em>adeptus,</em></span> <span class='ocrx_word' id='word_1_434' title='bbox 1252 2765 1516 2805; x_wconf 84' lang='lat' dir='ltr'><em>chartularius</em></span> <span class='ocrx_word' id='word_1_435' title='bbox 1542 2767 1686 2814; x_wconf 80' lang='lat' dir='ltr'><em>fuerat,</em></span> <span class='ocrx_word' id='word_1_436' title='bbox 1724 2785 1730 2791; x_wconf 92' lang='lat'><strong>·</strong></span> 
     </span>
     <span class='ocr_line' id='line_1_47' title="bbox 219 2823 1687 2878; baseline 0 -16"><span class='ocrx_word' id='word_1_437' title='bbox 219 2824 326 2876; x_wconf 84' lang='lat' dir='ltr'><em>apud</em></span> <span class='ocrx_word' id='word_1_438' title='bbox 343 2823 592 2864; x_wconf 83' lang='lat' dir='ltr'><em>Anastasium</em></span> <span class='ocrx_word' id='word_1_439' title='bbox 611 2825 795 2865; x_wconf 86' lang='lat' dir='ltr'><em>Biblioth.</em></span> <span class='ocrx_word' id='word_1_440' title='bbox 815 2826 856 2864; x_wconf 89' lang='lat' dir='ltr'><em>in</em></span> <span class='ocrx_word' id='word_1_441' title='bbox 872 2824 1071 2878; x_wconf 82' lang='lat' dir='ltr'><em>Stephano</em></span> <span class='ocrx_word' id='word_1_442' title='bbox 1083 2824 1135 2864; x_wconf 92' lang='lat' dir='ltr'><em>IV</em></span> <span class='ocrx_word' id='word_1_443' title='bbox 1152 2837 1231 2876; x_wconf 64' lang='lat' dir='ltr'><em>pp„</em></span> <span class='ocrx_word' id='word_1_444' title='bbox 1251 2829 1292 2862; x_wconf 89' lang='lat' dir='ltr'><em>et</em></span> <span class='ocrx_word' id='word_1_445' title='bbox 1309 2823 1589 2875; x_wconf 84' lang='lat' dir='ltr'><em>Maurentium,</em></span> <span class='ocrx_word' id='word_1_446' title='bbox 1618 2823 1687 2875; x_wconf 87' lang='lat' dir='ltr'><em>qui</em></span> 
     </span>
    </p>
   </div>
  </div>
 </body>
</html>
