1878 3262
246 224 347 271 200
732 219 958 264 IOANNIS
994 219 1226 265 clNNAMl

243 340 288 382 Γ
284 335 435 394 άγγρας
470 338 530 394 τῷ
566 331 753 391 τηνικάδε
793 336 862 378 καὶ
890 332 1086 393 Ἀγκύρας
1109 333 1379 393 στρατεύοντα
1402 341 1475 394 τῆς
1499 338 1711 391 Γαλατῶν,

207 455 210 457 Α
245 408 313 451 καὶ
332 403 601 460 Ἰαγουπασάν
621 404 692 448 τὸν
714 402 930 460 κηδεστήν,
959 403 1005 455 ὃς
1023 405 1275 462 Καισαρείας
1297 423 1339 449 τε
1359 407 1592 464 ἀμφοτέρας
1613 401 1711 464 ἦρχε

244 475 314 518 καὶ
334 473 552 528 Ἀμασειάς
573 471 784 530 ἡγεμόνευε
811 471 967 517 πόλεων
990 478 1224 532 περιφανῶν
1247 473 1380 516 ἄλλων
1396 493 1437 518 τε
1457 474 1601 518 ὁπόσαι
1621 477 1712 534 περὶ

244 547 298 600 τῇ
326 544 616 586 Καππαδοκῶν
638 544 826 601 ἵδρυνται
853 547 919 600 γῇ.
985 544 1053 586 καὶ
1085 542 1135 598 δὴ
1164 540 1369 594 ὑπόπτους
1397 546 1464 586 καὶ
1486 545 1632 595 αὐτοὺς
1655 548 1714 603 τῷ

243 612 419 655 σουλτὰν
444 610 799 668 καταστησάμενος
818 613 860 654 ἓν
879 616 1030 669 βραχεῖ’
1045 612 1110 654 ἐπὶ
1129 610 1199 654 τὸν
1216 610 1391 666 πόλεμον
1410 611 1488 668 ἤδη
1510 615 1744 659 καθίστα-5

188 686 225 725 D
247 697 329 724 ται.
395 678 550 724 τούτων
575 678 821 735 αῗσθόμενος
845 679 866 723 ὃ
893 678 1091 733 σουλτάν,
1120 681 1255 735 ἐπειδὴ
1284 680 1342 736 μὴ
1360 678 1437 735 εἶχε
1454 680 1556 738 πρὸς
1571 680 1714 726 ὁποτε-

244 752 389 807 ρονοῧν
414 754 496 793 τῶν
522 750 563 792 ἔκ
592 749 794 803 βασιλέως
818 750 1096 804 ἐπικλωμένων
1125 749 1237 808 αὐτῷ
1269 748 1587 803 ἀντιτάξασθαι,
1630 758 1714 802 τοῖς

242 818 317 873 μὲν
341 815 485 875 χώραν
513 822 776 875 προσοικοῦσι
804 818 879 873 τὴν
911 818 1039 861 αὐτοῦ
1063 822 1225 861 πολλῶν
1255 836 1297 862 τε
1324 818 1457 861 ἄλλων
1486 821 1554 862 καὶ
1575 819 1626 875 δὴ
1646 822 1715 862 καὶ

243 885 400 929 πόλεων
441 886 641 944 ἀφίστατο
683 885 792 945 πόνῳ
829 891 968 945 πολλῷ
994 891 1326 942 κατακτηθεισῶν
1364 888 1477 945 αὐτῷ
1505 887 1713 946 πρότερον,

244 956 310 998 ἐπὶ
330 955 374 997 δὲ
392 955 565 1009 βασιλέα
583 956 752 1011 πέμψας
768 954 1005 1012 συγγνώμην
1027 956 1173 1013 ᾐτεῖτο.
1239 954 1385 998 τούτου
1418 958 1462 999 δὲ
1492 957 1625 1012 τυχών
1644 960 1712 1000 καὶ
1726 965 1772 1000 10

244 1023 341 1074 τοὺς
369 1022 652 1081 δορυαλώτους
682 1024 906 1069 ἀποδώσειν
930 1023 1141 1079 Ῥωμαίων
1157 1022 1391 1080 ἐπήγγελλε,
1426 1023 1501 1067 κᾶν
1516 1024 1617 1068 ὅπου
1639 1024 1716 1082 δή-

243 1108 341 1134 ποτε
371 1097 445 1148 γῆς
475 1091 740 1149 κρυπτόμενοι
770 1092 867 1136 εἶεν·
900 1092 1087 1149 μελήσειν
1105 1093 1184 1151 γὰρ
1204 1093 1316 1151 αὐτῷ
1332 1098 1404 1148 τῆς
1424 1093 1715 1150 ἀναζητήσεως.

244 1160 288 1203 ἔν
306 1154 341 1218 ᾧ
365 1161 409 1202 δὲ
430 1165 560 1203 ταῦτα
580 1159 859 1215 ἐδοκιμάζετο,
894 1162 1084 1205 συνέπεσέ
1104 1179 1143 1205 τι
1163 1166 1358 1205 τοιοῦτον.
1423 1161 1612 1218 Ἰωάννης
1641 1164 1716 1207 σὺν

223 1279 226 1282 ,
244 1235 331 1279 τοῖς
358 1229 543 1272 ἱππεῦσιν
566 1230 611 1272 ἐκ
625 1232 906 1286 Παλαιστίνης
926 1229 1197 1288 στρατεύματι
1217 1230 1455 1287 ἀναζευγνῦς
1473 1231 1717 1288 περιτυγχά-

101 1303 132 1338 Ρ
157 1305 227 1346 117
248 1315 306 1340 νει
325 1299 520 1358 Περσικῷ
548 1298 588 1349 ἒς
618 1300 856 1356 δισμυρίους
872 1317 913 1342 τε
932 1301 999 1342 καὶ
1019 1301 1238 1354 δισχιλίους
1257 1300 1545 1359 ἀριθμουμένῳ
1564 1300 1717 1358 ἄνδρας
1728 1305 1772 1341 15

243 1367 463 1421 μαχίμους.
531 1371 591 1426 τῷ
616 1369 806 1426 αἰφνιδίῳ
838 1369 972 1411 τοίνυν
1001 1370 1270 1424 καταπλαγεὶς
1295 1367 1341 1410 τὸ
1368 1369 1442 1422 μὲν
1470 1373 1630 1425 πρῶτον
1652 1370 1721 1412 ἐπί

242 1452 336 1478 τινα
365 1433 494 1493 λόφον
521 1434 691 1492 ἐγγύθεν
715 1435 896 1495 παρόντα
923 1437 998 1480 σὺν
1025 1443 1109 1487 τοῖς
1139 1439 1230 1494 περὶ
1261 1436 1384 1480 αὐτὸν
1411 1439 1571 1495 σπουδῇ
1594 1437 1717 1481 ἀνιῶν

244 1502 362 1559 ἵστη,
396 1504 501 1558 μετὰ
530 1506 575 1547 δὲ
602 1510 734 1548 ταῦτα
762 1508 883 1548 παντὶ
907 1510 966 1564 τῷ
985 1510 1148 1563 στρατῷ
1168 1504 1500 1561 ἐγκελευσάμενος
1519 1507 1612 1550 κατ’
1639 1506 1718 1550 αὖ·

241 1576 324 1614 τῶν
346 1573 478 1623 ἰἐται,
514 1573 589 1615 συν
620 1574 796 1632 ὠθισμῷ
827 1592 869 1617 τε
899 1578 1038 1632 πολλῷ
1065 1578 1147 1616 τῶν
1168 1573 1379 1628 Ῥωμαίων
1410 1580 1494 1624 τοῖς
1512 1576 1718 1630 πολεμίοις

243 1639 547 1695 ἐμπλεκομένων
559 1674 572 1693 ,
607 1640 801 1698 ὑπαγωγὴ
825 1645 1000 1700 Περσῶν
1027 1644 1175 1698 γίνεται
1190 1673 1204 1694 ,
1241 1644 1308 1684 καὶ
1334 1642 1468 1685 αὐτῶν
1488 1642 1774 1701 φευγόντωνὲῦ

242 1710 386 1751 πολλοὶ
424 1710 498 1763 μὲν
540 1709 703 1762 ἔπεσον,
748 1715 925 1754 πλεῖστοι
958 1712 1002 1753 δὲ
1032 1710 1134 1768 πρὸς
1165 1714 1246 1753 τῶν
1271 1708 1482 1764 Ῥωμαίων
1506 1710 1718 1768 ἦρέθησαν

242 1782 523 1834 στρατιωτῶν,
558 1777 585 1834 ἥ
608 1796 650 1822 τε
676 1781 802 1830 ἵππος
836 1780 974 1829 αὐτοῖς
1003 1777 1210 1828 ξυνεπάτει
1237 1779 1333 1828 τοὺς
1358 1780 1582 1829 πλείστους.
1651 1779 1718 1824 ὅτε

243 1843 362 1888 ἄλλοι
379 1863 422 1889 τε
440 1849 582 1889 πολλοὶ
599 1846 721 1903 λόγου
743 1849 811 1890 καὶ
831 1847 976 1904 ἀρετῆς
993 1843 1230 1904 εἰργάσαντο
1250 1844 1366 1898 ἄξια,
1401 1847 1470 1889 καὶ
1486 1846 1651 1907 Ἰωάννῃ
1673 1849 1717 1893 δὲ
1781 1897 1785 1900 ς

337 1955 372 1989 1.
395 1949 600 1999 Ἀγκύρας]
627 1953 713 1988 Cod.
734 1951 923 2000 Ἀγγύρας.
968 1953 1052 1989 illud
1075 1953 1223 1992 Tollius.
1347 1955 1384 1992 7.
1409 1951 1718 2003 ἐπικλωμένων]2

333 2000 371 2035 9.
395 1996 604 2045 ἀφίστατο]
631 2000 685 2035 Ita
707 2000 795 2036 Duc.
843 2001 930 2036 Cod.
953 1997 1172 2045 ἀφίσταντο.

245 2090 515 2135 consanguineos
546 2090 752 2134 debellaret,
786 2092 829 2127 ad
857 2092 1057 2127 Sanisanem
1084 2092 1157 2127 eius
1192 2093 1331 2127 fratrem
1354 2092 1464 2138 misit,
1495 2093 1657 2138 Gangrae
1679 2096 1716 2129 et

246 2137 410 2180 Ancyrae
432 2137 467 2170 in
489 2137 630 2172 Galatia
649 2149 690 2172 ea
712 2141 825 2172 aetate
841 2139 1046 2184 principem,
1079 2144 1116 2172 et
1130 2138 1174 2172 ad
1187 2138 1433 2184 lagupasanem
1448 2150 1626 2184 generum,
1656 2139 1716 2184 qui

245 2181 385 2227 utrique
409 2182 604 2217 Caesareae
629 2189 665 2217 et
685 2184 840 2218 Amasiae
853 2211 863 2227 ,
895 2184 1078 2230 praeclaris
1093 2184 1304 2226 civitatibus,
1334 2190 1371 2218 et
1386 2184 1508 2219 ceteris
1522 2195 1612 2229 quae
1625 2184 1716 2221 circa

247 2226 500 2273 Cappadociam
525 2228 612 2262 sitae
634 2233 730 2273 sunt,
760 2230 996 2276 imperitabat:
1028 2241 1114 2275 quos
1135 2234 1176 2264 ut
1202 2231 1345 2265 Sultano
1367 2234 1544 2276 suspectos
1555 2230 1716 2274 reddidit,

246 2273 313 2307 iam
339 2273 384 2308 ad
407 2274 531 2308 bellum
553 2275 799 2319 suscipiendum
826 2287 865 2310 se
891 2282 1077 2322 comparat.
1123 2277 1209 2310 haec
1224 2281 1263 2310 ut
1277 2275 1406 2310 audivit
1427 2275 1607 2318 Sultanus,
1639 2288 1716 2312 cum

245 2318 413 2354 adversus
435 2319 577 2354 alterum
599 2325 713 2355 utrum
736 2333 778 2355 ex
802 2321 865 2364 iis,
898 2333 983 2367 quos
1003 2323 1036 2356 in
1060 2333 1099 2356 se
1113 2322 1343 2356 concitaverat
1356 2321 1573 2366 imperator‚·
1591 2322 1717 2357 bellum

247 2365 416 2400 sustinere
438 2365 498 2400 vix
517 2370 650 2411 posset,
680 2366 723 2400 iis
738 2366 795 2411 qui
812 2367 954 2401 vicinam
968 2368 1030 2402 sibi
1044 2367 1218 2412 regionem
1231 2367 1422 2401 incolebant
1434 2371 1503 2400 tum
1518 2366 1584 2401 alia
1601 2368 1718 2411 multa,

246 2414 319 2444 tum
345 2411 447 2446 etiam
472 2411 598 2457 oppida
616 2423 703 2457 quae
725 2424 846 2457 magno
873 2413 964 2458 prius
986 2414 1104 2448 labore
1128 2412 1350 2459 acquisierat,
1380 2412 1561 2447 concessit.
1607 2413 1718 2448 missis

245 2460 359 2491 autem
374 2457 417 2491 ad
430 2457 666 2503 imperatorem
681 2458 802 2503 legatis
815 2459 947 2493 veniam
961 2459 1163 2504 deprecatus
1177 2463 1241 2494 est.
1289 2469 1356 2503 qua
1373 2457 1572 2504 impetrata,
1604 2459 1717 2506 capti-

247 2511 313 2535 vos
326 2502 499 2537 Romanos
514 2503 722 2539 redditurum
737 2515 775 2538 se
789 2503 965 2550 promisit⁴‚
995 2516 1206 2551 quocumque
1218 2505 1348 2539 demum
1362 2504 1508 2538 laterent
1521 2504 1596 2538 loco
1610 2517 1621 2539 ε
1655 2515 1716 2540 eos

247 2546 335 2581 enim
359 2548 612 2593 diligentissime
634 2560 710 2584 sese
731 2549 1022 2595 investigaturum.
1068 2551 1199 2585 interea
1211 2551 1289 2584 dum
1302 2550 1387 2584 haec
1403 2550 1716 2595 comprobarentur,

244 2591 388 2628 Ioannes
419 2606 461 2629 ex
491 2595 686 2630 Palaestina
715 2607 790 2631 cum
821 2597 990 2641 equitibus
1014 2596 1147 2631 rediens
1161 2596 1198 2631 in
1211 2596 1380 2630 Persicum
1396 2596 1579 2630 exercitum
1597 2596 1716 2630 incidit

245 2637 387 2673 duorum
412 2645 448 2674 et
470 2640 590 2685 viginti
615 2641 748 2676 millium
771 2642 910 2676 fortium
926 2643 1136 2679 bellatorum.
1181 2641 1355 2687 inopinata
1368 2652 1408 2675 re
1422 2642 1481 2676 ille
1495 2642 1713 2684 conterritus,

247 2683 354 2728 primo
385 2685 522 2730 quidem
550 2686 692 2729 collem,
724 2688 783 2732 qui
811 2699 920 2733 prope
951 2689 1092 2732 aderat,
1125 2699 1199 2722 cum
1225 2687 1296 2721 suis
1312 2687 1486 2721 confestim
1506 2687 1713 2722 conscendit.

245 2728 367 2765 deinde
381 2731 568 2765 universam
583 2732 688 2767 aciem
703 2744 795 2767 suam
810 2734 1012 2768 adhortatus
1027 2734 1060 2767 in
1077 2735 1191 2767 hostes
1206 2732 1347 2777 irrupit;
1362 2733 1589 2779 Romanisque
1603 2733 1714 2767 acrius

243 2774 280 2808 in
293 2775 368 2811 illos
383 2788 460 2811 sese
475 2789 550 2811 cum
565 2777 691 2823 impetu
717 2778 939 2814 inferentibus
951 2805 962 2821 ,
992 2779 1080 2824 pulsi
1093 2786 1171 2813 sunt
1185 2779 1333 2822 Persae,
1363 2779 1634 2824 fugientiumque
1653 2789 1714 2813 ce-

245 2820 359 2858 cidere
385 2822 595 2869 complures,
626 2823 682 2857 alii
708 2835 731 2857 a
754 2824 913 2859 Romanis
928 2825 1088 2859 militibus
1103 2824 1211 2867 caesi,
1241 2824 1299 2858 alii
1313 2824 1458 2870 denique
1474 2836 1635 2870 equorum
1650 2835 1714 2870 po·

244 2867 346 2904 dibus
371 2868 489 2905 obtriti
509 2873 602 2905 sunt.
646 2869 741 2904 multi
763 2874 833 2904 tum
855 2870 991 2916 egregia
1015 2874 1051 2905 et
1074 2869 1180 2916 digna
1202 2874 1388 2905 memoratu
1403 2882 1510 2917 opera
1524 2870 1711 2912 edidenmt,
