1878 3262
639 194 1029 240 HISTORIARUM
1062 197 1110 239 L.
1144 196 1243 240 VII.
1577 197 1674 244 291

221 327 288 355 τοι
320 305 513 360 πολλάκις
545 306 657 367 αὐτῷ’
686 314 767 352 τῶν
792 309 1089 367 Ἀριστοτέλους
1122 307 1403 365 ὃιαλεξάμενος
1434 311 1565 354 πολλὰ
1596 316 1677 355 τῶν

223 376 504 434 πολυζητήτων
533 378 748 435 αὐτοφυῶς
774 377 1012 432 ἓπιλυόμενα
1046 378 1192 434 ἔγνων,
1233 384 1402 436 πρᾶγμα
1434 381 1564 423 οὐδενὶ
1595 383 1676 430 τῶν

221 445 414 490 ἁπάντων
437 445 548 501 οἶμαι
569 446 728 502 γεγονὸς
747 452 820 489 τοῦ
841 446 990 496 παντὸς
1011 448 1167 497 αἷῶνος.
1202 445 1224 489 ὅ
1254 448 1295 490 δ’
1323 448 1445 499 αὐτὸς
1464 450 1679 492 καὶπολλὰ

225 521 307 559 τῶν
336 517 378 558 ἓν
408 522 587 572 γραφαῖς
618 514 884 571 ἀδιεξηγήτων
913 517 968 564 εἷς
1003 517 1120 571 δεῦρο
1146 514 1385 570 μεινάντων,
1432 516 1460 572 ’ἢ
1484 522 1580 574 γοῦν
1606 519 1679 560 οὐκ

187 584 395 639 ὗεῦστοχα
432 584 777 640 ὃιηρμηνευμένιυν
810 584 884 626 σὺν
919 585 1136 642 θαυμασία
1173 601 1249 626 τινι
1285 583 1525 642 διεσάφησεν
1551 584 1678 628 ἁπλό-

219 668 335 709 τητι·
371 651 472 710 ἅπερ
504 653 591 707 ἐμοὶ
630 650 776 695 ἐνθάδε
814 650 1094 709 γεγράψεσθαι
1130 651 1210 693 ἄπο
1242 650 1376 706 νόμων
1412 653 1544 705 ἔδοξεν
1578 653 1677 698 εἶναι

219 723 444 780 ἱστορικῶν.

310 831 345 867 5.
370 826 709 875 διηρμηνευμὲνων]
735 827 822 863 eod.
841 824 1165 873 διερμηνενμὲνων.

218 931 311 957 mero
337 919 587 955 controversias
611 919 661 954 illi
685 931 730 954 ex
745 918 930 953 Aristotele
955 929 1170 964 proponens,
1202 918 1368 964 pleraque
1390 929 1505 953 eorum
1530 929 1618 964 quae
1643 920 1677 955 in

217 967 492 1012 disceptationem
507 968 694 1009 venerant,
723 964 970 1010 promptissime
985 965 1096 998 soluta
1113 965 1155 999 ab
1172 976 1212 998 eo
1231 964 1393 1009 cognovi,
1422 976 1494 998 rem
1512 977 1532 999 a
1547 965 1678 1000 nemine

218 1013 361 1047 omnium
377 1013 558 1053 hactenus,
588 1016 628 1045 ut
654 1010 793 1056 opinor,
824 1010 992 1056 prioribus
1019 1015 1112 1044 retro
1137 1010 1258 1044 seculis
1280 1012 1417 1045 factam.
1460 1011 1548 1045 idem
1575 1012 1681 1046 multa

217 1059 252 1093 in
269 1059 445 1104 scripturis
455 1085 466 1101 ‚
497 1058 596 1092 etiam
613 1068 700 1102 quae
715 1057 758 1090 ad
773 1056 805 1090 id
823 1056 981 1102 temporis
996 1055 1200 1101 inexplicata
1215 1060 1445 1091 remanserant
1455 1081 1466 1098 ‚
1497 1062 1556 1091 aut
1571 1058 1678 1092 minus

217 1109 314 1139 recte
338 1105 510 1150 exposita,
541 1103 623 1137 mira
648 1102 793 1148 quadam
814 1102 1056 1147 perspicuitate
1083 1102 1297 1148 explanavit:
1327 1113 1415 1148 quae
1435 1102 1491 1137 hic
1513 1103 1678 1147 inserere,

216 1150 361 1186 alienum
374 1151 418 1187 ab
431 1149 593 1185 historiae
606 1148 804 1184 scribendae
818 1148 950 1193 legibus
963 1147 1129 1183 existimo.

537 1396 1200 1455 ΒΙΒΛΙΟΝ
1269 1398 1344 1453 Η.

214 1525 260 1572 1.
329 1511 420 1582 Ἀ
441 1526 515 1581 μὲν
551 1521 622 1569 οὖν
658 1525 753 1583 ἄχρι
784 1527 852 1568 καὶ
889 1526 1007 1581 δεῦρο
1034 1524 1091 1574 εἷς
1114 1521 1278 1580 ’ἤπειρον
1303 1520 1494 1581 ἑκατέραν
1518 1528 1684 1578 βασιλεῖ’

211 1596 420 1651 Μανουὴλ
452 1595 659 1652 εἴργαστο,
697 1592 832 1637 τοιάδε
858 1593 948 1636 τινὰ
972 1592 1135 1649 ἐγένετο.
1204 1590 1296 1646 ἑξῆς
1318 1592 1365 1634 δέ
1381 1609 1452 1646 μοι
1472 1592 1675 1649 γεγράψε-

158 1675 278 1711 lotae
303 1661 380 1708 ὅσα
402 1665 465 1706 ἐπὶ
483 1664 620 1714 Ἀσίας
640 1663 972 1720 στρατευσαμένῳ
996 1659 1127 1718 τούτῳ
1148 1661 1344 1711 ξυνέπεσε.
1380 1663 1678 1714 Κλιτζιεσθλᾶν

211 1730 291 1789 γάρ
305 1764 319 1784 ,
359 1726 408 1774 οὗ
429 1732 554 1775 πολὺν
579 1733 620 1774 ἓν
639 1738 724 1782 τοῖς
746 1731 975 1789 ἔμπροσθεν
1000 1727 1283 1784 ἐποιησάμεθα
1306 1727 1446 1785 λόγον,
1480 1729 1677 1787 χρήματα

211 1798 347 1857 ὥσπερ
367 1799 467 1858 ἔφην
488 1798 644 1856 μεγάλα
669 1800 771 1857 πρὸς
792 1799 992 1854 βασιλέως
1014 1798 1297 1851 κεκομισμένος
1318 1796 1525 1852 δυνάμεώς
1543 1816 1584 1840 τε
1612 1800 1676 1841 ἐπὶ

211 1872 396 1911 πλεῖστον
418 1863 488 1923 ἧκε
515 1871 581 1911 καὶ
606 1873 687 1911 τῶν
712 1870 806 1925 τῇδε
834 1870 1042 1910 δυναστῶν
1072 1865 1222 1916 ἄλλους
1248 1882 1289 1907 τε
1316 1865 1389 1915 τὰς
1415 1866 1545 1922 ἀρχὰς
1571 1867 1675 1923 ἄφε-

210 1935 380 1991 λόμενος
409 1936 532 1987 αὐτὸς
568 1935 656 1990 ἴσχε
685 1938 754 1978 καὶ
789 1935 839 1991 δὴ
868 1938 935 1978 καὶ
967 1938 1167 1986 Σανισιῖν,
1207 1932 1251 1984 ὃς
1270 1933 1445 1991 ἀδελφὸς
1465 1935 1539 1988 μὲν
1562 1935 1676 1993 αὐτῷ

157 2011 202 2049 15
211 1999 261 2061 ἦν
280 2008 348 2048 καὶ
370 2006 413 2048 ἔκ
431 2010 512 2048 τῶν
534 2005 667 2048 αὐτῶν
688 2003 764 2061 ἔφυ
791 2001 1055 2061 σπερμάτων,
1093 2004 1135 2043 Γ
1133 2000 1283 2058 άγγρας
1319 2003 1362 2043 δὲ
1393 2004 1460 2044 καὶ
1477 2001 1673 2060 Ἀγκύρας

209 2072 363 2116 πόλεων
387 2074 540 2132 ἀμφοῖν
564 2068 662 2130 ἦρχε
683 2074 942 2124 Γαλατικῶν,
968 2067 1214 2127 βιασάμενος
1236 2069 1311 2120 τὰς
1328 2070 1402 2124 μὲν
1420 2069 1499 2128 ὑφ’
1528 2070 1672 2113 ἑαυτὸν

210 2141 424 2198 ἐποιήσατο
438 2174 452 2196 ,
503 2147 562 2200 τῷ
598 2143 662 2193 δὲ,
701 2140 835 2196 ἐπειδὴ
873 2141 932 2195 μὴ
965 2145 1216 2182 κατακτεῖναι
1254 2136 1433 2193 ἐδυνήθη
1441 2170 1455 2191 ,
1495 2138 1671 2196 ἀνάγκην

209 2210 326 2268 ἐπῆγε
348 2211 446 2271 ξένῳ
469 2213 536 2254 καὶ
559 2208 735 2268 ε’πηλύτῃ
758 2209 858 2265 ἔθνη
879 2206 1109 2266 ἀνθρώπων
1124 2206 1315 2264 περιιέναι
1335 2205 1480 2250 πάντα.
1539 2207 1668 2266 ταύτῃ

628 2348 1019 2408 ‘LIBER
1095 2344 1239 2405 VII.

208 2464 242 2499 1.
284 2431 366 2500 Ea
391 2463 467 2497 fere
490 2465 571 2497 sunt
595 2473 683 2508 qnae
706 2462 869 2495 hactenus
894 2463 1040 2505 utraque
1062 2459 1098 2493 in
1124 2458 1317 2494 continente
1331 2457 1470 2493 Manuel
1483 2457 1667 2504 imperator

207 2509 330 2553 gessit:
361 2509 521 2554 deinceps
537 2519 576 2543 ea
592 2521 633 2543 ex
661 2508 785 2550 ediam,
816 2505 952 2552 quaein
966 2506 1046 2540 Asia
1067 2505 1192 2539 bellum
1215 2504 1349 2549 gerenti
1370 2515 1530 2539 evenere.
1578 2504 1668 2538 Clit-

208 2554 392 2598 2iesthlan‚
421 2556 465 2589 de
492 2567 559 2600 quo
582 2521 689 2589 mui’ta
709 2553 744 2587 in
769 2552 998 2598 superioribus
1019 2549 1294 2593 memoravimus,
1326 2550 1454 2594 magnis
1477 2554 1516 2584 ut
1536 2549 1605 2584 dixi
1622 2551 1666 2584 ab

205 2599 411 2654 imperatore
434 2601 585 2646 acceptis
608 2600 759 2646 pecuniis
782 2599 886 2632 ditior
909 2596 1147 2642 patentiorque
1172 2597 1302 2640 factus,
1344 2595 1473 2630 vicinos
1501 2596 1667 2640 dynastas

208 2646 452 2691 principatibus
473 2647 544 2681 suis
562 2646 656 2681 exuit
671 2656 854 2690 eorumque
867 2649 977 2677 terras
993 2641 1190 2687 occupavit:
1224 2641 1286 2676 sed
1302 2644 1338 2676 et
1353 2642 1495 2687 Gangra
1509 2642 1664 2687 Ancyra-

208 2701 277 2735 que
288 2716 299 2732 ‚
331 2692 490 2727 Galatiae
506 2692 630 2739 oppido
645 2696 807 2736 utroque,
837 2689 1000 2724 Sanisane
1014 2689 1122 2722 fratre
1135 2687 1400 2732 consanguineo,
1431 2687 1492 2732 qui
1502 2687 1543 2721 iis
1557 2687 1662 2733 impe-

208 2736 349 2778 ritabat,
379 2749 442 2783 per
456 2739 524 2773 vim
543 2738 697 2784 expulso,
727 2737 854 2782 potitus
869 2739 942 2770 est:
973 2734 1072 2779 eique
1086 2744 1160 2767 cum
1178 2744 1294 2767 necem
1309 2733 1434 2767 inferre
1449 2745 1516 2767 non
1531 2734 1662 2778 potuis·

208 2785 283 2824 set,
313 2783 483 2827 peregrini
496 2788 534 2818 et
547 2784 702 2819 advenae
714 2782 823 2817 instar
836 2786 946 2816 terras
962 2784 1225 2821 omnesexteras
1240 2779 1465 2814 circumeundi
1479 2779 1658 2813 necessita-

208 2831 277 2864 tem
291 2827 459 2874 imposuit.
501 2829 617 2876 itaque
629 2829 755 2866 nullam
769 2839 882 2864 earum
897 2838 981 2875 quas
996 2829 1136 2872 ceperat
1150 2824 1321 2861 civitatum
1337 2825 1531 2871 imperatori
1548 2822 1665 2858 reddi-
