1878 3262
660 191 1055 235 HISTORIARUM
1089 192 1136 234 L.
1167 191 1242 235 111.
1622 191 1686 237 89

225 307 382 350 ἐπειδὰν
406 306 453 349 τὸ
475 306 607 364 χρεὼν
632 306 755 348 αὐτὸν
779 303 1071 361 καταλήψεται.
1139 304 1283 360 ἐπειδὴ
1299 309 1396 361 γοῦν
1422 302 1540 363 ὃλίγῳ
1564 304 1683 349 ῧστε-

226 393 297 433 ρον
323 375 498 429 ἂπεβίω,
539 379 615 417 τοῦ
639 374 789 432 κλήρου
815 376 878 417 ἐπὶ
903 374 973 417 τὸν
998 371 1276 430 πρεσβύτατον
1300 378 1381 416 τῶν
1407 373 1593 431 ἀδελφῶν
1618 378 1685 417 πί-

225 460 417 495 πτοντος,
461 445 562 499 λέγω
599 445 643 486 δὲ
667 444 738 486 τὸν
777 443 1022 500 Φρεδερίκου
1049 443 1229 499 πατέρα,
1276 443 1400 493 αὐτὸς
1423 442 1492 485 τὸν
1519 444 1588 485 ἕνα
1613 462 1686 487 πε-

225 512 459 569 πηρωμένος
482 520 567 555 τοῖν
591 512 828 569 ὀφθαλμοῖν
858 508 1078 567 Κορράὸον
1102 510 1172 553 τὸν
1205 511 1382 569 ἀδελφὸν
1409 512 1511 554 ἄνθ’
1541 510 1688 555 ἑαυτοῦ

191 591 214 625 5
227 583 373 632 εἵλετο,
399 579 534 637 ὅρκοις
548 579 852 636 ὁμολογήσαντα
873 577 1067 635 πρότερον
1088 580 1129 628 ἒς
1154 580 1397 636 Φρεδερίκον
1418 580 1488 623 τὸν
1507 581 1597 623 υἱέα
1609 582 1683 637 τὴν
1705 590 1736 625 C

224 649 354 707 ἀρχὴν
394 650 554 694 ἐπειδὰν
588 647 760 703 θνήσκοι
795 645 1047 702 διαβιβάσαι.
1130 646 1192 689 διὸ
1226 647 1444 705 Κορράδος
1479 653 1685 702 τελευτῶν,

223 717 360 775 ὥσπερ
386 717 513 775 ἔφην,
552 718 782 774 Φρεδερίκῳ
807 716 853 759 τὸ
881 716 1041 770 στέμμα
1065 717 1293 772 περιετίθει.
1362 721 1492 759 ταῦτα
1516 720 1590 772 μὲν
1615 714 1687 761 οὖν

225 780 306 829 ὧδέ
327 805 382 841 πη
407 786 509 841 ἔσχε.
555 787 608 829 τὰ
633 787 677 828 δὲ
698 790 779 828 τῶν
799 788 976 828 Σικελῶν
995 784 1181 838 πολέμων
1204 785 1388 827 ἐντεῦθεν
1410 785 1539 842 ἀρχὴν
1560 781 1684 844 εὗρεν.

223 893 338 938 venit,
362 898 403 927 ut
419 893 592 939 imperium
615 892 903 938 adipiscerentur,
925 895 1106 937 postquam
1130 891 1224 926 vitae
1246 892 1347 927 finem
1373 892 1439 927 sibi
1460 893 1533 927 fata
1554 895 1688 939 posuis-

224 945 311 975 sent.
356 940 519 973 Lothario
541 951 610 973 non
629 939 734 973 multo
761 943 841 984 post
856 939 1045 981 exstincte,
1069 949 1144 971 cum
1167 950 1242 972 sors
1265 938 1444 973 cecidisset
1455 950 1558 984 super
1582 941 1687 974 maio·

224 997 296 1019 rem
321 991 420 1026 natu,
447 991 578 1030 patrem
593 984 747 1019 nimirum
770 985 800 1018 F
802 984 965 1027 rederici,
991 984 1098 1018 altero
1117 985 1271 1018 orbatum
1283 985 1424 1027 lumine,
1448 996 1510 1030 pro
1536 997 1575 1019 se
1594 987 1689 1020 Con-

223 1031 342 1065 radum
366 1032 506 1065 fratrem
530 1031 604 1076 ipse
620 1031 818 1076 assumpsit,
843 1030 1024 1075 pollicitum
1043 1029 1232 1063 iuramento
1253 1031 1343 1075 prius
1356 1030 1530 1076 imperium
1545 1031 1590 1064 ad
1602 1033 1691 1066 Fre-

225 1077 374 1110 dericum
395 1077 522 1121 filium,
547 1076 605 1110 ubi
631 1081 667 1110 et
687 1076 763 1122 ipse
783 1076 856 1110 vita
880 1075 1127 1119 concessisset,
1151 1076 1433 1111 transmissurum.
1481 1082 1689 1123 quapropter

223 1122 369 1156 moriens
396 1122 595 1166 Conradus,
618 1121 669 1156 uti
689 1122 918 1164 narravimus,
944 1121 1129 1156 Frederico
1154 1134 1310 1156 coronam
1323 1122 1492 1168 imposuit.
1539 1124 1574 1157 in
1601 1124 1689 1159 hunc

223 1168 358 1203 modum
377 1179 435 1203 res
459 1179 522 1203 eae
540 1172 660 1213 gestae
674 1172 775 1204 sunt:
798 1167 889 1203 bella
915 1172 1029 1203 autem
1045 1167 1162 1203 Sicula
1184 1168 1307 1204 exinde
1325 1169 1455 1204 initium
1475 1169 1638 1206 habuere.

577 1460 1189 1518 BIBAION
1259 1460 1336 1518 Γ.

228 1596 284 1645 1.,
331 1579 568 1667 (Ρογέριος
592 1603 643 1665 ἦν
668 1628 730 1662 τις
756 1609 858 1669 ἀνήρ
870 1644 884 1664 ,
919 1612 961 1662 ἐς
987 1610 1168 1667 κόμητας
1192 1611 1266 1665 μὲν
1291 1609 1337 1653 τὸ
1364 1614 1526 1668 πρῶτον
1550 1616 1689 1664 τελῶν,
1713 1612 1742 1646 Ρ
1766 1612 1811 1647 51
1862 1614 1872 1620 ’

169 1685 212 1719 10
225 1677 469 1734 δραστήριος
495 1679 538 1720 δὲ
575 1679 709 1730 ἄλλως
743 1683 810 1723 καὶ
845 1680 986 1738 ρέκτης
1011 1681 1113 1738 ἀνὴρ
1141 1678 1270 1729 δεινός
1294 1697 1335 1722 τε
1371 1678 1591 1736 πράγματα
1617 1680 1693 1738 ῥά-
1718 1682 1751 1715 V
1772 1680 1819 1716 40

221 1758 304 1800 ψαι
331 1748 396 1787 ’καὶ
423 1747 474 1788 τὰ
494 1751 735 1791 καθεστῶτα
759 1754 917 1804 κινῆσαι
945 1748 1086 1800 δεξιός.
1131 1743 1250 1798 οὗτος
1280 1750 1321 1789 Γ
1319 1748 1481 1806 ιλιέλμῳ
1505 1753 1563 1806 τῷ
1574 1751 1696 1804 Λογ-

222 1815 438 1870 γιβαρδιάς
473 1817 611 1868 δουκί,
651 1815 729 1874 ὑφ’
767 1817 812 1860 ὃν
850 1819 1033 1860 ἐτέτακτο
1042 1850 1056 1869 ,
1101 1818 1141 1867 ἒς
1165 1818 1448 1870 Παλαιστίνην
1484 1817 1696 1873 ἄπαίροντι

218 1881 413 1939 χρήματα
451 1885 687 1935 δεδανεικὼς
720 1886 793 1940 τὴν
825 1887 1139 1942 Λογγιβαρδίας
1175 1885 1304 1941 ἀρχὴν
1329 1883 1474 1926 τούτου
1503 1885 1553 1939 δὴ
1582 1887 1695 1927 ἕνεκα

223 1951 563 2007 ἐνεχυρασθεῖσαν
598 1954 711 2010 αὐτῷ
747 1953 862 2007 ἴσχε,
907 1954 977 1996 τὸν
996 1953 1156 2008 ιΡώμης
1180 1970 1222 1995 τε
1258 1953 1446 2008 ἀρχιερέα
1472 1952 1609 2010 τρόπῳ
1635 1959 1695 2010 τῷ

171 2028 212 2064 15
226 2018 494 2076 ῥηθησομένῳ
517 2020 765 2075 βιασάμενος
789 2022 863 2078 ῥὴξ
888 2023 993 2078 παρ’
1025 2023 1150 2063 αὐτοῦ
1175 2022 1487 2077 προκεχείριστο.
1555 2023 1692 2076 ἐπειδὴ

221 2087 300 2144 γὰρ
313 2089 626 2144 Λογγιβαρδίαν
651 2088 959 2147 πρὸςῬογεριόυ
986 2089 1153 2143 ἔχεσθαι
1179 2087 1200 2130 ὅ
1225 2093 1283 2147 τῷ
1304 2087 1490 2144 τηνικάδε
1514 2089 1693 2132 τὸνῬιό-

222 2173 304 2211 μης
330 2157 474 2198 διέπων
499 2156 645 2212 ἤκουσε
670 2157 845 2215 θρόνον,
879 2157 1081 2213 ἤσχαλλεν
1105 2159 1168 2200 ἐπὶ
1190 2162 1249 2218 τῷ
1270 2157 1515 2213 τολμήματι,
1550 2160 1692 2214 ἐκκλη-

316 2241 374 2277 17.
396 2236 599 2288 ἤσχαλλεν]
624 2243 711 2278 cod.
728 2239 894 2288 ἤσχαλεν.

605 2355 1054 2413 1LIBER
1132 2357 1250 2414 ΙΙΙ.

229 2493 262 2528 1·
307 2475 500 2546 Florebat
518 2524 560 2547 ea
579 2515 695 2548 aetate
719 2510 909 2557 Rogerius,
932 2511 1098 2557 dignitate
1122 2512 1229 2558 primo
1251 2522 1385 2556 comes,
1419 2512 1476 2546 vir
1503 2513 1698 2558 ceteroquin

227 2558 263 2592 in
286 2561 387 2594 rebus
408 2559 568 2602 gerendis
590 2564 746 2593 strenuus
770 2558 946 2593 admodum
972 2564 1008 2592 et
1030 2558 1194 2603 impiger,
1239 2558 1396 2593 texendis
1424 2558 1514 2598 *dolis
1540 2571 1702 2604 perquam

228 2604 395 2646 idoneus,
430 2604 555 2649 quique
584 2605 650 2639 rite
686 2604 839 2638 ordinata
873 2604 1077 2649 permiscere
1114 2604 1261 2648 inprimis
1298 2609 1424 2638 nosset.
1471 2604 1499 2638 is
1533 2606 1702 2639 Gulielmo

229 2649 492 2695 Longobardiae
505 2650 611 2695 duci,
636 2651 690 2685 cui
706 2656 780 2684 erat
796 2650 969 2692 subditus,
992 2651 1027 2684 in
1046 2649 1275 2683 Palaestinam
1287 2650 1387 2683 'eunti
1407 2650 1549 2696 pecunia
1569 2652 1702 2684 foenori

232 2695 338 2737 data,
371 2696 630 2740 Longobardiae
662 2697 888 2742 principatum
924 2708 966 2731 eo
996 2696 1129 2730 nomine
1164 2696 1228 2729 sibi
1260 2696 1518 2741 oppigneratum
1550 2697 1699 2731 retinuit.

231 2746 355 2784 postea
375 2746 487 2775 autem
513 2743 701 2777 Romanum
730 2742 924 2788 pontificem
952 2743 1018 2777 hoc
1046 2753 1143 2786 quem
1169 2741 1277 2775 dicam
1303 2741 1404 2776 modo
1432 2742 1566 2786 coegit,
1603 2747 1642 2776 ut
1657 2743 1700 2776 ab

233 2785 293 2819 illo
319 2797 380 2820 rex
395 2788 656 2822 renuntiaretur.
707 2794 747 2822 ut
763 2789 849 2823 enim
863 2787 1136 2832 Longobardiam
1151 2787 1186 2821 in
1197 2788 1337 2832 Rogerii
1349 2793 1551 2833 potestatem
1566 2788 1700 2822 venisse

234 2831 294 2876 qui
316 2836 384 2866 tum
410 2832 582 2869 Romanae
600 2834 674 2869 sedi
700 2839 861 2881 praeerat
886 2834 1041 2881 pont-ifex
1062 2833 1249 2878 intellexit,
1281 2833 1318 2868 id
1339 2834 1469 2868 facinus
1485 2845 1588 2879 aegre
1612 2833 1697 2876 tulit,
