1878 3262
591 211 988 255 HlSTORIARUM
1015 212 1064 253 L.
1089 210 1171 254 VI.
1516 208 1616 254 251

155 344 224 371 σεν
244 324 424 383 ὕστερον.
492 321 582 368 τότε
612 326 655 368 δέ
683 322 836 379 πολλήν
858 341 947 366 τινα
968 328 1042 380 γῆν
1064 322 1230 366 ὃθνείαν
1253 319 1499 380 περιελθών,
1533 319 1619 366 εἶτα

156 397 223 439 καὶ
243 397 300 445 εἷς
314 395 386 449 τὴν
405 392 510 453 ἑῴαν
523 392 693 451 Ἰβήρων
713 391 903 447 ἐμβάλλει
921 392 1076 449 χώραν.
1144 393 1192 435 οὖ
1224 397 1362 451 πολλῷ
1385 394 1429 435 δὲ
1451 391 1620 448 ὕστερον

157 459 282 514 αὖθις
308 465 371 505 ἐπὶ
399 464 495 514 τοὺς
518 464 688 520 Πέρσας
717 457 820 517 ἦλθε
852 461 927 503 σὺν
955 465 1007 517 τῇ
1035 463 1215 517 γυναικί,
1264 460 1363 504 ὅθεν
1385 461 1536 516 συχνὰς
1556 461 1622 502 ἐπὶ

157 533 231 587 τὴν
249 531 461 586 ιΡωμαίων
491 530 729 586 ποιούμενος
748 529 926 584 ἐμβολὰς
946 527 1121 580 πολλούς
1143 547 1185 572 τε
1214 528 1445 587 ἀνθρώπων
1467 530 1623 586 ἀνδρα-

123 609 146 644 5
159 599 416 655 ποδιζόμενος
443 599 464 643 ὃ
495 601 754 653 κακοδαίμων
780 596 1027 655 ἁρπάγματα
1048 602 1122 640 τοῦ
1142 599 1319 652 πολέμου
1336 600 1522 656 Πέρσαις
1542 614 1623 640 πα-

157 675 286 728 ρεῖχε,
323 670 380 711 δι’
403 669 430 712 ἃ
452 671 519 711 καὶ
542 669 771 722 ἄναθέματι
793 667 894 724 πρὸς
911 671 983 721 τῆς
1000 667 1212 721 ἐκκλησίας
1232 665 1519 722 ὑποβέβληται.

297 738 342 782 2.
402 736 506 780 ‘Yazd
533 742 675 779 τοῦτον
705 735 775 778 τὸν
795 734 945 791 χρόνον
965 733 1125 790 ζήτησίς
1143 752 1205 785 τις
1225 736 1267 777 ἓν
1286 737 1494 792 Βυζαντίῳ
1516 734 1624 792 ἀμφὶ

156 810 209 863 τῇ
225 808 413 863 Χριστοῦ
427 806 612 848 συνέπεσε
637 803 734 862 δόξῃ
758 804 831 846 ἀπ’
856 805 986 854 αἰτίας
1001 805 1176 846 τοιᾶσδε.
1219 798 1271 858 ἦν
1289 821 1351 853 τις
1369 802 1621 860 Δημήτριος,
1642 808 1674 844 Ρ
1700 806 1766 843 147

153 872 353 928 Ῥωμαῖος
378 875 452 929 μέν
476 875 589 930 γένος
604 872 792 928 Λάμπης
810 874 853 915 δὲ
871 871 1011 927 κώμης
1034 870 1271 929 ὡρμημένος
1286 873 1494 925 Ἀσιανῆς,
1530 890 1627 914 παι-

105 951 151 986 10
162 941 334 993 δεύσεως
355 947 427 998 τῆς
455 944 660 999 ἐγκυκλίου
680 944 747 984 καὶ
762 940 1024 996 μαθημάτων
1038 946 1119 983 τῶν
1136 941 1251 991 ε’κτός
1263 940 1396 997 ὀλίγον
1416 938 1528 995 οἶμαι
1550 957 1625 994 με-

155 1000 382 1066 ςτεσχηκώς,
418 1010 590 1068 δόγμασι
618 1012 662 1054 δὲ
689 1008 745 1061 ὡς
769 1012 914 1052 ε’πίπαν
932 1017 1016 1060 τοῖς
1035 1012 1163 1060 θείοις
1180 1011 1419 1067 ἓνευκαιρῶν
1439 1011 1504 1051 καὶ
1526 1009 1626 1051 ἀπέ-

158 1078 307 1137 ραντόν
326 1097 415 1122 τινα
435 1082 524 1137 περὶ
544 1084 673 1122 ταῦτα
692 1080 935 1121 κατατείνων
951 1079 1190 1133 ἀδολεσχίαν
1211 1079 1284 1121 ἀεί.
1336 1073 1455 1128 οὗτος
1470 1075 1627 1119 πολλά-

159 1166 222 1199 κις
238 1150 327 1205 περὶ
347 1149 421 1203 τὴν
440 1147 611 1205 ἑσπέραν
629 1150 695 1190 καὶ
715 1148 813 1203 ἔθνη
834 1146 1088 1205 πρεσβεύσας
1106 1148 1158 1190 τὰ
1171 1147 1347 1190 Ἰταλικὰ
1364 1145 1534 1204 κορύζης
1552 1164 1627 1200 με·-

158 1216 255 1267 στός
281 1217 432 1259 ε’κεῖθεν
461 1215 622 1274 ἐπανῄει
650 1219 719 1259 καὶ
751 1215 1000 1273 ἐτερατεύετο
1032 1216 1137 1259 ἄλλα
1163 1234 1205 1259 τε
1235 1216 1365 1258 πολλὰ
1396 1217 1463 1258 καὶ
1486 1215 1537 1269 δὴ
1559 1216 1629 1257 καὶ

106 1294 150 1331 15
161 1284 234 1340 τὴν
259 1289 363 1328 θεοῦ
389 1284 512 1343 φύσιν
540 1286 729 1328 οὐδέποτε
758 1285 855 1327 ἀνίει
880 1289 1228 1342 πολυπραγμονῶν
1235 1317 1250 1337 ‚
1291 1289 1459 1342 πρᾶγμα
1495 1284 1629 1326 οὐδενὶ

160 1353 272 1412 ἄλλῳ
301 1353 362 1396 ὅτι
390 1354 448 1409 μὴ
478 1353 738 1404 διδασκάλοις
758 1355 824 1396 καὶ
844 1358 924 1397 τῶν
945 1354 1079 1409 ἱερέων
1097 1354 1303 1411 ἐφειμένον
1319 1360 1403 1403 τοῖς
1423 1352 1630 1409 προῦχου-

160 1440 249 1474 σιν,
283 1422 362 1478 ἤδη
397 1423 440 1464 δὲ
465 1424 533 1464 καὶ
555 1426 768 1477 βασιλεῦσι
791 1422 860 1464 διὰ
882 1421 927 1464 τὸ
952 1423 1110 1476 ἀξίωμα
1132 1422 1241 1472 ἴσως.
1311 1420 1399 1466 τότε
1422 1422 1465 1463 δὲ
1491 1423 1534 1462 ἔκ
1559 1425 1634 1475 τῆς

156 1489 300 1547 χώρας
326 1490 542 1543 ἀναζεύξας
562 1492 801 1545 Ἀλαμανῶν
827 1493 1037 1548 διαφανῶς
1061 1490 1336 1548 ἱτεροιῙρονεῖν
1363 1490 1414 1532 τὰ
1434 1492 1528 1546 τῇδε
1548 1491 1630 1532 διε-
1653 1491 1686 1527 Β

161 1561 308 1602 τείνετο
338 1559 437 1614 ἔθνη
448 1592 461 1611 ,
499 1561 572 1601 καί
586 1577 680 1602 ποτε
701 1564 759 1617 τῷ
777 1563 943 1614 βασιλεῖ
957 1558 1261 1619 διομιλούμενος
1275 1558 1410 1602 τοιάδε
1429 1559 1519 1600 τινὰ
1539 1575 1638 1600 συν-
1687 1564 1689 1566 ’

105 1634 255 1685 2059?-
323 1629 631 1682 πυνθανομένου
664 1629 708 1671 δὲ
735 1633 809 1671 τοῦ
832 1629 1034 1682 βασιλέως
1057 1630 1146 1670 τίνα
1175 1632 1306 1671 ταῦτα
1337 1626 1433 1679 εἶεν,
1478 1626 1635 1669 ὗπολα-

160 1697 250 1750 βῶν
292 1697 438 1747 ἐκεῖνος
471 1698 615 1739 αὐτίκα
651 1697 722 1740 τὸν
762 1695 894 1739 πάντα
934 1694 1077 1753 διεξῄει
1110 1695 1242 1752 λόγον.
1310 1695 1387 1751 εἶχε
1421 1696 1465 1738 δὲ
1494 1695 1637 1745 οὕτως.

155 1762 347 1807 ιιἐλάσσω
381 1765 451 1807 τὸν
479 1765 602 1808 αὐτὸν
626 1768 694 1809 καὶ
722 1765 810 1808 ἴσον
838 1770 897 1824 τῷ
930 1764 1105 1823 φύσαντι
1134 1769 1223 1824 θεῷ
1253 1765 1378 1822 λέγειν
1408 1763 1635 1819 τολμῶσι.”

256 1884 313 1919 10.
352 1879 498 1928 ὀλίγον]
531 1882 618 1918 eod.
643 1879 782 1927 ὀλίγας.
920 1885 974 1919 12.
1003 1883 1256 1929 κατατείνων]
1279 1883 1335 1918 Ita
1357 1882 1500 1919 Tollius.
1547 1881 1635 1918 Cod.

256 1930 477 1963 καταπίνων.
617 1929 671 1965 15.
694 1927 812 1974 ἀνίει]
836 1928 924 1964 Cod.
946 1927 1065 1975 ἄνήει.

164 2031 246 2067 inde
260 2032 417 2078 plurimas
431 2032 587 2077 regiones
603 2035 739 2066 exteras
765 2031 963 2066 circumiens
977 2031 1187 2066 orientalem
1203 2031 1376 2067 lberorum
1392 2031 1525 2078 plagam
1538 2030 1638 2068 adiit.

164 2089 276 2124 neque
291 2079 339 2112 ita
354 2080 456 2112 multo
473 2084 552 2124 post
567 2078 610 2112 ad
626 2079 746 2112 Persas
760 2078 881 2112 iterum
901 2089 975 2111 cum
992 2078 1129 2111 muliere
1144 2090 1303 2112 reversus
1330 2084 1405 2112 est:
1438 2078 1527 2112 unde
1555 2089 1636 2112 cre-

166 2125 238 2158 bris
263 2125 296 2158 in
325 2125 548 2159 Romanorum
567 2125 652 2158 fines
675 2124 776 2158 sactis
798 2123 1052 2157 excursionibus
1067 2124 1225 2169 plurimos
1241 2125 1396 2170 captivos
1412 2124 1517 2167 fecit,
1547 2134 1636 2168 quos

167 2176 206 2203 ut
224 2171 303 2204 belli
318 2172 478 2215 praedam
493 2170 658 2204 scelestus
671 2170 736 2204 iste
751 2170 865 2204 Persis
880 2169 1072 2204 concessit:
1103 2171 1148 2204 ob
1164 2181 1252 2216 quae
1266 2170 1417 2204 facinora
1432 2171 1476 2205 ab
1490 2170 1637 2205 ecclesia

164 2218 377 2251 anathemate
394 2217 568 2262 perculsus
584 2221 648 2250 est.

258 2264 291 2297 2.
336 2263 405 2297 Per
418 2263 506 2296 idem
521 2268 654 2307 tempus
671 2265 748 2295 orta
763 2265 817 2295 est
827 2261 986 2305 Byzantii
999 2260 1042 2294 de
1055 2261 1165 2306 gloria
1176 2261 1304 2295 Christi
1319 2261 1553 2296 controversia
1568 2262 1635 2296 hac

167 2308 357 2343 occasione.
404 2309 539 2354 quidam
568 2308 759 2342 Demetrius
771 2333 782 2349 ‚
809 2319 936 2352 genere
964 2307 1097 2352 quidem
1122 2308 1295 2342 Romanus
1318 2308 1379 2342 sed
1404 2309 1534 2353 Lampe
1554 2309 1634 2342 vico

167 2354 271 2388 Asiae
290 2355 451 2388 oriundus
463 2382 473 2399 ‚
505 2355 538 2388 in
558 2353 741 2399 disciplinis
757 2353 907 2387 externis
921 2364 961 2388 ac
976 2353 1181 2388 secularibus
1197 2365 1314 2399 parum
1331 2354 1452 2399 opinor
1466 2358 1638 2395 versatus,

167 2399 329 2433 institutis
355 2406 468 2434 autem
495 2400 619 2434 divinis
641 2399 776 2433 assiduo
798 2399 933 2433 deditus
950 2399 1185 2434 absurdissima
1200 2411 1354 2444 quaeque
1369 2400 1413 2433 de
1426 2400 1467 2433 iis
1482 2399 1637 2433 crebrius

169 2447 373 2490 proferebat.
421 2446 477 2480 hic
505 2447 640 2490 saepius
664 2445 698 2478 in
723 2445 944 2479 Occidentem
961 2450 1148 2490 gentesque
1162 2446 1301 2479 Italicas
1315 2446 1447 2489 legatus
1464 2445 1584 2479 missus
1599 2448 1637 2478 et

167 2491 291 2525 ⁴stolido
307 2493 398 2526 fastu
415 2493 535 2536 plenus
549 2491 628 2525 inde
643 2502 803 2525 reversus
817 2497 888 2525 tum
901 2491 966 2525 alia
981 2492 1145 2536 quaedam
1169 2491 1291 2525 effudit
1317 2496 1537 2535 portentosa,
1567 2496 1640 2525 tum

172 2541 209 2570 et
235 2537 291 2570 dei
314 2543 469 2571 naturam
496 2537 659 2571 curiosius
684 2537 894 2580 investigare
916 2548 984 2570 non
1009 2537 1160 2571 destitit:
1192 2548 1263 2570 rem
1280 2537 1335 2570 alii
1350 2537 1428 2570 nulli
1444 2536 1640 2582 permissam

171 2587 405 2628 praeterquam
421 2583 616 2617 doctoribus
632 2587 667 2616 et
684 2583 724 2616 iis
739 2583 797 2627 qui
811 2583 846 2617 in
861 2582 1073 2618 sacerdotum
1090 2583 1167 2616 albo
1182 2582 1352 2627 praecipui
1378 2582 1550 2627 fulgeant,
1584 2588 1642 2616 at-

172 2638 242 2671 que
269 2629 355 2663 adeo
385 2629 469 2674 ipsis
498 2629 563 2663 iam
594 2629 875 2674 imperatoribus,
903 2634 1044 2674 propter
1072 2628 1247 2672 dignitatis
1274 2629 1366 2662 forte
1395 2627 1641 2662 excellentiam.

175 2684 251 2706 cum
265 2685 285 2707 e
299 2674 421 2708 finibus
438 2674 695 2709 Alemannorum
711 2674 839 2708 rediret
849 2702 860 2719 ‚
880 2679 1002 2719 gentes
1016 2684 1074 2707 eas
1090 2674 1261 2728 propalam
1277 2674 1506 2708 contendebat
1522 2685 1543 2708 a
1557 2684 1644 2708 vera

174 2719 335 2753 aberrare
356 2720 531 2764 opinione,
559 2720 662 2766 inque
686 2721 883 2765 colloquium
907 2720 1118 2765 imperatoris
1143 2720 1321 2764 aliquando
1345 2720 1506 2754 admissus
1523 2720 1642 2753 eadem

175 2763 311 2797 effutiit.
355 2776 518 2809 quaenam
538 2772 650 2800 autem
674 2766 740 2800 ista
761 2771 876 2801 essent
895 2765 954 2800 illo
982 2771 1225 2810 percontante,
1256 2777 1441 2799 sermonem
1462 2765 1643 2810 arripiens„

174 2808 290 2843 statim
319 2819 405 2857 rema
419 2822 548 2846 omnem
559 2838 571 2855 ‚
598 2812 693 2846 cuius
726 2813 812 2847 haec
842 2816 894 2846 est
922 2822 1049 2846 summa
1061 2837 1072 2854 ‚
1104 2811 1274 2857 explicuit.
1322 2812 1345 2828 “
1359 2811 1475 2845 dicere
1484 2810 1506 2827 '’
1535 2809 1645 2853 inquit

177 2855 201 2875 ‘⁶
211 2854 340 2890 audent.
354 2854 513 2891 minorem
529 2858 680 2893 eumdem
696 2870 772 2893 esse
789 2863 824 2894 et
839 2858 1012 2904 aequalem
1027 2857 1092 2892 deo
1108 2868 1130 2892 a
1143 2868 1211 2903 quo
1226 2857 1361 2903 genitus
1377 2862 1440 2893 est.
1451 2856 1473 2873 '³
1520 2861 1558 2892 at
1578 2855 1644 2890 im-
