1878 3262
286 229 380 277 148
707 225 1011 271 NICEPHORI
1041 196 1307 269 BRYENNH

230 351 262 388 Β
426 341 501 387 18.
562 339 612 384 ‘O
642 341 684 383 δὲ
716 341 907 396 βασιλεὺς
930 339 1031 395 μεθ’
1064 338 1216 396 ἡμέρας
1243 339 1353 389 τινὰς
1376 335 1727 393 μεταστειλάμενος

282 412 352 454 τὸν
385 410 601 467 Βρυέννιον
627 409 790 468 ᾤκτειρέ
819 427 860 452 τε
891 413 963 464 τῆς
993 412 1207 466 συμφορᾶς
1228 409 1294 449 καὶ
1318 411 1396 450 τῶν
1417 410 1526 450 ἰδίων
1544 406 1728 448 ἁπάντων

283 479 507 533 κατέστησε
527 476 686 535 κύριον,
724 485 857 532 τιμαῖς
886 494 927 520 τε
961 477 1081 519 αὐτὸν
1113 478 1179 519 καὶ
1204 478 1371 533 δωρεαῖς
1393 474 1533 532 ἑτέρων
1553 474 1727 529 κτήσεων

283 545 542 602 ἀνεκτήσατο.
611 547 649 588 οἱ
685 548 728 588 δὲ
755 546 914 601 θαμινὰ
947 546 1046 602 πρὸς
1067 545 1187 587 αὐτὸν
1207 542 1498 599 μετεπέμποντό
1519 560 1559 585 τε
1580 543 1727 600 ἄρχον-

281 635 367 667 τες,
403 618 469 657 καὶ
500 613 643 665 πάντες
669 614 851 671 εἷσῄεσαν
879 616 935 664 εἷς
960 615 1031 668 τὴν
1060 614 1252 667 βασιλίδα
1275 616 1355 655 τῶν
1385 610 1550 653 πόλεων.
1616 613 1682 653 καὶ
1706 608 1762 652 55

280 683 471 738 βασιλεὺς
504 683 684 737 ἀσμένως
719 682 898 733 ἅπαντας
924 680 1154 736 ὑπεδέχετο,
1191 679 1427 738 φθάσαντος
1454 679 1531 733 ἤδη
1562 681 1629 720 καὶ
1657 682 1730 721 τοῦ

284 755 499 807 Κομνηνοῢ
512 752 684 802 Ἀλεξίου
705 754 772 794 καὶ
792 752 865 800 τὰς
887 749 1245 807 χρυσοσημάντους
1267 748 1426 806 γραφὰς
1448 748 1583 796 αὐτοῖς
1605 747 1728 801 ἐγχει-

282 823 481 877 ρίσαντος.
540 821 634 870 τοὺς
653 820 726 873 μὲν
748 819 894 869 ἄλλους
917 818 1096 868 ἅπαντας
1117 817 1366 875 παραλαβών
1385 815 1487 858 κατὰ
1512 819 1585 857 τοῦ
1598 817 1729 856 ,Βασι-

232 901 262 935 C
285 889 387 944 λάκη
409 894 540 944 χωρεῖ’
563 888 614 929 τὰ
640 888 739 943 πρὸς
764 887 962 941 βασιλέως
985 887 1247 929 κελευσθέντα
1266 891 1403 927 ποιεῖν.
1471 883 1639 925 κάκεῖνοι
1657 881 1730 935 μὲν

276 959 347 1007 ξύν
368 959 519 1012 γυναιξὶ
542 958 608 998 καὶ
628 957 777 1005 τέκνοις
798 957 987 1012 ἀφίκοντο
1006 953 1106 1011 πρὸς
1123 955 1194 1008 τὴν
1215 951 1481 1009 μεγαλόπολιν
1492 983 1505 1002 ‚
1541 948 1728 1006 καθάπερ
1743 956 1785 990 10

278 1025 437 1067 ἄνωθεν
461 1023 650 1066 λέλεκται.
719 1022 740 1065 ὃ
766 1023 978 1078 Κομνηνὸς
1002 1025 1044 1064 δὲ
1068 1023 1135 1064 διὰ
1154 1022 1416 1070 Ζῐῖἱακεδονίας
1440 1021 1505 1061 καὶ
1524 1021 1731 1075 Βουλεροῦ

279 1092 452 1135 διελθὼν
472 1092 543 1133 τὸν
562 1090 777 1148 Στρύμονα
798 1089 1119 1145 καταλαμβάνει,
1153 1093 1219 1132 καὶ
1240 1093 1381 1132 τοῦτον
1400 1085 1646 1143 διαπεράσας
1664 1087 1730 1127 καὶ

275 1160 327 1202 τὰ
346 1159 495 1213 μεταξὺ
517 1161 817 1215 Στρουμπίτζης
839 1161 906 1200 καὶ
926 1164 998 1200 τοῦ
1018 1159 1227 1214 λεγομένου
1248 1155 1431 1213 Μαύρου
1463 1155 1583 1212 ὅρους
1613 1152 1732 1198 στενὰ

278 1227 452 1270 διελθών
474 1228 529 1276 εἷς
546 1228 694 1282 χωρίον
713 1225 814 1284 πρός
834 1244 923 1269 τινα
946 1226 1126 1280 ποταμὸν
1146 1227 1321 1279 κείμενον
1338 1224 1513 1280 γέγονεν,
1540 1222 1585 1265 ὃν
1606 1224 1730 1278 ε’γχωέ

278 1298 374 1352 ρι’ως
403 1299 570 1336 καλοῦσι
596 1294 844 1352 Βαρδάριον.
913 1293 933 1336 ὃ
956 1295 1000 1336 δὲ
1020 1292 1253 1351 Βαρδάριος
1277 1298 1472 1348 καταρρεῖ
1488 1292 1560 1345 μὲν
1583 1292 1625 1332 ἔκ
1650 1294 1730 1332 τῶν
1742 1295 1784 1331 15

277 1368 349 1419 τῆς
378 1364 469 1413 νέας
501 1365 671 1413 Μυσίας
703 1364 828 1419 ὀρῶν,
864 1364 930 1404 καὶ
956 1363 1066 1404 διιὼν
1099 1362 1167 1403 διὰ
1193 1360 1387 1404 Σκούπων
1412 1357 1561 1401 κάτεισι
1581 1355 1729 1412 μεταξὺ

229 1440 262 1474 Ι)
283 1433 585 1488 Στρουμπίτζης
616 1433 681 1473 καὶ
710 1431 886 1473 Στυπίου
910 1431 1003 1484 δίχα
1024 1431 1174 1484 τέμνων
1197 1430 1248 1471 τὰ
1270 1428 1366 1485 ὅρη,
1400 1427 1533 1484 βραχὺ
1561 1427 1604 1469 δὲ
1631 1427 1730 1468 ἒκεῒ-

278 1505 352 1542 θεν
384 1499 534 1555 προϊών
563 1500 757 1554 διίστησιν
783 1497 965 1553 ἀλλήλων
986 1497 1036 1540 τά
1058 1516 1098 1540 τε
1125 1499 1320 1554 Βερροιάς
1342 1498 1410 1538 καὶ
1436 1496 1731 1549 Θεσσαλονίκης

276 1568 408 1623 χωρία
435 1567 491 1608 δι’
526 1566 658 1609 αὐτῶν
689 1567 787 1623 ῥέων
821 1569 888 1608 καὶ
921 1567 1020 1623 πρὸς
1041 1566 1112 1620 τὴν
1135 1564 1351 1608 θάλασσαν
1378 1565 1505 1606 δίεισι.
1567 1561 1729 1619 χρόνοις

280 1637 323 1677 δὲ
341 1633 532 1692 πρότερον
552 1633 686 1692 βραχύ
710 1652 745 1676 τι
773 1639 844 1689 τῆς
867 1636 970 1684 ῗδίας
992 1632 1214 1683 ἀπονεύσας
1234 1634 1396 1690 πορείας
1418 1631 1582 1688 ἑτέρωσε
1608 1629 1726 1687 5³er-
1737 1639 1785 1673 20

278 1720 370 1746 πετο
403 1704 449 1744 οὗ
485 1701 589 1744 πάνυ
615 1721 652 1745 τι
679 1705 789 1745 δυοῖν
813 1707 933 1758 τριῶν
963 1704 1137 1744 σταδίων
1159 1706 1231 1755 τῆς
1251 1701 1449 1757 προτέρας
1470 1698 1606 1741 διόδου
1630 1698 1727 1741 ἇπέ-

365 1856 398 1889 4.
435 1852 531 1898 πρὸς
563 1851 704 1898 αὐτὸν]
742 1851 837 1894 πρὸς
869 1852 1021 1888 mimi?
1066 1854 1127 1888 sed
1161 1853 1227 1888 alia
1260 1853 1361 1887 etiam
1384 1851 1437 1887 hic
1459 1855 1617 1897 corrupta
1639 1856 1728 1886 sunt.

367 1901 399 1935 7.
434 1897 718 1944 ἐγχειρίσαντος]
753 1899 797 1934 V.
832 1895 1114 1942 ἐγχειρήσαντος.
1251 1900 1284 1933 8.
1318 1896 1407 1937 τοὺς
1439 1895 1526 1942 μὲν]
1560 1898 1653 1931 Fort.
1686 1894 1728 1937 ὃς

367 1943 457 1985 τοὺς
478 1945 557 1988 μέν.
659 1946 714 1978 11.
738 1945 949 1988 Βουλεροῦ]
974 1945 1049 1978 Cfr.
1072 1944 1209 1978 Wilken
1231 1944 1253 1977 1.
1277 1944 1299 1977 l.
1323 1956 1356 1989 p.
1382 1945 1435 1978 63.
1540 1945 1596 1978 21.
1621 1944 1726 1977 δυοῖν

368 1991 503 2035 τριῶν]
536 1990 643 2025 δυοῖν
674 1985 698 2034 ἢ
732 1989 870 2033 musivi?
907 1990 967 2024 sed
1000 1989 1053 2024 hic
1082 1989 1181 2024 etiam
1214 1989 1308 2024 locus
1338 1989 1470 2024 mutilus
1501 1994 1553 2022 est
1586 1993 1622 2023 et
1648 1999 1724 2023 cor·

365 2041 495 2082 ruptus.

369 2174 421 2206 18.
468 2171 591 2205 Paucis
615 2173 692 2216 post
716 2171 802 2205 haec
818 2171 937 2206 diebus
957 2171 1142 2218 imperator
1166 2172 1361 2207 accersitum
1374 2167 1417 2206 ad
1433 2177 1470 2206 se
1484 2177 1590 2217 nuper
1603 2178 1723 2206 excae-

275 2222 388 2253 catum
417 2217 646 2261 Bryennium‚
674 2218 828 2252 officiosa
858 2229 957 2252 casus
986 2219 1099 2253 acerbi
1128 2219 1339 2253 miseratione
1367 2217 1554 2252 consolatus
1577 2221 1638 2251 est.
1682 2228 1724 2251 ao

276 2268 510 2309 praeterquam
537 2273 596 2296 sua
618 2262 667 2295 illi
691 2263 799 2296 onmia
814 2263 961 2297 reddidit
971 2289 981 2305 ‚
1013 2264 1112 2298 etiam
1129 2265 1225 2297 novis
1239 2263 1419 2298 honoribus
1434 2270 1469 2298 et
1482 2263 1575 2296 donis
1589 2266 1723 2298 auctum

275 2308 528 2354 locupletiorem
555 2319 655 2352 quam
681 2313 781 2342 antea
794 2309 887 2343 fecit.
935 2309 1045 2343 crebri
1060 2321 1122 2354 per
1135 2309 1222 2343 idem
1237 2314 1367 2354 tempus
1381 2310 1506 2343 fiebant
1519 2307 1551 2341 in
1566 2309 1652 2341 urbe
1665 2320 1724 2342 re-

277 2355 367 2389 ditus
382 2359 502 2399 sponte
516 2353 730 2387 rebellionem
745 2353 941 2387 eiurantium
964 2355 1084 2388 ducum
1106 2366 1191 2400 quos
1206 2366 1319 2389 omnes
1334 2353 1518 2388 humaniter
1531 2353 1723 2398 excipiebat-

276 2401 473 2447 imperator‚
501 2402 676 2443 praestans
701 2398 859 2433 videlicet
880 2400 967 2445 quod
994 2400 1190 2445 promiserat
1215 2412 1277 2445 per
1299 2400 1416 2434 literas
1435 2398 1552 2432 Alexio
1582 2397 1722 2443 profici·-

276 2445 386 2480 scenti
413 2444 577 2484 traditas,
608 2455 692 2488 quas
713 2444 778 2477 iam
802 2444 858 2477 ille
882 2445 1082 2481 reddiderat.
1128 2453 1164 2480 et
1187 2445 1315 2480 cunctis
1330 2445 1402 2480 aliis
1417 2455 1528 2478 secum
1544 2444 1647 2488 copiis
1663 2455 1721 2478 as-

277 2490 417 2535 sumptis
440 2490 604 2524 adversus
625 2489 808 2523 Basilaeem
833 2491 1011 2535 pergebat,
1041 2491 1152 2525 studio
1179 2491 1346 2525 efficiendi
1361 2489 1448 2535 quod
1465 2489 1642 2524 mandabat
1653 2489 1720 2523 im-

275 2542 424 2580 perator.
469 2547 510 2568 ac
526 2536 581 2568 alii
596 2534 726 2579 quidem
740 2540 781 2568 ut
795 2535 917 2569 dictum
934 2541 986 2569 est
1002 2547 1074 2570 cum
1098 2537 1259 2576 uxoribus
1275 2541 1308 2569 et
1322 2536 1396 2569 filiis
1414 2535 1534 2579 passim
1551 2535 1718 2568 Constan-

273 2581 446 2624 tinopolim
473 2581 678 2624 migrabant:
710 2581 899 2614 Comnenus
910 2592 993 2614 vero
1010 2593 1071 2626 per
1085 2581 1316 2616 Macedoniam
1332 2585 1366 2614 et
1380 2579 1537 2613 Bulerum
1552 2580 1719 2614 transiens

274 2625 320 2659 ad
334 2627 548 2670 Strymonem
571 2626 742 2670 pervenit,
773 2631 808 2660 et
824 2638 864 2659 eo
880 2627 1021 2661 traiecto
1031 2653 1040 2668 ,
1067 2627 1252 2672 penetratis
1267 2627 1400 2672 insuper
1413 2625 1578 2669 angustiis
1595 2625 1717 2660 montis

274 2671 332 2716 qui
357 2675 499 2704 vocatur
522 2671 679 2713 Maurus,
711 2671 802 2705 venit
815 2672 858 2705 ad
874 2672 1029 2716 oppidum
1045 2673 1207 2717 quoddam
1223 2671 1324 2704 fluvio
1339 2669 1501 2714 adsitum,
1532 2670 1587 2717 qui
1610 2671 1716 2715 vulgo

270 2716 501 2760 indigenarum
527 2715 641 2759 lingua
666 2717 847 2750 Bardarius
873 2721 1035 2761 vocatur,
1067 2721 1102 2751 et
1123 2718 1254 2763 paulum
1279 2716 1358 2749 inde
1382 2727 1580 2760 progressus
1592 2715 1717 2750 dirimit

271 2761 413 2796 invicem
434 2761 603 2795 Berroeae
628 2772 668 2794 ac
694 2762 956 2796 Thessalonicae
970 2763 1159 2804 territoria,
1190 2762 1277 2795 inter
1291 2773 1378 2806 quae
1417 2763 1564 2796 refluens
1577 2773 1616 2795 se
1630 2772 1716 2795 exo-

271 2813 370 2844 nerat
390 2807 425 2842 in
447 2816 551 2844 mare.
593 2805 648 2840 hic
663 2806 763 2841 hodie
778 2817 893 2842 cursus
908 2813 962 2842 est
977 2807 1047 2842 eius
1067 2807 1170 2843 amnis
1181 2808 1317 2854 paulum
1334 2773 1503 2844 declinans
1517 2808 1559 2842 ab
1575 2807 1712 2852 antiquo
