1878 3262
430 174 647 218 NICEPH.
678 176 883 222 BRYEN.
917 178 1210 223 COMMENT-
1243 181 1292 225 L.
1324 180 1360 226 1.
1569 183 1634 230 17

167 286 395 345 ἐξώρμησα.
459 287 588 347 ταύτῃ
617 306 680 332 τοι
717 290 786 333 καὶ
817 290 895 348 ὕλη
931 292 1111 351 ἱστορίας
1143 291 1273 349 ὄνομα
1305 291 1408 340 ἴστω
1429 300 1489 356 τῷ
1509 294 1631 357 λόγῳ.

165 357 333 414 ἀρκτέον
355 352 426 399 οὖν
450 356 546 412 ἡμῖν
570 359 768 402 ἐντεῦθεν.

155 463 346 498 'subsidium
371 464 422 498 his
444 466 688 502 commentarius
713 477 913 511 suggeram,
944 477 1030 512 quos
1055 473 1240 515 propterea
1267 470 1440 507 materiam
1467 471 1630 507 historiae

161 509 327 591 {Egel-Icari
361 511 461 546 volo:
508 513 570 548 sed
605 512 671 548 iam
707 518 842 559 tempus
883 515 937 548 est
966 514 1220 562 qualiscumque
1250 517 1364 564 operis
1391 517 1522 554 initium
1551 518 1628 554 hinc

510 854 1118 912 ΒΙΒΛΙΟΝ
1188 854 1270 911 Α.

162 999 204 1045 1.
274 974 383 1044 M
378 1001 528 1057 ανουὴλ
556 1003 703 1047 ἐκείνου
730 1009 806 1048 τοῦ
834 1002 965 1059 πάνυ,
995 1004 1040 1056 ὃς
1074 1005 1115 1056 ἒς
1143 1003 1384 1060 Κομνηνοῦς
1410 1003 1623 1063 ἀναφέρων
1645 1015 1676 1049 Ρ
1702 1019 1748 1057 16

156 1069 203 1111 τὸ
223 1069 335 1125 γένος
357 1075 437 1113 τῶν
454 1073 606 1124 μεταξὺ
627 1073 870 1128 συμβάσεων
885 1076 952 1117 καὶ
973 1077 1158 1117 σπονδῶν
1178 1078 1252 1116 τοῦ
1271 1091 1312 1116 τε
1335 1079 1553 1128 τηνικαῦτα
1570 1075 1623 1118 τὰ
1650 1062 1682 1098 v
1703 1066 1726 1099 3

123 1135 361 1191 5Ῥωμαίων
396 1144 581 1196 σκῆπτρα
615 1141 827 1194 ἷθύνοντος
854 1144 1072 1186 Βασιλειόυ
1101 1144 1167 1183 καὶ
1202 1141 1350 1197 Βάρδα
1377 1144 1525 1184 ἐκείνου
1549 1148 1625 1186 τοῦ

154 1208 343 1264 Σκληροῦ
353 1239 366 1259 ,
402 1212 476 1250 τοῦ
505 1210 567 1250 ἐπὶ
598 1215 762 1261 πολλοῖς
780 1211 881 1254 ἔτεσι
898 1210 1222 1268 τυραννήσαντος
1242 1212 1309 1252 καὶ
1330 1210 1403 1265 τὴν
1423 1209 1530 1268 ἑῴαν
1551 1230 1624 1266 μι-

153 1279 255 1331 κροῦ
285 1278 366 1318 δεῖν
402 1275 564 1319 ἅπασαν
593 1280 975 1336 καταστρέψαντος,
1023 1280 1279 1321 ἀποδέδεικτο
1318 1279 1523 1336 πρέσβυς,
1570 1280 1624 1323 τὰ

154 1343 399 1399 διερρωγότα
419 1346 523 1400 μέλη
542 1351 615 1400 τῆς
631 1345 840 1401 Ῥωμαίων
856 1346 1069 1404 ἡγεμονίας
1091 1346 1273 1401 συνάψαι
1290 1350 1500 1403 πειραθεὶς
1521 1348 1624 1406 πρὸς

153 1409 326 1466 ὅλότητα
354 1415 420 1454 καὶ
443 1414 579 1467 μέντοι
609 1415 665 1457 ἔτι
688 1418 754 1457 καὶ
777 1415 969 1471 συνάψας
991 1415 1265 1471 ἐπιστημόνως
1285 1418 1375 1457 λίαν
1399 1419 1466 1458 καὶ
1488 1434 1621 1459 νεανι-

95 1488 141 1523 10
151 1484 251 1529 κῶς·
277 1482 485 1535 Μανουὴλ
509 1477 580 1524 οὖν
599 1482 729 1540 τούτῳ
748 1486 923 1540 γίνονται
938 1487 1080 1535 παῖδες
1100 1484 1171 1526 δύο
1183 1516 1196 1536 ,
1233 1478 1290 1526 ὧν
1311 1482 1332 1525 ὅ
1349 1485 1423 1537 μέν
1441 1483 1622 1539 πρεσβύ-

148 1565 264 1606 τερος
281 1548 500 1602 Ἰσαάκιος,
530 1549 550 1594 ὁ
572 1553 616 1594 δὲ
636 1551 828 1609 νεώτερος
841 1551 1030 1608 Ἰωάννης
1046 1553 1243 1607 ἐκέκλητο.
1278 1555 1428 1609 κομιδῇ
1446 1554 1490 1595 δὲ
1511 1548 1620 1596 οὗτοι
1644 1565 1675 1600 Β

147 1617 227 1658 νέοι
252 1616 362 1668 ὄντες
386 1618 562 1675 ἀμφοῖν,
589 1621 724 1675 ἐπειδὴ
744 1619 765 1663 ὃ
783 1621 916 1679 πατὴρ
937 1622 1100 1677 ἠσθένει
1124 1623 1191 1663 καὶ
1211 1621 1285 1675 τὴν
1304 1625 1378 1663 τοῦ
1395 1623 1488 1675 βίον
1506 1620 1623 1665 {mcd-

147 1702 265 1728 πτευε
298 1686 506 1742 τελευτήν,
540 1687 809 1742 ἐβουλεύσατο
845 1690 972 1748 ἄμφω
1002 1690 1060 1733 τὼ
1084 1692 1202 1732 παῖδε
1221 1694 1279 1747 τῷ
1301 1693 1468 1742 βασιλεῖ’
1482 1708 1620 1748 παρα-

147 1753 317 1796 θέσθαι.
365 1756 574 1812 ἐστέρηντο
597 1757 676 1814 γὰρ
699 1761 765 1800 καὶ
785 1758 941 1816 μητρὸς
959 1763 1032 1814 τῆς
1050 1757 1276 1814 συγκλήρου
1298 1756 1443 1799 τούτου
1464 1763 1523 1815 τῷ
1541 1761 1621 1816 βίῳ

93 1828 137 1863 15
150 1820 276 1863 πάλαι
306 1822 530 1879 θανούσης.
596 1830 716 1868 τοῦτο
750 1827 794 1868 δὲ
823 1826 1149 1881 βουλευσάμενος
1176 1826 1323 1882 ἄριστα
1348 1827 1389 1875 ἒς
1417 1826 1543 1882 πέρας
1569 1827 1616 1869 ῒό

241 1931 296 1965 10.
320 1928 464 1978 τούτῳ]
487 1931 585 1966 Fert.
607 1929 760 1967 τούτου.
907 1934 965 1970 11.
989 1927 1097 1969 οὖτοι
1119 1930 1200 1967 νέοι
1223 1927 1350 1978 ὄντες]
1374 1932 1416 1967 Ρ.
1439 1930 1494 1968 ἔτι
1515 1931 1619 1969 νέοιν

240 1972 380 2012 ὄντοιν.
426 1977 552 2012 Leuius
573 1978 726 2023 corrigas
747 1976 1024 2015 τούτοιννέοιν
1047 1974 1185 2014 ὄντοιν.

623 2123 1014 2181 LIBER
1088 2125 1135 2182 Ι.

144 2267 179 2303 1.
225 2238 431 2305 Μειῃιιὲἱίς
444 2266 535 2301 illius
548 2266 613 2301 viri
629 2266 699 2302 late
713 2267 831 2313 inclyti
845 2279 865 2303 e
880 2267 1123 2303 Comnenorum
1138 2267 1276 2314 antiqua
1290 2271 1395 2314 gente
1405 2298 1416 2314 ,
1439 2269 1497 2316 qui
1513 2269 1613 2306 Basi-

141 2312 188 2347 lio
212 2313 401 2359 imperante
418 2313 510 2347 utilis
533 2319 709 2358 sequester
723 2314 817 2358 pacis
831 2314 921 2348 inter
935 2316 1123 2358 Augustum
1138 2321 1173 2349 et
1187 2315 1334 2350 Bardam
1352 2316 1503 2351 Sclerum
1520 2318 1611 2353 illum

141 2359 385 2393 formidabilem
401 2370 562 2394 annorum
580 2360 757 2394 multorum
772 2364 963 2404 tyrannum,
990 2360 1143 2394 Orientis
1158 2373 1266 2406 paene
1281 2362 1386 2396 totius
1401 2368 1610 2398 vastatorem

142 2415 470 2458 perversoremque,
503 2406 636 2448 suerat,
669 2406 793 2450 quique
824 2406 1001 2451 prudentia
1024 2405 1121 2441 senili
1149 2418 1222 2440 cum
1248 2407 1388 2441 iuvenili
1411 2408 1613 2443 fortitudine

143 2451 312 2494 lungenda
334 2456 464 2485 tantum
485 2451 520 2484 in
542 2463 714 2485 commune
730 2452 937 2486 commodum
952 2451 1019 2486 ista
1034 2452 1204 2497 legatione
1219 2464 1259 2486 ac
1273 2453 1478 2487 tractatione
1493 2455 1612 2499 profe-

145 2502 261 2540 cerat,
292 2499 331 2530 ut
355 2508 422 2530 non
446 2497 541 2530 irrito
568 2502 690 2531 conatu
714 2497 884 2543 discerpta
908 2499 1057 2532 membra
1084 2498 1228 2531 Romani
1251 2498 1383 2543 imperii
1400 2499 1610 2543 reiungenda

145 2542 402 2587 coaptandaque
425 2542 546 2576 iterum
571 2555 638 2576 non
665 2544 791 2580 frustra
813 2544 1002 2589 suscepisse
1028 2542 1223 2577 videretur:
1256 2544 1355 2578 huius
1379 2544 1516 2590 inquam
1539 2547 1610 2580 Co-

145 2588 255 2621 mneni
268 2587 435 2622 Manuelis
449 2589 510 2622 filii
526 2589 593 2623 duo
608 2590 724 2631 fuere,
754 2600 893 2634 quorum
910 2589 1026 2622 maiori
1050 2594 1131 2622 natu
1146 2601 1266 2623 nomen
1284 2589 1415 2624 Isaacio
1440 2591 1524 2634 fuit,
1555 2592 1610 2626 iu-

146 2631 220 2665 nior
233 2633 376 2668 loannes
391 2635 592 2670 vocabatur.
640 2646 727 2679 quos
750 2635 873 2669 aetatis
892 2635 1004 2669 adhuc
1017 2634 1150 2668 infimae
1166 2640 1262 2680 pater
1276 2647 1416 2670 cernens
1430 2664 1441 2679 ‚
1472 2638 1607 2682 quando

144 2676 236 2711 illum
260 2679 374 2721 gravis
397 2681 558 2714 valetudo
583 2680 765 2715 admonere
788 2681 906 2716 mortis
919 2680 1075 2715 instantis
1091 2680 1290 2722 videbatur,
1325 2681 1500 2716 consilium
1516 2683 1609 2728 cepit

146 2723 322 2767 utriusque
346 2725 542 2771 imperatori
567 2727 840 2768 commendandi;
870 2739 982 2772 neque
1010 2726 1096 2760 enim
1122 2726 1242 2760 saltem
1267 2727 1333 2762 illis
1348 2733 1487 2762 matrem
1502 2728 1608 2762 relin-

146 2768 272 2813 quebat
296 2770 457 2816 moriens,
489 2783 576 2818 quae
601 2772 678 2807 illos
705 2776 857 2815 curaret,
887 2773 1012 2807 dudum
1037 2775 1140 2806 antea
1163 2777 1340 2808 mortuam.
1388 2778 1424 2808 et
1438 2785 1507 2808 rem
1524 2784 1607 2818 pru-

143 2813 262 2849 denter
290 2812 507 2853 deliberatam
533 2817 679 2855 feliciter
702 2823 882 2856 exsecutus
904 2822 967 2855 est.
1014 2828 1090 2853 cum
1103 2817 1190 2854 enim
1204 2830 1333 2866 pueros
1345 2819 1474 2854 tutelae
1489 2830 1531 2853 ac
1544 2828 1609 2863 pa-

201 2866 348 2912 Niceph.
375 2868 502 2913 Bryeu.
1302 2870 1330 2908 2
