1878 3262
275 212 339 260 44
748 215 972 258 IOANNIS
1008 215 1236 260 CINNAMI

272 331 397 382 μιξων
435 327 593 378 αὐτοῖς,
631 326 737 381 ὑμᾶς
766 328 812 369 δέ
833 344 902 381 μοι
929 327 998 378 ξὺν
1023 332 1080 385 τῷ
1106 327 1214 386 ἄλλῳ
1239 329 1504 386 στρατεύματι
1529 335 1713 382 ξυντετα-

273 397 438 451 γμένους
462 396 607 437 ε’πιέναι
628 394 771 451 χρεών,
797 395 854 450 μή
875 412 968 438 ποτε
987 397 1186 450 πολεμίων
1209 398 1385 454 ἐνέδραις
1407 406 1625 456 περιπεσεῖν
1649 401 1714 455 γε’-

274 463 423 504 volvo-²³
493 464 608 504 ταῦτ’
638 463 756 505 εἰπών
792 462 814 505 ὃ
849 462 1106 521 αὐτοκράτωρ
1145 466 1206 506 ἐπὶ
1244 465 1338 515 τοὺς
1374 470 1584 520 πολεμίους
1616 469 1713 518 ἵετο,
1734 515 1746 520 f

223 540 256 574 D
273 529 412 586 χώραν
437 530 558 580 αὐτὸς
580 531 652 585 τὴν
677 533 718 573 ἐν
744 531 938 589 ἀριστερῷ
962 531 1286 589 κληρωσάμενος,
1313 531 1381 575 ἅτε
1405 538 1463 590 τῷ
1487 534 1714 591 μεσαιτάτῳ

271 599 617 651 ἀντιμετωποῦσαν
642 604 714 641 τοῦ
738 604 818 641 τῶν
843 601 1027 641 ἐναντίων
1049 599 1346 656 στρατεύματος
1353 633 1365 652 ,
1392 600 1494 643 ἔνθα
1506 604 1746 652 πλείστους5

269 683 310 707 τε
349 667 414 707 καὶ
451 665 636 723 ἀρίστους
672 668 894 721 ξυνέβαινεν
919 666 1016 710 εἶναι
1040 670 1225 724 Περσῶν.
1292 670 1451 726 Πέρσαι
1476 671 1607 711 τοίνυν
1630 669 1713 723 μά-

264 750 356 787 χαις
382 731 490 786 οἶμαι
516 741 603 784 ταῖς
627 734 925 791 προλαβούσαις
955 738 1232 792 περιῃρημένοι
1264 737 1337 791 τὴν
1370 735 1542 790 τόλμαν,
1581 738 1713 791 ἐπειδὴ

265 801 338 856 τὴν
372 799 594 856 Ῥωμαϊκὴν
634 801 737 845 εἶδον
775 803 1001 861 ῥομφαίαν,
1040 804 1113 858 τὴν
1149 803 1262 854 τάξιν
1300 804 1560 855 ἀπολιπόντες
1585 805 1714 846 οὐδενὶ

267 868 403 926 κόσμῳ
442 871 653 926 ἐφέροντο,
694 871 802 921 ὅπως
840 871 960 921 αὐτὸς
997 872 1162 922 ἕκαστος
1194 876 1352 928 πρῶτος
1376 874 1557 915 ἓνθένδεν
1583 873 1713 914 ἀπαλο

270 935 457 979 λάσσοιτο
484 939 661 993 σπουδὴν
685 938 850 992 ἔχοντες.
885 939 987 981 ἔνθα
1011 941 1077 981 καὶ
1102 940 1170 981 τὸν
1196 940 1369 982 σουλτὰν
1389 938 1415 994 ἡ
1437 939 1551 997 φήμη
1574 947 1710 996 παρεῖ-
1726 949 1771 982 10

268 1022 334 1046 ναι
363 1004 572 1061 διήγγελλε.
621 1006 845 1063 φευγόντων
870 1002 940 1048 οὖν
960 1005 1148 1061 Ῥωμαῖοι
1173 1012 1223 1064 τῇ
1249 1006 1378 1058 διώξει
1404 1009 1613 1063 ἐγκείμενοι
1638 1024 1714 1049 πο-

269 1071 340 1114 λύν
379 1090 466 1114 τινα
505 1074 749 1131 κατέτριψαν
783 1073 941 1131 χρόνον.
1010 1077 1075 1117 καὶ
1102 1076 1140 1116 οἳ
1164 1077 1236 1129 μὲν
1262 1077 1302 1118 ἓν
1326 1074 1482 1125 τούτοις
1505 1070 1630 1130 ἦσαν·
1668 1076 1715 1117 τὸ

268 1141 312 1182 δὲ
349 1140 447 1182 ἄλλο
476 1139 683 1195 Ῥωμαίων
707 1142 935 1199 στράτευμα
961 1143 1063 1184 κατὰ
1087 1140 1214 1185 νώτου
1241 1144 1558 1198 συντεταγμένοις
1582 1142 1714 1199 ὥσπερ

270 1208 420 1264 εἴρηται
446 1209 554 1251 ἐπιὸν
577 1211 623 1252 τὸ
647 1211 720 1264 μὲν
745 1215 901 1267 πρῶτον
925 1209 1059 1264 λόχοις
1082 1214 1182 1253 τισὶν
1207 1211 1248 1261 ἐξ
1275 1210 1575 1268 ἀπροσδοκήτου
1603 1227 1714 1267 περι-

269 1277 389 1330 τυχὸν
413 1277 630 1333 ἐτρέψατο,
657 1277 740 1320 εἶτα
766 1281 832 1320 καὶ
857 1283 936 1320 τῶν
963 1278 1094 1320 ἄλλων
1119 1278 1283 1321 κατόπιν
1303 1280 1546 1333 ἐπιθεμένων
1566 1278 1713 1329 αὐτοῖς,
1727 1282 1768 1317 15

153 1351 181 1384 P
205 1351 248 1385 25
272 1343 359 1386 ὅσοι
396 1362 436 1387 τε
470 1346 631 1387 Ἰκονίου
669 1346 779 1396 ἐντὸς
816 1346 999 1403 φυλακὴν
1035 1345 1138 1400 εἶχον
1177 1345 1419 1403 (ἐπεξῄεσαν
1442 1346 1518 1402 γὰρ
1544 1345 1622 1400 ἤδη
1648 1348 1715 1387 καὶ

271 1406 380 1454 οὗτοι
415 1412 694 1469 θαρσήσαντες
718 1418 776 1471 τῷ
799 1414 868 1457 τὸν
894 1413 1170 1471 αὐτοκράτορα
1194 1415 1354 1471 μακρὰν
1380 1414 1532 1456 ἄποθεν
1551 1415 1714 1456 Ἰκονίου

270 1485 473 1522 ποιεῖσθαι
498 1481 570 1536 τὴν
596 1482 758 1536 δίωξιν)
786 1484 851 1524 καὶ
878 1481 965 1524 ὅσοι
991 1484 1032 1525 ἐν
1057 1488 1114 1540 τῷ
1140 1481 1322 1525 κατάντει
1342 1487 1412 1537 τῆς
1425 1481 1576 1532 πόλεως
1588 1482 1714 1523 ὀπίσω

267 1547 452 1605 καθάπερ
479 1548 629 1605 εἴρηται
656 1549 866 1602 ἐτάξαντο,
893 1554 1121 1592 κλονεῖσθαι
1146 1551 1224 1605 ἤδη
1250 1550 1413 1607 ἤρξατο.
1457 1550 1552 1606 ὅπερ
1579 1549 1713 1603 ἐπειδὴ

265 1614 435 1669 τάχιστα
471 1618 661 1671 βασιλεὺς
697 1617 842 1672 ἤκουσε
877 1616 1064 1671 δυνάμεις
1087 1622 1167 1660 τῶν
1193 1618 1265 1660 σὺν
1292 1618 1403 1675 αὐτῷ
1426 1618 1498 1672 τὴν
1523 1619 1770 1671 ταχίστηκὲῡ

265 1684 475 1737 ἐξέπεμπεν
501 1684 564 1726 ἐπ’
592 1686 748 1736 αὐτοῖς,
777 1679 831 1727 ὧν
842 1684 1174 1742 Πυρρογεώργιός
1197 1703 1238 1727 τε
1264 1680 1384 1741 ἦρχεν
1411 1685 1510 1741 ἀνὴρ
1538 1683 1714 1741 δραστή-

149 1758 177 1788 V
203 1758 248 1791 20
271 1768 356 1808 ριος
392 1750 591 1805 μάλιστα,
631 1752 675 1803 ὃς
711 1755 775 1795 καὶ
802 1757 859 1810 τῷ
883 1758 955 1795 τοῦ
980 1755 1233 1810 πριμικηρίου
1259 1758 1330 1807 τῆς
1357 1753 1481 1807 αὐλῆς
1505 1751 1716 1810 ἐσύστερον

265 1820 469 1874 τετίμηται
507 1819 724 1874 ἀξιώματι,
762 1822 827 1863 καὶ
854 1819 875 1862 ὃ
900 1821 1098 1878 Χουροῦπ
1122 1823 1162 1870 ἐς
1186 1821 1279 1870 τοὺς
1301 1821 1499 1874 βασιλέως
1523 1821 1590 1862 καὶ
1614 1819 1715 1876 πρὸς

266 1891 337 1942 τῆς
373 1886 607 1944 ἁλουργίδος
639 1887 836 1945 ὑπηρέτας
860 1892 994 1931 τελῶν.
1064 1888 1167 1931 ἀλλὰ
1192 1890 1258 1931 καὶ
1283 1886 1435 1932 τούτων
1457 1885 1712 1942 βεβοηθηκό-

355 1972 389 2007 4.
416 1969 617 2019 ἀριστερῷ]
643 1971 758 2006 Malim
780 1969 965 2019 ἀριστερᾷ.

267 2055 363 2085 turus
394 2061 520 2084 manus.
567 2055 713 2083 vestrum
740 2050 804 2084 erit
829 2062 903 2084 cum
919 2050 1040 2085 ceteris
1055 2050 1160 2096 copiis
1182 2051 1358 2096 subsequi,
1387 2063 1431 2086 ne
1458 2051 1542 2086 alias
1570 2050 1713 2084 hostium

267 2095 392 2130 insidiis
421 2095 754 2129 circumveniamur.''
800 2096 885 2130 haec
906 2096 1036 2130 locutus
1059 2096 1240 2141 imperator
1264 2098 1388 2142 impetu
1413 2096 1583 2141 magnoin
1599 2096 1715 2130 hostes

268 2143 398 2180 fertur,
428 2141 604 2184 locumque
628 2145 771 2185 occupat
793 2141 959 2176 sinistrum
980 2142 1107 2176 mediae
1121 2142 1254 2177 illorum
1268 2143 1443 2177 obversum
1459 2141 1567 2185 aciei,
1596 2141 1632 2174 in
1647 2151 1715 2184 qua

268 2185 399 2232 plurimi
415 2186 549 2219 stabant
564 2186 745 2229 optimique
759 2186 947 2221 Persarum.
993 2192 1030 2221 at
1043 2187 1076 2220 hi
1092 2188 1319 2232 superioribus
1329 2213 1340 2231 ‚
1369 2191 1408 2220 ut
1421 2187 1554 2232 opinor,
1578 2185 1714 2230 praeliis

270 2231 378 2266 attriti
392 2242 612 2274 repressaque
627 2231 781 2273 audacia,
814 2232 870 2265 ubi
885 2233 1054 2266 Romanos
1069 2233 1191 2267 micare
1206 2233 1334 2277 gladios
1347 2232 1482 2274 vident,
1513 2231 1641 2265 relictis
1655 2239 1726 2264 or-‘

271 2277 403 2310 dinibus
417 2276 618 2321 dissipantur
631 2276 767 2320 passim,
799 2288 999 2322 unoquoque
1013 2278 1150 2311 militum
1163 2278 1241 2311 inde
1255 2277 1401 2311 evadere
1415 2277 1502 2311 inter
1517 2277 1640 2321 primos
1651 2275 1712 2309 ad·-

271 2323 407 2355 nitente.
453 2321 485 2355 in
511 2322 629 2365 quibus
655 2321 761 2364 ipsum
787 2322 887 2356 etiam
907 2323 998 2356 aiunt
1018 2323 1163 2357 adfuisse
1177 2324 1364 2358 Sultanum.
1410 2322 1551 2356 Romani
1567 2322 1645 2355 dum
1660 2323 1713 2355 fu-

270 2367 437 2411 gientibus
452 2367 560 2400 acrius
575 2366 697 2399 instant
711 2377 776 2399 non
790 2378 905 2411 parum
921 2368 1076 2412 temporis
1098 2379 1340 2412 consumpsere.
1385 2372 1487 2412 atque
1508 2368 1556 2400 ita
1579 2367 1712 2411 quidem

270 2425 346 2446 sese
367 2423 422 2446 res
444 2412 568 2446 habuit.
614 2411 698 2445 aliae
712 2411 842 2445 interim
859 2413 1082 2446 Romanorum
1098 2414 1215 2458 copiae
1228 2412 1418 2453 instructis,
1447 2418 1485 2446 ut
1506 2412 1623 2455 retuli,
1654 2422 1711 2445 or·-

270 2458 400 2491 (linibus
416 2469 436 2491 a
452 2461 548 2501 tergo
564 2457 781 2490 succedentes
811 2457 915 2502 primo
939 2458 1071 2502 quidem
1093 2458 1127 2492 in
1148 2459 1283 2492 insidias
1305 2458 1462 2503 quasdam
1475 2484 1485 2500 ,
1515 2457 1712 2501 necopinato

271 2503 431 2548 delapsae
459 2504 628 2546 fugantur.
673 2501 903 2545 ingruentibus
935 2514 1068 2546 quoque
1091 2514 1112 2536 a
1132 2508 1228 2547 tergo
1242 2503 1314 2537 aliis
1327 2503 1457 2537 turbari
1472 2502 1570 2536 etiam
1587 2513 1711 2546 coepe-

268 2553 364 2582 runt:
395 2559 469 2581 nam
485 2552 519 2581 et
533 2553 700 2592 quotquot
713 2552 809 2581 erant
825 2547 925 2582 Iconii
940 2548 1147 2592 praesidiarii
1163 2549 1283 2582 milites
1299 2552 1532 2588 excesserant,
1561 2558 1604 2581 ea
1622 2547 1709 2580 fidu-

270 2593 343 2634 cia,
373 2593 462 2637 quod
485 2593 720 2637 imperatorem
735 2593 864 2646 longius
879 2593 921 2626 ab
938 2593 1021 2626 urbe
1034 2593 1230 2637 insequendi
1246 2593 1348 2627 ardor
1367 2593 1585 2638 abripuisset:
1615 2597 1654 2626 ut
1676 2596 1712 2626 et

269 2642 435 2683 quotquot
450 2644 526 2682 post
541 2638 708 2672 civitatem
719 2663 729 2681 ‚
757 2643 808 2672 uti
821 2643 1036 2672 memoratum
1046 2665 1055 2681 ‚
1086 2638 1121 2671 in
1136 2639 1257 2673 declivi
1270 2642 1446 2672 steterant.
1491 2637 1527 2671 id
1542 2637 1637 2671 simul
1652 2648 1711 2671 ac-

270 2683 361 2728 cepit
375 2683 512 2716 Manuffl
522 2709 530 2719 .
557 2688 686 2728 partem
702 2683 870 2728 copiarum
884 2688 1007 2728 quanta
1024 2687 1135 2727 potest
1150 2684 1322 2718 celeritate
1337 2683 1455 2727 mittit,
1479 2682 1596 2727 quibus
1612 2694 1711 2727 prae-

271 2729 400 2774 positus
428 2728 492 2762 fuit
514 2728 800 2772 Pyrrogeorgius,
828 2729 881 2762 vir
902 2728 1041 2762 maxime
1064 2728 1266 2768 industrius,
1297 2729 1353 2782 qui
1378 2729 1583 2774 postmodum
1599 2727 1714 2773 primi-

270 2774 351 2808 cerii
370 2773 466 2808 aulae
489 2773 650 2817 dignitate
672 2779 789 2815 quotus
811 2778 884 2817 est,
915 2778 951 2807 et
974 2773 1172 2817 Cburupus,
1202 2774 1290 2807 inter
1307 2774 1474 2808 ministros
1487 2773 1712 2817 imperatoris,

272 2820 329 2864 qui
350 2830 372 2853 a
395 2829 544 2865 purpura
565 2823 664 2862 sunt,
694 2819 845 2854 allectus.
888 2818 955 2853 illis
968 2818 1046 2852 licet
1061 2818 1296 2853 adiuvantibus
1309 2847 1319 2864 ,
1349 2820 1447 2853 nihilo
1463 2819 1571 2852 secius
1584 2829 1713 2852 rursum
