1878 3262
581 190 1127 236 COMMENTARIORUM
1157 191 1208 235 L.
1240 189 1276 235 1.
1591 190 1659 236 29

191 310 263 354 τὸν
283 308 386 366 πρὸς
405 307 476 351 τ”ὸν
495 306 750 362 Μουχούμετ
769 307 950 363 ἠπείγετο
959 339 973 359 ,
998 310 1205 364 καθολικῇ
1226 303 1340 363 μάχῃ
1366 303 1548 350 σπεύδων
1568 312 1659 364 κρῖ-

191 396 258 422 ναι
288 378 340 420 τὰ
373 376 606 434 πράγματα.
676 376 782 418 ἀλλὰ
815 377 995 425 κάκεῖνος
1021 376 1288 433 Σαρακηνοὺς
1319 377 1574 426 καθοπλίσας
1592 377 1661 418 καὶ

191 448 361 504 Πέρσας
382 449 451 488 καὶ
474 447 730 504 Καβείρους,
766 447 832 487 καὶ
844 444 1048 501 Ἄραβας,
1074 447 1142 487 καὶ
1163 443 1337 502 στρατὸν
1359 443 1661 500 συστησάμενος

191 517 287 572 περί
312 533 390 557 που
421 516 497 565 τὰς
525 513 768 570 πεντήκοντα
797 512 1028 571 μυριάδας,
1064 515 1200 570 φέρων
1221 515 1265 555 δὲ
1286 515 1354 556 καὶ
1375 512 1662 570 πυργοφόρους

157 586 414 642 ὁέλέφαντας
443 581 584 626 ἑκατόν
596 617 610 637 ,
645 583 831 626 ἔσπευδεν
862 580 1146 636 ἀντιμετώπως
1165 587 1308 637 στῆναι
1332 587 1390 639 τῷ
1411 583 1663 639 Στραγγολίε·
1693 597 1711 602 ’·

191 656 292 695 πιδι.
359 652 589 705 ὑπαντιάζει
619 658 717 708 γοῦν
740 653 851 709 αὐτῷ
874 651 979 694 κατὰ
1003 651 1073 693 τὸν
1095 650 1307 706 λεγόμενον
1321 651 1554 711 Ἀσπαχᾶν,
1590 652 1659 694 καὶ
1682 655 1713 690 Β

190 723 403 779 γενομένης
434 721 569 776 μάχης
603 720 910 778 καρτερωτάτης
937 720 1076 762 ἔπεσον
1098 721 1172 774 μὲν
1205 722 1247 770 ἐξ
1280 719 1479 777 ἑκατέρων
1504 722 1661 772 πολλοί,

192 793 322 833 πίπτει
351 792 395 832 δὲ
421 794 488 833 καὶ
515 790 637 841 αὐτὸς
660 789 681 832 ὁ
703 789 978 844 Μουχούμετ,
1015 788 1107 831 οὔτε
1139 787 1244 846 τόξῳ
1274 791 1446 843 βληθεὶς
1471 788 1561 831 οὔτε
1589 787 1663 832 δό-

192 868 306 917 ρατι,
340 860 435 901 ἀλλ’
464 858 785 916 ἔφιππαζόμενος
818 861 886 900 καὶ
918 858 988 901 τὸν
1017 861 1161 900 οἰκεῖον
1187 857 1521 915 παραθαρρύνων
1546 856 1663 910 λαόν,

136 938 182 972 10
193 933 265 971 τοῦ
296 930 422 970 ἵππου
462 929 574 986 αὐτῷ
603 926 920 983 ὀλισθήσαντος,
951 927 1025 970 σὺν
1060 928 1193 985 ἐκείνῳ
1229 929 1484 980 κατενεχθεὶς
1509 929 1565 976 εἷς
1588 931 1663 982 γῆν

151 1026 154 1029 -
191 1000 259 1040 καὶ
283 999 613 1054 ἔκτραχηλισθεὶς
634 995 849 1051 ἐτεθνήκει.
916 995 1062 1039 τούτου
1082 997 1125 1039 δὲ
1147 997 1214 1038 καὶ
1230 994 1506 1050 συμπεσόντος
1524 995 1570 1037 τὸ
1589 995 1664 1037 σὺν

192 1067 305 1124 αὐτῷ
333 1071 414 1109 τῶν
437 1069 613 1122 Περσῶν
642 1070 802 1121 πλῆθος
831 1069 890 1122 τῷ
915 1066 1228 1122 Στραγγολίπιδι
1249 1063 1558 1121 προσεχώρησε,
1594 1065 1664 1106 καὶ

190 1133 214 1186 ὁ
237 1137 530 1192 Στραγγολίπις
548 1133 627 1177 ὑπὸ
648 1134 810 1177 πάντων
832 1135 957 1185 εὐθὺς
978 1134 1170 1188 βασιλεὺς
1191 1132 1433 1190 ἄνηγόρευτο
1453 1138 1526 1188 τῆς
1547 1136 1663 1190 Περ-

192 1206 318 1256 σίδος.
388 1203 636 1260 ἀναρρηθεὶς
665 1205 707 1246 δ’
743 1204 930 1258 ἐκπέμπει
960 1206 1027 1245 καὶ
1055 1207 1252 1259 καθαιρεῖ
1271 1203 1344 1257 τὴν
1365 1204 1408 1244 ἐν
1428 1207 1480 1259 τῇ
1504 1201 1663 1261 γεφύρᾳ

136 1279 180 1315 15
191 1277 265 1315 τοῦ
291 1271 530 1329 Ἀρράξιδος
560 1273 748 1330 φυλακὴν
780 1275 847 1314 καὶ
882 1272 928 1314 τὸ
969 1272 1089 1322 ἔθνος
1119 1277 1200 1313 τῶν
1231 1270 1428 1328 Τούρκων
1456 1271 1558 1328 πρὸς
1589 1270 1663 1325 τὴν

190 1343 379 1397 Περσίδα
409 1345 533 1383 καλεῖ.
604 1341 744 1383 ἀνέτου
776 1341 819 1382 δὲ
852 1346 924 1395 τῆς
947 1342 987 1391 ἐς
1005 1342 1194 1397 Περσίδα
1216 1341 1381 1397 πορείας
1402 1340 1655 1394 ἀποδειχθεί-
1682 1342 1713 1378 C

191 1427 268 1464 σης
286 1410 423 1459 αὐτοῖς
447 1411 515 1451 καὶ
535 1414 608 1464 τῆς
627 1414 700 1452 τοῦ
714 1408 951 1466 Ἀρράξιδος
973 1408 1222 1463 διαβάσεως,
1258 1410 1446 1460 ξυνέθεον
1467 1413 1665 1463 παμπλη-

191 1480 283 1530 θεί,
319 1478 423 1532 πλὴν
457 1483 539 1520 τῶν
569 1478 655 1520 ὅσοι
693 1477 814 1535 πόθῳ
847 1483 920 1533 τῆς
952 1477 1107 1521 ἑαυτῶν
1139 1481 1336 1534 πατρίδος
1371 1478 1666 1520 ἀντεποιοῦντο.

193 1547 239 1589 οἳ
270 1549 338 1588 καὶ
372 1545 614 1598 καθελόντες
646 1548 816 1604 Πέρσας
847 1565 889 1590 τε
920 1549 988 1590 καὶ
1013 1547 1279 1604 Σαρακηνοὺς
1300 1547 1415 1588 αὐτοὶ
1441 1545 1572 1602 κύριοι
1594 1550 1666 1600 τῆς

135 1617 399 1673 ΞΟΠερσίδος
431 1614 638 1671 γεγόνασι,
667 1614 888 1658 σουλτάνον
918 1617 987 1659 τὸν
1017 1617 1343 1672 Στραγγολίπιδα
1379 1614 1666 1669 ὄνομάσαντες,

191 1684 288 1742 ὅπερ
313 1686 497 1740 σημαίνει
521 1686 626 1742 παρ’
657 1686 794 1735 αὐτοῖς
816 1685 1010 1739 βασιλεὺς
1033 1686 1234 1740 βασιλέων
1264 1688 1332 1726 καὶ
1360 1682 1668 1741 παντοκράτωρ.

191 1752 328 1804 πάσας
361 1747 433 1795 οὖν
465 1753 540 1804 τὰς
574 1754 704 1810 ἀρχὰς
732 1758 813 1797 τῶν
842 1757 1019 1812 Περσῶν
1044 1755 1112 1797 καὶ
1139 1757 1392 1812 Σαρακηνῶν
1417 1751 1666 1811 ἀφελόμενος

288 1872 345 1907 18.
369 1869 488 1917 πλὴν]
515 1872 569 1906 Ita
591 1872 633 1907 P.
654 1883 718 1918 pro
741 1869 824 1916 τήν.

195 1974 237 2009 ad
252 1974 501 2008 Muchumetem
516 1974 606 2008 ultro
621 1974 729 2019 ipsum
746 1973 927 2017 invadere,
958 1985 1111 2020 pugnare
1127 1986 1200 2009 cum
1216 1975 1274 2008 illo
1288 1974 1375 2009 iusta
1390 1974 1484 2018 acie,
1510 1973 1663 2020 totisque

193 2021 323 2055 viribus
339 2026 375 2054 et
390 2021 519 2065 proelio
537 2020 726 2054 decretorio
741 2020 852 2054 iacere
868 2021 974 2055 aleam
991 2032 1139 2055 summae
1153 2021 1203 2055 rei
1220 2027 1345 2056 certus.
1391 2022 1453 2055 sed
1477 2025 1513 2056 et
1531 2021 1588 2055 ille
1608 2022 1664 2055 in-

194 2067 417 2102 structissimo
433 2067 540 2100 fretus
558 2066 731 2109 exercitu,
761 2077 860 2110 quem
883 2079 903 2100 e
918 2067 1117 2109 Saracenis,
1148 2067 1279 2109 Persis,
1310 2067 1464 2110 Cabiris,
1494 2067 1664 2101 Arabibus

194 2112 406 2147 conflaverat
419 2113 610 2157 quingentis
625 2113 772 2158 capitum
788 2112 932 2146 millibus
955 2119 1182 2157 constantem,
1211 2113 1382 2147 adducens
1394 2124 1462 2147 una
1475 2113 1572 2146 simul
1587 2118 1676 2147 tur--

193 2159 280 2193 ritos
295 2158 492 2203 elephantos
509 2164 642 2191 centum
652 2183 661 2198 ‚
694 2158 845 2191 occurrit
858 2163 978 2191 contra
993 2158 1242 2203 Strangolipidi
1257 2170 1377 2202 magna
1390 2171 1470 2204 spe,
1497 2159 1662 2192 offendite-

194 2216 263 2250 que
277 2204 369 2238 illum
387 2204 422 2237 in
442 2205 517 2237 loco
533 2204 692 2248 Aspacha
706 2208 839 2238 vocato.
888 2203 946 2237 ubi
960 2205 1090 2248 magnis
1103 2204 1218 2239 animis
1233 2216 1276 2238 ac
1289 2205 1417 2239 viribus
1434 2205 1562 2250 proelio
1578 2216 1662 2239 oon-

194 2255 289 2284 serto
306 2262 380 2284 cum
399 2250 566 2294 utrimque
579 2250 675 2290 multi*
691 2249 843 2284 cecidere
853 2275 864 2292 ,
894 2255 964 2284 tum
979 2250 1070 2284 inter
1086 2262 1144 2284 eos
1158 2250 1233 2295 ipse
1248 2251 1464 2295 Muchumet,
1495 2263 1563 2285 non
1578 2262 1661 2285 arcu

195 2296 344 2337 eminus,
373 2307 439 2329 non
460 2297 557 2329 hasta
578 2295 759 2330 comminus
787 2297 972 2329 confossus.
1016 2296 1079 2330 sed
1106 2308 1181 2330 cum
1206 2297 1277 2330 alte
1305 2308 1391 2342 equo
1417 2302 1555 2331 exstans
1580 2307 1663 2331 suos

195 2342 393 2376 hortaretur
408 2342 449 2376 ad
465 2342 632 2386 agendum
654 2341 808 2383 fortiter,
830 2353 939 2386 eoque
954 2342 1154 2386 prolabente
1168 2342 1346 2376 devolutus
1361 2343 1395 2376 in
1409 2347 1534 2377 terram
1545 2370 1556 2386 ‚
1583 2355 1662 2377 cer-

195 2387 255 2421 vix
284 2388 351 2432 ipsi
379 2388 574 2430 confracta,
607 2393 790 2432 ereptaque
820 2387 894 2421 vita
924 2393 988 2421 est.
1036 2393 1210 2433 comperta
1235 2389 1330 2422 ducis
1354 2394 1463 2422 morte
1478 2390 1662 2423 Persarum

196 2433 375 2467 multitudo
401 2434 528 2478 reliqua
552 2433 795 2478 Strangolipidi
817 2444 856 2467 se
879 2433 1021 2468 dedidit.
1068 2434 1186 2479 itaque
1200 2434 1230 2468 is
1244 2434 1390 2468 unanimi
1405 2434 1471 2468 iam
1496 2445 1662 2468 consensu

197 2479 340 2513 omnium
367 2491 430 2514 rex
454 2480 606 2513 Persidis
628 2479 851 2523 acclamatus,
881 2479 994 2513 statim
1018 2480 1263 2525 praesidiariis,
1296 2479 1354 2523 qui
1376 2486 1512 2524 pontem
1540 2480 1664 2514 Araxis

197 2525 451 2568 custodiebant,
483 2537 525 2559 ea
554 2525 699 2559 statione
730 2525 828 2558 motis
856 2530 990 2568 gentem
1020 2527 1211 2559 Turcorum
1241 2525 1276 2559 in
1306 2525 1480 2559 Persidem
1510 2526 1663 2570 vocavit,

196 2569 305 2604 libero
331 2571 395 2604 illis
421 2573 595 2616 patefacto
620 2583 682 2617 per
696 2570 818 2604 Araxis
833 2576 968 2616 pontem
985 2571 1091 2604 aditu.
1138 2583 1206 2615 qua
1220 2571 1269 2604 illi
1283 2570 1448 2606 facultate
1462 2572 1584 2618 cupide
1600 2572 1664 2614 usi,

197 2616 361 2659 gregatim
393 2617 619 2661 emigrarunt,
649 2616 764 2663 paucis
794 2616 940 2658 relictis,
973 2628 1059 2660 quos
1081 2617 1225 2650 dulcedo
1240 2616 1360 2650 natalis
1377 2618 1462 2652 coeli
1478 2625 1515 2652 et
1530 2619 1664 2664 patriae

200 2662 325 2695 caritas
339 2663 459 2696 tenuit.
483 2675 547 2698 nec
561 2675 644 2698 vero
660 2664 788 2697 Persae
804 2673 844 2695 ac
861 2662 1023 2696 Saraceni
1039 2662 1202 2696 adversus
1220 2663 1342 2708 passim
1357 2663 1539 2698 affluentes
1547 2667 1664 2699 Araxe

198 2711 320 2750 aperto
333 2708 479 2742 colonias
494 2714 619 2744 terram
635 2714 696 2744 aut
710 2708 908 2753 dignitatem
922 2719 1001 2742 suas
1021 2709 1174 2743 obtinere
1196 2714 1398 2754 potuerunt,
1429 2710 1513 2745 victi
1536 2710 1664 2756 spolia-

199 2751 293 2796 tique
309 2753 352 2786 ab
367 2753 555 2799 hospitibus
565 2782 576 2798 ,
598 2761 636 2789 ut
651 2755 749 2801 plane
763 2754 828 2788 iam
845 2753 968 2788 domini
983 2755 1132 2788 Persidis
1148 2755 1254 2789 Turci
1269 2760 1404 2800 essent,
1429 2756 1552 2801 quibus
1569 2767 1662 2790 com-

199 2797 291 2831 muni
315 2799 427 2840 gentis
445 2800 584 2836 decreto
607 2801 735 2847 placuit
758 2799 1042 2844 Strangolipidem
1065 2801 1240 2837 Sultanum
1264 2801 1458 2847 appellare,
1490 2813 1578 2846 quae
1594 2812 1662 2835 vox

199 2843 293 2889 apud
304 2843 399 2889 ipsos
411 2855 530 2891 regem
539 2858 658 2893 regum
673 2852 710 2884 et
721 2847 956 2893 imperatorem
969 2851 1082 2883 sonat.
1127 2847 1158 2882 is
1178 2847 1396 2894 magistratus
1410 2849 1662 2895 praefecturas-
