1878 3262
594 214 1136 259 COMMENTARIORUM
1169 216 1217 259 L.
1243 215 1322 260 IV.
1602 218 1696 264 139

238 328 410 380 ὁπόσους
441 330 612 373 δυνατὸν
641 329 856 381 κοινωνοὺς
875 328 981 372 οὕτω
1002 338 1150 388 χωρεῖν
1171 331 1273 389 πρὸς
1291 330 1361 374 τὸν
1381 331 1576 375 κίνδυνον.
1644 333 1695 376 τὰ

236 400 310 454 μὲν
333 393 405 442 οὖν
427 400 532 442 κατὰ
552 399 597 442 τὸ
623 399 752 450 δεξιὸν
772 400 891 456 κε’ρας
909 404 1090 442 τοιοῦτον
1113 400 1202 455 ἴσχε
1227 400 1272 443 τὸ
1294 401 1419 450 τέλος.

374 468 419 512 9.
488 469 611 511 Κατὰ
639 469 683 511 δὲ
711 468 757 511 τὸ
794 466 997 522 εὖῶιυμον
1023 468 1060 510 οἱ
1086 471 1176 526 περὶ
1201 469 1270 512 τὸν
1293 467 1550 511 Κατακαλών
1570 469 1688 510 Κων-
1717 475 1744 509 Β

236 543 443 579 σταντῖιόν
474 537 638 580 Σκύθαι
672 535 822 587 ἰδόντες
849 538 1132 592 Χωματηνοῦς
1165 538 1291 588 εὐθὺς
1324 536 1561 594 ἐξώρμησαν
1596 537 1690 579 κατ’

202 613 223 648 5
237 605 370 647 αὐτῶν
386 606 456 658 ξὺν
473 611 553 663 βοῇ
572 610 702 663 πολλῇ
719 608 784 648 καὶ
810 606 1053 664 ἀλαλαγμῷ,
1087 609 1155 649 καὶ
1174 611 1331 649 θᾶττον
1348 606 1374 662 ἢ
1395 604 1512 662 λόγος
1527 604 1694 655 τούτους

235 672 479 731 τρεψάμενοι
517 679 590 718 τοῦ
626 673 782 718 διώκειν
818 673 1068 728 παυσάμενοι
1102 676 1176 718 σὺν
1207 674 1316 726 τάξει
1347 674 1597 731 ὑπέστρεφον
1625 677 1694 716 καὶ

234 744 340 785 κατὰ
371 747 452 786 τῶν
483 743 556 799 τὴν
589 744 781 801 οὐραγίαν
805 741 1031 801 τηρούντων
1054 749 1127 786 τοῦ
1148 746 1366 801 Βρυεννιόυ
1393 741 1694 800 στρατεύματος

233 810 424 868 ἐξώρμων
460 811 534 855 σὺν
566 814 779 873 προθυμία
813 816 964 869 πολλῇ,
993 814 1059 854 καὶ
1092 810 1186 854 ὅσον
1214 813 1383 867 θητικὸν
1407 810 1693 860 σκυλεύσαντες

232 882 300 922 καὶ
318 882 468 931 ἵππους
489 883 556 923 καὶ
577 880 745 939 λάφυρα
765 879 957 936 λαβόντες
981 879 1160 938 ἀπῄεσαν
1179 881 1327 922 οἴκαδε.
1397 879 1626 935 συγχύσεως
1648 880 1693 921 δὲ

232 949 277 990 ἔκ
307 948 457 1004 ταύτης
486 954 559 1005 τῆς
589 953 721 1001 αι’τιάς
743 951 954 1006 γενομένης
985 957 1075 1000 ταῖς
1109 948 1290 1002 τάξεσιν,
1327 947 1396 991 ἅτε
1429 953 1509 990 τῶν
1535 951 1623 1004 περὶ
1645 948 1690 990 τὸ

232 1020 401 1060 τοῧλὸον
430 1017 644 1073 Ῥωμαίοις
673 1017 918 1073 καλούμενον
948 1021 1004 1069 εἷς
1035 1019 1161 1069 αὐτὰς
1181 1015 1513 1076 καταφευγόντων
1536 1017 1613 1058 δεέι
1634 1020 1692 1073 τῷ

231 1090 312 1128 τῶν
337 1090 512 1130 Σκυθῶν
536 1090 603 1129 καὶ
630 1092 710 1130 τῶν
738 1090 912 1143 σημείων
942 1088 1268 1142 ἀναμιχθέντων,
1304 1085 1325 1128 ὃ
1348 1085 1562 1140 Κομνηνὸς
1574 1085 1685 1127 Ἀλέ-
1710 1085 1758 1125 C'

231 1158 315 1205 ξιος
341 1160 459 1198 τοῦτο
493 1155 668 1198 κατιδών
703 1156 795 1212 (ἔτι
828 1157 904 1213 γὰρ
936 1157 1047 1206 ἐντὸς
1074 1157 1243 1213 διέτριβε
1273 1159 1346 1197 τοῦ
1371 1158 1444 1196 τοῦ
1471 1154 1690 1210 Βρυεννίου

229 1222 559 1280 στρατεύματος)
595 1224 788 1280 καλύψας
811 1225 857 1267 τὸ
882 1223 1098 1282 πρόσωπον
1116 1229 1173 1282 τῷ
1194 1223 1469 1281 ἆπῃωρημένῳ
1488 1223 1690 1277 θωρακίδι

174 1296 217 1332 15
230 1296 279 1348 τῇ
299 1291 469 1349 κόρυθι,
495 1298 575 1335 τῶν
597 1292 831 1348 ἱπποκόμων
849 1295 917 1335 ἕνα
937 1298 1011 1336 τοῦ
1027 1295 1246 1350 Βρυεννίου
1267 1290 1509 1344 καταλαβὼν
1530 1287 1558 1320 *
1573 1288 1601 1322 *
1617 1288 1644 1321 *
1661 1289 1688 1321 *

228 1361 376 1402 ἐκείνου
405 1366 456 1418 τῇ
483 1360 668 1420 ἁλουργῷ
691 1363 895 1419 ἐφεστρίδι
915 1364 983 1404 καὶ
1002 1369 1086 1411 τοῖς
1100 1367 1269 1418 χρυσοῖς
1294 1358 1495 1418 φαλάροις
1511 1357 1690 1413 κοσμού-

226 1446 371 1483 μενον,
407 1430 463 1472 ἔτι
488 1431 531 1472 δὲ
551 1433 617 1473 καὶ
641 1431 715 1481 τὰς
732 1432 775 1481 ἐξ
796 1431 920 1481 ἔθους
940 1437 1025 1480 τοῖς
1044 1434 1255 1484 βασιλεῦσι
1283 1429 1562 1486 παρεπομένας
1585 1428 1687 1485 ῥομ-

227 1499 373 1554 φαίας,
409 1497 550 1556 λάθρα
571 1504 644 1541 τοῦ
661 1498 962 1557 στρατεύματος
981 1497 1094 1549 ε’ξιιόν
1106 1531 1119 1551 ,
1155 1499 1315 1541 ἐπειδὰν
1331 1498 1408 1548 ἔξω
1426 1496 1558 1554 φόβου
1583 1514 1686 1538 παν-

226 1566 295 1617 τὸς
319 1567 494 1622 γε’γονεν,
524 1569 712 1622 ἐξέπεμπε
738 1568 808 1611 τὸν
830 1569 954 1610 ἵππον
986 1568 1088 1622 μετὰ
1120 1566 1293 1625 κήρυκος
1312 1571 1492 1620 βοῶντος
1506 1566 1610 1620 μέγα
1631 1563 1695 1614 ὡς4

171 1633 248 1678 2οὄ
293 1636 510 1694 Βρυέννιος
547 1638 740 1683 πέπτωκε.
808 1641 926 1680 τοῦτο
965 1636 1139 1687 πολλοί-ς
1174 1641 1254 1679 τῶν
1294 1633 1520 1694 φευγόντων
1555 1634 1685 1688 με’νειν

316 1778 351 1812 3.
397 1778 703 1823 Κωνσταντῖνον]
749 1778 889 1813 Wilken
926 1778 1017 1812 Hist.
1057 1778 1176 1813 Comn.
1214 1788 1255 1823 p:
1288 1778 1346 1813 55.
1388 1771 1684 1823 Ταρχανειώτην.

320 1822 374 1856 14.
397 1824 584 1867 θωρακίδι
605 1824 651 1869 τῇ
673 1821 834 1868 κόρυθι]
856 1824 1034 1868 &mear-lq)
1057 1825 1124 1866 τῆς
1146 1822 1341 1867 κόρυθοςῖ)
1495 1821 1548 1855 15.
1573 1832 1683 1854 κατα-

318 1867 466 1913 λαβών]
502 1870 652 1903 indicavi
686 1870 840 1903 lacunam
871 1881 892 1903 a
921 1867 1092 1901 Wiikenio
1123 1868 1144 1901 Ι.
1176 1868 1198 1902 1.
1231 1880 1264 1913 p.
1291 1869 1346 1902 56.
1380 1879 1422 1901 ex
1446 1867 1543 1900 Anna
1566 1866 1684 1899 Comu.

316 1924 351 1959 p.
378 1915 432 1950 13.
457 1915 506 1948 ita
528 1915 738 1960 suppletam:
764 1914 880 1949 ἵππον
900 1911 984 1948 τινὰ
1007 1913 1082 1948 τῶν
1106 1913 1303 1959 βασιλικῶν
1326 1909 1602 1956 ἐπισυρόμενον.

225 2050 298 2073 cum
324 2037 386 2080 iis,
418 2039 446 2072 si
474 2038 524 2072 ita
547 2038 686 2081 lubeat,
719 2038 752 2072 in
767 2038 883 2072 hostes
897 2049 1042 2083 pergere
1057 2037 1308 2083 periculumque
1321 2037 1442 2071 iterum
1456 2036 1581 2071 subire.
1630 2036 1683 2071 hic

223 2095 400 2119 successus
414 2085 604 2118 certaminis
616 2085 651 2118 in
666 2085 806 2118 dextero
822 2095 928 2118 cornu
946 2085 1019 2118 fuit.

314 2131 350 2164 9.
395 2130 436 2163 In
449 2131 584 2164 sinistro
603 2141 684 2164 vero
701 2130 854 2173 Scythae
867 2141 954 2175 quos
968 2130 1115 2164 ducebat
1129 2129 1370 2164 Constantinus
1383 2128 1546 2163 Catacaio
1562 2129 1682 2162 viden-

222 2181 276 2210 tes
300 2176 527 2210 Chomatenos
550 2176 663 2209 statim
681 2175 715 2209 in
737 2187 799 2209 eos
821 2182 1005 2221 eruperunt
1020 2186 1092 2209 cum
1106 2175 1254 2210 clamore
1268 2181 1304 2209 et
1317 2175 1444 2209 ululatu
1470 2186 1591 2219 magno
1605 2203 1615 2218 ‚
1648 2180 1684 2209 et

223 2222 316 2256 dicto
341 2222 439 2255 citius
462 2222 502 2256 iis
521 2222 555 2256 in
581 2223 694 2266 fugam
717 2221 844 2264 versis,
874 2222 1099 2267 persequendi
1121 2223 1188 2255 fine
1209 2223 1319 2264 sacto,
1350 2221 1495 2255 servatis
1511 2221 1681 2258 ordinibus

223 2269 495 2311 revertebantur,
527 2280 602 2302 cum
622 2267 725 2302 libido
746 2267 829 2313 ipsis
851 2267 970 2301 incidit
982 2268 1131 2302 irruendi
1145 2279 1265 2312 magno
1279 2267 1404 2313 impetu
1419 2268 1454 2302 in
1470 2278 1529 2301 eos
1545 2267 1602 2312 qui
1618 2279 1679 2301 ex-

222 2319 364 2348 tremum
390 2325 510 2358 agmen
535 2314 823 2358 Bryennianorum
843 2314 1046 2348 tuebantur=
1077 2314 1135 2348 ubi
1152 2314 1253 2347 facile
1268 2313 1400 2358 direpta
1413 2314 1471 2347 ina
1487 2313 1575 2347 omni
1591 2324 1680 2346 mer-

223 2359 358 2394 cenaria
377 2371 472 2394 manu
485 2387 497 2403 ‚
525 2371 687 2404 equorum
710 2359 848 2405 insuper
870 2363 906 2394 et
929 2360 1110 2405 spoliorum
1133 2371 1256 2404 magna
1278 2359 1407 2404 praeda
1430 2359 1525 2392 facta
1547 2359 1680 2392 domum

224 2406 390 2440 abierunt.
437 2406 513 2440 hinc
537 2406 686 2450 ordinum
712 2405 897 2440 militarium
920 2411 996 2440 orta
1017 2405 1246 2451 perturbatio:
1278 2405 1366 2449 quod
1384 2410 1518 2438 terrore
1533 2404 1629 2438 illato
1644 2404 1680 2438 in

222 2452 311 2486 illam
327 2451 570 2486 multitudinem
585 2451 840 2486 sarcinariorum
861 2451 1104 2496 iumentorum,
1135 2463 1235 2496 quam
1258 2450 1390 2494 vuigari
1410 2450 1524 2494 lingua
1548 2450 1678 2483 tuldum

225 2497 365 2531 Romani
381 2504 527 2543 vocant,
553 2499 656 2532 muita
671 2510 714 2531 ex
728 2497 768 2531 iis
783 2501 910 2532 temere
922 2498 958 2532 in
972 2498 1107 2532 ordines
1120 2504 1325 2531 armatorum
1341 2497 1573 2530 inserebantur
1587 2496 1678 2539 Scy-

224 2543 299 2578 thas
321 2543 508 2587 fugientia,
540 2545 627 2578 unde
651 2543 791 2587 contigit
811 2543 907 2587 signa
923 2543 1124 2589 permisceri.
1168 2543 1203 2576 id
1219 2553 1292 2576 cum
1307 2543 1526 2576 observasset
1540 2541 1678 2575 Alexius

223 2589 430 2633 Comnenus,
460 2590 518 2635 qui
544 2590 654 2624 adhuc
678 2589 897 2634 Bryeunianis
920 2590 1086 2623 immixtus
1111 2595 1204 2633 erat,
1235 2588 1383 2623 oculario
1399 2587 1518 2632 galeae
1533 2588 1677 2631 tegmine

223 2647 267 2670 ne
291 2641 532 2680 agnosceretur
555 2636 720 2680 demisso,
750 2635 910 2680 corripuit
933 2636 1066 2670 obvium
1090 2636 1180 2668 sorte
1203 2634 1377 2679 quemdam
1400 2645 1444 2668 ex
1462 2633 1675 2678 equisonibus

222 2681 399 2724 Bryeunii,
430 2693 530 2716 unum
554 2694 597 2716 ex
621 2682 693 2715 eius
708 2681 803 2726 equis
815 2680 979 2726 imperiali
991 2692 1144 2727 purpura
1158 2681 1336 2714 instratum
1352 2684 1387 2714 et
1402 2679 1512 2714 aureis
1529 2679 1677 2724 phaleris

223 2732 376 2760 ornatum
400 2727 595 2762 ducentem:
626 2727 792 2772 corripuit
819 2732 854 2761 et
877 2728 1099 2773 rhomphaeas
1113 2727 1155 2760 de
1171 2738 1262 2761 more
1276 2732 1357 2771 post
1378 2726 1597 2770 imperatores
1613 2736 1676 2768 ge-

222 2772 304 2806 stari
318 2772 442 2806 solitas.
473 2785 514 2808 ac
527 2774 575 2808 sic
589 2785 663 2808 cum
680 2774 731 2807 his
746 2773 831 2807 clam
847 2773 962 2808 exiens
978 2785 998 2807 c
1013 2774 1077 2818 Bt,
1086 2773 1228 2807 enniana
1250 2773 1322 2806 acie
1335 2772 1392 2806 ubi
1407 2783 1559 2806 securum
1573 2771 1605 2803 in
1623 2771 1675 2802 lo-

222 2829 295 2852 cum
322 2818 474 2863 devenit,
503 2831 704 2865 praeconem
726 2819 816 2853 misit
837 2819 895 2865 qui
920 2831 1042 2864 equum
1064 2825 1238 2853 ostentans
1253 2819 1324 2853 late
1341 2818 1501 2852 clamaret
1513 2815 1675 2850 cecidisse

222 2864 436 2910 Bryennium.
482 2877 525 2900 ea
546 2878 614 2901 vox
636 2871 672 2901 et
697 2865 828 2912 species
851 2866 972 2903 multos
987 2878 1030 2902 ex
1044 2865 1216 2902 Alexianis
1232 2865 1298 2900 iam
1313 2865 1427 2909 fugam
1442 2861 1674 2908 spectantibus
