1878 3262
270 215 329 258 IN
343 213 648 257 NICEPHORI
663 212 929 257 BRYENNII
947 213 1238 257 COMMENT.
1253 214 1455 258 NOTAE.
1527 215 1622 261 211
1638 254 1641 257 ,

172 322 232 363 ad
257 326 453 363 interiora
483 325 566 360 iam
584 337 820 376 progresso,
851 324 895 361 in
925 336 1051 361 manu
1068 323 1201 375 firti,
1230 321 1302 361 sed
1314 323 1625 376 favore‘divino

171 381 392 420 destitutus
415 382 600 418 occurrit.
657 387 830 418 certatur
846 381 1046 431 utrimque
1063 382 1276 429 acerrime,
1306 388 1342 418 et
1362 384 1487 433 copiis
1496 396 1627 434 paene

167 438 361 489 paribus,
400 437 471 475 sed
498 436 607 474 odiis
633 437 878 485 maioribus,
909 437 1053 488 qualia
1080 437 1287 488 sacrilegii
1316 436 1432 476 dolor
1461 446 1498 476 et
1521 439 1628 477 zelus

161 493 268 546 fidei
294 495 393 532 solet
422 508 643 545 suggerere.
701 491 805 545 quid
827 493 987 530 multa?
1009 495 1119 544 perit
1141 494 1402 532 Christianus
1422 498 1630 546 exercitus,

160 549 351 602 fidelium
369 552 643 602 prosternitur
667 552 795 598 acies,
824 551 996 601 sanguis
1018 550 1173 587 Christi
1190 549 1414 602 redemptus
1428 555 1630 605 sanguine

172 607 225 644 ab
243 609 382 659 impiis
403 606 648 660 effunditur,
678 605 865 659 quodque
878 606 1154 644 miserabilius
1173 614 1249 656 est,
1280 610 1439 660 capitur
1456 611 1626 662 impera-
1650 611 1681 646 P
1704 610 1773 648 204

172 671 247 702 tor.
274 663 379 702 redit
397 666 470 716 qui
487 670 667 702 evaserat
675 664 964 715 particulatim
985 665 1197 713 exercitus,
1227 667 1503 715 confusionem
1524 681 1629 719 quae

171 719 377 758 acciderat
396 722 603 759 nuntians.
632 721 877 758 consternati
894 727 990 757 sunt
1007 722 1081 771 qui
1099 720 1176 758 hoe
1195 720 1438 773 audierunt,
1469 725 1512 760 in
1528 738 1628 776 gra.

171 779 244 814 via
271 791 311 814 se
341 776 482 815 dantes
503 778 700 826 lamenta,
727 784 764 814 et
779 776 827 814 de
847 778 935 814 vita
955 783 992 813 et
1006 777 1140 814 salute
1156 775 1417 829 desperantes.
1476 782 1628 820 interea

171 836 237 872 vir
260 833 454 884 infidelis,
484 833 557 871 sed
578 834 840 885 magnificus,
881 831 930 870 de
959 840 1073 870 tanto
1101 834 1235 871 elatus
1262 849 1472 884 successu,
1516 845 1553 875 et
1580 838 1630 876 de

172 890 327 927 collata
358 892 530 929 victoria
555 892 701 941 factus
739 890 972 939 sublimior,
1011 891 1287 941 imperatorem
1321 893 1401 930 sibi
1423 898 1629 947 praecepit

167 949 438 998 praesentari,
469 954 506 984 et
528 949 570 984 in
590 947 874 985 contumeliam
893 947 1069 984 nominis
1088 953 1123 983 et
1130 945 1237 997 fidei
1257 948 1536 1000 Christianae,
1569 967 1627 989 se.

173 1002 270 1041 dens
297 1005 339 1041 in
369 1004 510 1041 tlirono
544 1005 676 1056 regio,
708 1018 797 1041 eum
820 1002 992 1040 mandat
1010 1001 1186 1054 pedibus
1206 1004 1376 1053 subiici,
1406 1013 1444 1043 et
1462 1009 1628 1046 scabelli

171 1061 277 1106 vice,
303 1075 438 1098 eoram
448 1063 601 1111 positis
611 1059 868 1111 principibus
883 1058 1097 1097 ascendens
1117 1067 1154 1096 et
1173 1058 1410 1099 descendens
1425 1090 1438 1111 ‚
1467 1077 1629 1115 corpore

173 1119 307 1154 utitur
337 1118 554 1169 imperiali.
609 1115 847 1167 tandemque
868 1131 947 1167 pro
978 1123 1092 1153 tanto
1120 1116 1306 1168 obsequio
1334 1132 1425 1156 eum
1447 1119 1628 1159 libertati

171 1175 403 1223 restituens,
440 1187 532 1211 cum
554 1176 704 1224 paucis
738 1187 784 1210 ex
814 1174 905 1210 suis
932 1172 1222 1224 MagnatibuS,
1255 1175 1433 1224 quicum
1454 1191 1496 1214 eo
1519 1181 1630 1229 capti

158 1231 352 1280 fuerant,
382 1230 493 1268 abire
512 1232 713 1282 permisit.
766 1229 845 1269 lzoc
870 1243 979 1282 vero'-
996 1227 1205 1266 audientes
1219 1232 1429 1282 principes
1455 1235 1628 1286 imperii,

172 1287 306 1325 alium
330 1287 410 1324 sibi
433 1288 700 1337 praeficiunt:
728 1284 945 1337 indignum
967 1285 1232 1335 arbitrantes,
1262 1294 1307 1324 ut
1328 1290 1401 1339 qui
1418 1296 1503 1327 tam
1523 1291 1632 1329 indi-

170 1358 259 1395 gna
288 1345 330 1380 in
354 1345 524 1394 proprio
542 1343 767 1394 pertulerat
783 1356 965 1393 corpore,
995 1344 1039 1379 in
1062 1344 1229 1394 sceptris
1249 1352 1400 1395 ageret,
1430 1354 1467 1383 et
1489 1346 1632 1400 digni-

174 1407 256 1437 tate
276 1401 521 1451 fungeretur
550 1399 791 1452 Augustali.
849 1401 1014 1449 insuper
1033 1401 1248 1450 privatum
1272 1402 1423 1451 oculis,
1462 1411 1499 1441 et
1519 1406 1634 1456 igno..

172 1458 340 1495 miniose
361 1464 600 1506 tractatum,
633 1458 759 1494 vitam
778 1457 848 1492 vix
867 1454 1126 1493 indulserunt
1143 1470 1261 1508 agere
1270 1460 1492 1508 privatam.
1523 1462 1633 1511 quod

173 1513 230 1550 ait
254 1512 332 1550 hoc
361 1513 448 1561 loco
474 1513 640 1564 Tyrius,
678 1512 915 1562 Diogeniano
952 1525 1137 1562 corpore,
1175 1513 1330 1551 scabelli
1368 1515 1476 1565 vice,
1513 1531 1632 1556 usum

172 1569 401 1617 Sultanum,
430 1569 554 1608 tradit
579 1569 696 1608 etiam
729 1569 935 1619 Scylitzes,
966 1568 1035 1618 qui
1051 1568 1095 1606 id
1121 1581 1171 1606 ex
1186 1582 1296 1608 more
1316 1569 1402 1608 fieri
1421 1572 1580 1612 solitum
1609 1588 1632 1612 a

171 1625 349 1664 barbaris
374 1625 458 1663 istis
483 1639 623 1677 nempe
651 1625 896 1677 principibus
928 1624 1084 1663 scribit:
1117 1621 1247 1673 εὕθῦς
1268 1625 1444 1680 ἐμμανὴς
1460 1625 1632 1683 οἷνέθορε

170 1685 246 1722 τοῦ
263 1678 422 1735 θρόνου
444 1682 510 1722 καὶ
540 1678 668 1733 ὄρθὸς
691 1681 795 1733 ἔστη.
852 1677 1026 1721 πεσόντα
1055 1678 1131 1734 γάρ
1160 1679 1270 1734 ὅμως
1288 1682 1365 1734 πρὸ
1389 1688 1470 1724 τῶν
1493 1688 1633 1728 ποδῶν

172 1733 302 1779 αὐτοῦ
319 1735 520 1789 πατήσας,
558 1735 688 1791 ὥσπερ
709 1737 806 1786 ἔθος
822 1743 898 1779 etc,
955 1743 1050 1775 nota
1069 1745 1162 1776 sunt
1186 1751 1286 1788 quae
1312 1739 1361 1777 de
1381 1741 1533 1780 Temire
1553 1743 1633 1781 ha-

171 1795 269 1833 bent
293 1794 514 1845 scriptores.
570 1795 785 1845 attigerunt
806 1799 1008 1844 praeterea
1026 1793 1132 1831 hanc
1153 1794 1272 1832 cladis
1291 1795 1548 1847 Diogenianae
1566 1799 1633 1838 hi-

174 1852 336 1889 storiam
363 1863 384 1887 e
410 1850 558 1888 Latinis
586 1851 797 1889 ordericus
829 1849 964 1888 vitalis
986 1850 1011 1887 l.
1032 1850 1059 1891 5
1082 1855 1122 1886 et
1143 1853 1192 1898 7,
1221 1850 1422 1891 Albericus
1444 1854 1489 1896 A.
1512 1857 1633 1906 1059,

174 1907 371 1945 Aithonus
396 1920 429 1944 c.
461 1907 514 1948 15
547 1912 588 1944 et
619 1908 790 1944 Sanutus
819 1906 847 1944 1.
873 1908 899 1946 3
932 1911 1034 1956 part.
1057 1908 1082 1946 3
1116 1919 1148 1943 c.
1167 1908 1217 1954 8,
1245 1920 1339 1958 prae
1372 1912 1510 1949 ceteris
1533 1925 1630 1951 vero

174 1963 405 2002 Guillelmus
436 1962 656 2014 Apuliensis
682 1962 708 2000 l.
737 1965 779 2003 2.
834 1973 970 1999 rerum
996 1961 1347 2002 Normannicarum
1373 1972 1498 2005 totam
1525 1967 1630 2008 hanc

173 2020 341 2059 Romani
358 2019 536 2070 Diogenis
560 2020 782 2066 fortunam,
811 2018 941 2056 varios
960 2031 1181 2067 successus,
1210 2020 1415 2072 cladesque
1442 2038 1464 2061 a
1489 2025 1628 2064 Turcis

175 2090 221 2115 eo
246 2077 464 2128 imperante
496 2076 652 2113 Graecis
676 2076 824 2123 illatas,
855 2087 902 2111 ac
925 2074 1093 2124 denique
1117 2076 1316 2115 funestum
1338 2079 1414 2118 viri
1436 2083 1628 2132 praeclari

174 2134 327 2172 exitum
357 2146 437 2170 non
463 2132 611 2170 insulso
639 2132 797 2170 omnino
824 2131 995 2168 carmine
1015 2131 1244 2183 descripsit,
1274 2147 1324 2172 ex
1350 2149 1428 2185 quo
1452 2151 1550 2188 quae
1574 2139 1627 2177 ad

173 2189 444 2241 Bryennianos
463 2189 718 2227 illustrandos
739 2187 1037 2226 commentarios
1057 2187 1244 2227 videntur
1265 2192 1462 2244 conferre,
1492 2207 1537 2233 eo
1562 2195 1626 2233 lu-

173 2248 351 2295 bentius,
380 2245 452 2283 etsi
469 2245 703 2296 prolixiora,
732 2245 986 2296 proferimus,
1021 2258 1099 2294 quo
1119 2245 1288 2295 scriptor
1309 2247 1374 2285 ille
1390 2249 1529 2289 Alexio
1550 2251 1628 2289 im-

174 2302 349 2355 peratori
378 2302 500 2340 ferme
530 2315 718 2349 coaevus,
749 2314 794 2338 ac
822 2300 988 2351 proinde
1010 2301 1178 2338 Romani
1193 2302 1372 2353 Diogenis
1387 2308 1630 2360 temporibus

175 2360 399 2412 proximus,
429 2358 522 2395 alias
541 2372 622 2396 non
644 2357 822 2399 omnibus
839 2357 980 2408 passim
995 2357 1154 2395 videtur
1174 2358 1325 2398 obvius.

343 2418 492 2453 interea
515 2415 694 2452 Michael
713 2415 894 2451 Romani
914 2416 1011 2450 iura
1034 2413 1194 2464 regebat

343 2473 503 2523 imperii
519 2485 611 2509 cum
618 2471 759 2522 fratre
774 2483 869 2518 suo,
900 2472 972 2520 qui
989 2471 1147 2506 nomine
1165 2469 1300 2508 dictus

348 2529 639 2567 Constantinus
659 2534 764 2575 erat,
791 2540 961 2578 quorum
981 2524 1202 2564 dominatio
1228 2529 1395 2566 Graecis

335 2586 566 2637 perniciosa
573 2586 690 2634 fuit,
720 2585 817 2634 quia
837 2582 952 2619 bellis
974 2584 1060 2619 otia
1082 2596 1232 2633 semper

340 2643 578 2693 postpositis
593 2639 782 2678 studuere
797 2641 932 2690 sequi,
962 2639 1158 2690 luxusque
1173 2638 1305 2677 dolosi

346 2698 541 2735 illecebris
562 2704 700 2749 captos
705 2694 907 2745 foedarat
926 2697 1072 2732 inertia
1089 2697 1234 2746 turpis.

294 2785 298 2790 .
345 2753 486 2792 horum
505 2752 749 2806 temporibus
777 2754 926 2791 Tarcos
953 2753 1129 2790 Orientis
1146 2752 1197 2789 ab
1215 2754 1297 2790 oris

348 2811 546 2861 ingressos
549 2813 674 2862 fugit
690 2823 789 2862 gens
807 2810 948 2847 territa
969 2808 1315 2859 Christicolarum,

347 2867 420 2917 qui
441 2867 668 2906 Romaniae
683 2868 774 2905 loca
789 2864 980 2904 diliciosa
997 2865 1190 2906 colebant.
