1878 3262
558 208 1102 257 COMMENTARIORUM
1126 212 1172 257 L.
1194 211 1273 258 IV.
1554 215 1648 262 163

298 324 393 370 37.
457 325 566 369 Ἐπεὶ
588 326 630 369 δ’
657 325 708 369 ἂν
730 324 856 369 αὐτοῦ
882 344 961 369 που
989 328 1164 386 θριγκίῳ
1192 326 1390 388 πλινθίνῳ
1414 327 1645 373 ἀναπεπτα-
1669 341 1700 375 c

175 393 297 450 μένον
321 390 457 437 πεδίον
477 396 560 438 ἐστὶ
586 393 853 450 κυκλούμενον
875 396 923 438 οὗ
946 397 1101 447 πολλὰς
1124 395 1309 448 εἲσόδους
1334 395 1464 453 ἔχοντι
1474 431 1487 451 ,
1519 399 1593 441 καὶ
1611 400 1652 442 οἱ

178 463 309 512 ἱππεῖς
332 462 420 519 ἅμα
441 465 637 523 ἐκτρέχειν
658 462 830 522 ἤρξαντο
853 463 909 516 ὡς
929 465 1043 522 παρὰ
1063 465 1138 516 τὰς
1163 464 1346 517 εἷσόδους
1368 467 1579 524 γενέσθαι,
1611 468 1652 510 οἳ

176 536 358 588 Τοῦρκοι
387 533 556 577 κατόπιν
576 532 762 588 ἑπόμενοι
784 535 851 576 καὶ
873 533 927 577 τὰ
950 532 1138 591 δρώμενα
1159 533 1408 590 θεασάμενοι
1425 537 1529 590 μετὰ
1545 539 1648 591 βοῆς

142 609 165 644 5
178 600 238 644 ὅτι
261 603 450 658 πλείστης
472 601 730 654 ἐξελάσαντες
750 602 854 646 κατὰ
873 607 955 646 τῶν
975 605 1102 656 πεζῶν
1126 602 1366 662 ἐξώρμησαν
1396 607 1465 647 καὶ
1491 623 1647 648 παντα-

171 668 300 724 χόθεν
324 669 491 725 βάλλειν
514 671 664 722 αὐτοὺς
681 670 920 727 τοξεύμασιν
951 673 1191 730 ἐπεχείρουν.
1262 674 1300 715 οἷ
1322 674 1366 716 δὲ
1389 673 1492 732 πρὸς
1515 674 1648 732 φυγὴν

174 737 419 796 ἐτράπησαν.
487 741 529 783 ἐν
560 745 656 797 γοῦν
690 745 750 799 τῷ
782 738 940 798 φεύγειν
968 741 1092 791 αὐτὸς
1118 740 1242 796 μόνος
1266 741 1287 785 ὃ
1313 742 1502 797 εὐνοῦχος
1527 760 1648 786 κατε-

173 808 326 866 λείφθη
349 811 416 851 καὶ
436 814 496 868 τῷ
520 808 639 868 φόβῳ
665 812 878 864 συσχεθεὶς
902 816 1042 867 φυγεῖν
1066 810 1139 852 οὐκ
1159 809 1352 865 ἠδύνατο.
1421 811 1649 867 ἐντυχόντες

174 870 247 920 οὗν
279 878 392 936 αῧτῷ
424 876 447 920 ὅ
481 895 523 921 τε
553 880 795 936 Κουρτίκιος
820 878 935 921 οὐδὲν
959 879 1128 934 ἠξίωσεν
1156 878 1280 921 αὐτὸν
1301 878 1460 934 ὅψεως,
1495 879 1642 924 ἐκώλυε
1666 891 1702 925 V
1723 894 1767 928 78

118 950 164 987 10
175 946 218 987 δὲ
239 948 306 989 καὶ
329 947 400 989 τὸν
421 946 729 1004 Παλαιολόγον,
757 946 779 990 ὃ
802 948 845 990 δὲ
866 946 1151 1005 Παλαιολόγος
1178 947 1371 991 ἀπελθὼν
1390 949 1494 1006 πρὸς
1519 950 1642 992 αὐτὸν
1663 960 1696 995 D

173 1013 251 1071 ἔφη
279 1013 442 1067 αοὕτως
462 1015 572 1072 ἡμᾶς
591 1017 851 1072 κατέστησας.
912 1018 959 1059 οὗ
982 1017 1223 1074 προείπομέν
1248 1034 1313 1060 σοι
1334 1021 1464 1060 ταῦτα
1471 1018 1523 1073 5³³
1561 1016 1582 1059 ὃ
1603 1019 1648 1060 δὲ

172 1082 357 1127 ἱκετεύων
387 1083 517 1141 ἔλεγεν
544 1083 739 1140 “ἒλεήσόν
768 1103 819 1140 με
850 1088 918 1128 καὶ
941 1087 999 1141 μὴ
1015 1093 1104 1136 ταῖς
1120 1087 1352 1143 Ἀγαρηνῶν
1368 1088 1486 1143 χερσὶ
1510 1103 1647 1144 παρα-

172 1155 347 1207 δοθῆναι
392 1151 517 1211 ἐάσῃς
561 1171 625 1208 με.
634 1153 661 1170 ²³
733 1155 859 1205 εὐθὺς
897 1151 969 1197 οὖν
1004 1153 1331 1210 ἀνακτησάμενος
1368 1153 1512 1197 τοῦτόν
1545 1172 1647 1213 φησι

165 1219 367 1264 ιισυνέπου
396 1240 469 1277 μοι
501 1223 548 1265 τὸ
580 1221 779 1265 madae-³²
818 1224 1009 1279 ἐπιβολῆς
1041 1225 1086 1266 δὲ
1118 1227 1199 1266 τῶν
1230 1222 1428 1281 Τούρκων
1466 1226 1647 1275 πλείονος

117 1294 160 1330 15
173 1290 323 1340 αὖτοὺς
354 1290 688 1346 καταλαβούσης,
722 1290 744 1333 ὅ
775 1292 965 1347 εὐνοῦχος
988 1292 1114 1342 εὐθὺς
1132 1297 1282 1350 μικροῦ
1306 1294 1373 1335 καὶ
1396 1293 1471 1343 τὰς
1495 1293 1647 1350 φρένας

171 1357 393 1402 ἀπόλωλεν.
461 1358 483 1402 ὅ
521 1361 564 1403 δὲ
595 1360 882 1417 Παλαιολόγος
901 1367 1121 1416 τηνικαῦτα
1140 1362 1215 1411 τὰς
1235 1359 1352 1416 ἡνίας
1372 1362 1556 1419 στρέψας
1577 1363 1646 1404 καὶ

169 1426 424 1483 συναντήσας
447 1431 555 1472 παιέι
579 1430 649 1471 ἕνα
669 1434 750 1473 τῶν
770 1431 863 1472 κατ’
889 1431 1024 1472 αὐτῶν
1044 1430 1271 1487 ἐρχομένων
1279 1462 1293 1483 ,
1325 1432 1394 1473 καὶ
1416 1431 1555 1489 νεκρὸς
1577 1431 1645 1473 εὗ-

169 1491 254 1547 θῦς
278 1497 384 1539 κατὰ
415 1502 489 1553 γῆς
523 1497 686 1555 ἔρριπτο
702 1531 716 1551 ,
752 1497 798 1541 ὃν
828 1497 1077 1553 θεασάμενοι
1105 1499 1143 1541 οἱ
1168 1500 1300 1541 λοιποὶ
1320 1499 1466 1556 μικρὸν
1489 1497 1645 1554 avegni-

140 1578 143 1579 ’
169 1581 280 1625 ρουν.
350 1567 610 1624 ἐπιστραφεὶς
635 1567 678 1609 δὲ
702 1565 758 1618 ὥς
781 1567 852 1610 τὸν
872 1568 1062 1622 εὐνοῦχον
1087 1567 1212 1610 ἄνουν
1236 1569 1303 1610 καὶ
1329 1567 1495 1626 ἄφωνον
1521 1566 1645 1611 3350}-
1702 1590 1704 1592 ’

114 1638 293 1688 meato,
318 1633 458 1690 τύψας
477 1635 583 1678 κατὰ
607 1640 681 1691 τῆς
703 1641 874 1694 παρειᾶς
895 1653 996 1695 φησι
1017 1633 1107 1691 “μὴ
1134 1640 1282 1693 φοβοῦ.
1291 1636 1317 1652 '²

262 1777 296 1833 1.
314 1773 394 1832 ἐπεὶ
409 1773 448 1811 δ’
466 1771 528 1822 ἄν]
545 1773 751 1831 {xeneam—ff
763 1778 784 1812 7
874 1779 960 1812 ibid.
983 1777 1155 1832 ἣριγκίῳ]
1171 1778 1217 1814 V.
1230 1777 1400 1832 θριγγίῳ.
1490 1778 1526 1814 9.
1551 1772 1576 1812 δ’
1590 1778 1643 1822 τε]

262 1835 283 1857 o
298 1821 396 1877 μενζ
432 1867 449 1876 -
488 1823 541 1857 14.
564 1819 753 1879 ἐπιβοὲης]
779 1823 822 1858 V.
840 1820 1052 1869 ἐπιβουλης.
1145 1825 1201 1859 16.
1225 1824 1404 1868 στρεψας]
1428 1823 1474 1857 V.
1489 1821 1645 1868 τρέψας.

262 1869 319 1905 17.
345 1868 492 1912 cem-mv]
515 1868 560 1903 V.
584 1878 700 1915 αυτῳ.

261 1994 318 2030 37.
365 1993 421 2028 Eo
439 2003 512 2028 cum
527 1992 857 2039 appropinquarent,
888 1992 1037 2027 occurrit
1056 2003 1195 2038 campus
1210 1992 1282 2027 late
1297 1995 1420 2038 patens
1438 1995 1537 2039 septo
1553 1992 1642 2027 late-

171 2040 250 2074 ritio
266 2039 379 2074 multis
393 2039 475 2074 locis
491 2039 604 2074 hiante
623 2039 858 2073 circumdatus.
902 2039 959 2073 hic
974 2038 1106 2084 equites
1120 2039 1186 2073 loci
1202 2044 1325 2073 natura
1342 2039 1454 2073 coacti
1468 2042 1569 2079 extra
1583 2050 1643 2073 or-

171 2087 268 2121 dines
292 2096 474 2121 excurrere
498 2089 706 2130 coeperunt,
737 2089 776 2119 ut
798 2085 910 2119 aditus
933 2084 1024 2119 intra
1039 2088 1172 2131 septum
1188 2095 1257 2131 qua
1272 2085 1357 2119 muri
1371 2085 1464 2119 labes
1476 2085 1566 2119 viam
1582 2084 1643 2119 da-

171 2133 234 2167 bat
259 2135 449 2178 captarent.
495 2131 531 2165 id
552 2131 660 2165 Turci
684 2130 741 2176 qui
766 2142 788 2165 a
811 2135 912 2175 tergo
938 2131 1171 2176 sequebantur
1184 2131 1492 2165 animadvertentes
1507 2131 1643 2165 sublato

171 2179 318 2213 clamore
333 2178 477 2212 maximo
489 2177 649 2223 impetum
663 2177 697 2211 in
713 2176 846 2223 pedites
865 2178 1022 2212 fecerunt
1032 2205 1042 2222 ‚
1074 2188 1132 2212 eos
1155 2177 1303 2222 undique
1323 2177 1441 2211 iaculis
1456 2180 1492 2211 et
1506 2176 1642 2222 sagittis

171 2225 323 2259 excussis
341 2224 485 2258 arcubus
508 2227 667 2269 petentes
677 2250 688 2267 ‚
718 2234 785 2268 quo
800 2222 848 2256 illi
863 2223 1071 2258 consternati
1094 2223 1203 2258 effuse
1215 2223 1302 2257 sein
1315 2224 1432 2267 sugam
1448 2222 1547 2265 dant,
1580 2234 1642 2256 eu-

170 2271 281 2305 nucho
301 2270 374 2305 solo
398 2273 492 2304 retro
514 2269 656 2311 relicto,
687 2269 745 2314 qui
763 2272 859 2303 'metu
887 2269 1088 2303 constrictus
1113 2270 1236 2315 fugere
1251 2279 1327 2303 cum
1341 2269 1415 2303 aliis
1432 2280 1500 2303 non
1516 2268 1641 2315 potuit.

171 2316 226 2351 cui
239 2317 334 2351 forte
347 2319 565 2350 occurrentes
581 2314 752 2349 Curticius
768 2326 842 2349 cum
856 2315 1082 2360 Palaeologo‚
1112 2315 1168 2350 ille
1196 2315 1330 2360 quidem
1345 2326 1390 2349 ne
1402 2319 1544 2360 aspectu
1562 2314 1640 2360 qui-

171 2363 248 2397 dem
263 2362 419 2408 dignatus
433 2366 486 2396 est
499 2361 663 2396 hominem
685 2360 917 2408 suadebatque
936 2360 1144 2406 Palaeologo
1159 2361 1306 2395 utillum
1321 2361 1473 2395 similiter
1488 2360 1641 2405 neglige-

171 2412 244 2443 retx
267 2409 328 2443 sed
342 2408 399 2442 hic
413 2408 581 2442 accedens
596 2407 639 2441 ad
656 2407 841 2442 eunuchum
855 2408 995 2454 propius
1010 2408 1058 2442 sic
1072 2407 1279 2453 increpavit=
1297 2408 1365 2441 “en
1373 2418 1474 2451 quem
1483 2407 1518 2440 iu
1527 2407 1638 2440 locum

174 2464 237 2488 nos
252 2458 287 2490 et
303 2454 487 2489 exercitum
504 2454 642 2488 duxisti.
666 2465 709 2488 an
725 2460 792 2488 non
809 2454 894 2488 haec
907 2454 971 2489 tibi
985 2454 1260 2499 praedixeramus
1270 2452 1311 2486 2'‘
1354 2453 1412 2486 ilie
1427 2457 1539 2486 autem
1555 2463 1639 2497 sup-

173 2500 256 2546 plex
271 2512 312 2536 ac
324 2504 475 2535 tremens
490 2500 647 2535 dicebat:
665 2500 848 2534 “miserere
863 2500 946 2541 mei3
962 2511 1074 2545 neque
1089 2511 1142 2534 me
1156 2499 1246 2533 tradi
1261 2498 1438 2544 permittas
1454 2498 1489 2532 in
1502 2499 1639 2542 Agaro-

174 2556 291 2582 norum
311 2546 464 2582 manus.”
510 2546 687 2590 Georgius
702 2547 792 2580 bono
807 2547 916 2582 animo
933 2558 1010 2581 esse
1023 2546 1123 2580 iussit
1137 2550 1173 2579 et
1188 2545 1349 2589 deinceps
1365 2544 1461 2590 sequi
1475 2555 1562 2579 sese.
1583 2544 1640 2578 in-

175 2601 276 2627 cursu
300 2597 412 2628 autem
436 2592 680 2628 vehementiori
705 2593 893 2628 'rm-corum
916 2592 1059 2638 plurium
1081 2592 1117 2625 in
1139 2591 1232 2637 ipsos
1255 2592 1348 2625 sacto
1363 2617 1374 2633 ,
1406 2591 1578 2624 eunuchus
1602 2590 1638 2624 in

174 2642 306 2673 tantum
318 2638 484 2674 terrorem
498 2639 615 2673 incidit
630 2643 668 2673 ut
681 2650 800 2684 parum
814 2640 951 2674 abesset
965 2639 1008 2673 ab
1024 2637 1180 2672 amentia.
1214 2641 1297 2671 tunc
1311 2637 1538 2682 Palaeologus
1554 2648 1638 2670 con-

175 2684 286 2718 versis
301 2685 378 2730 equi
394 2685 534 2720 habenis
548 2685 671 2719 Turcis
686 2685 904 2730 sequentibus
926 2695 1106 2719 occurrens
1120 2683 1261 2729 primum
1277 2694 1320 2717 ex
1333 2682 1416 2727 ipsis
1432 2683 1569 2717 obvium
1583 2683 1639 2716 fe-

174 2729 221 2764 rit
236 2734 272 2764 et
285 2734 450 2765 mortuum
462 2731 498 2766 in
511 2735 637 2766 terram
651 2731 776 2765 deiicit.
823 2743 889 2777 quo
915 2730 1110 2777 spectaculo
1135 2729 1274 2764 cohibiti
1297 2729 1418 2774 reliqui
1432 2729 1637 2774 aliquantum

173 2779 398 2811 recesserunt.
443 2781 481 2812 at
503 2778 676 2823 Georgius
697 2777 818 2812 iterum
840 2788 960 2813 versus
980 2777 1025 2811 ad
1048 2787 1127 2811 suos
1149 2776 1337 2810 eunuchum
1361 2774 1635 2809 consternatione

172 2822 346 2868 stupidum
369 2824 406 2856 et
427 2833 558 2868 pavore
579 2828 705 2859 mutum
728 2823 834 2867 vidit,
862 2824 929 2859 levi
944 2834 1062 2858 manus
1075 2823 1220 2857 verbere
1234 2822 1269 2855 in
1283 2821 1373 2855 mala
1387 2821 1534 2863 feriens,
1567 2818 1635 2853 noli

172 2868 292 2904 timere
302 2897 313 2914 ,
341 2867 467 2914 iuquit,
497 2873 533 2904 et
548 2881 589 2906 eo
604 2881 717 2906 secum
732 2875 903 2917 assumpto
919 2870 1048 2916 reliquo
1065 2869 1189 2914 agmini
1204 2867 1429 2912 coniungitur.

1669 1648 1698 1683 P
1723 1650 1789 1685 107
