1878 3262
287 198 348 243 ΙΝ
366 196 674 241 NICEPHORI
689 196 959 241 BRYENNII
977 194 1270 241 COMMENT.
1288 198 1490 243 NOTAE.
1547 201 1647 248 229

185 325 231 351 το
221 306 433 376 ’τέταρτον
451 303 648 362 χοιρῶὃης
662 308 763 361 βίος.
798 307 894 358 quin
909 307 1027 346 etiam
1049 305 1347 359 Athenagoras
1334 323 1438 361 ipsas
1456 310 1646 350 secundas

184 365 346 418 nuptias
375 360 557 418 ευπρεπῆ
582 366 760 417 μοιχείαν
789 364 1016 416 appellavit.
1073 378 1114 404 v.
1142 365 1345 417 epistolam
1364 366 1512 405 Nicolai
1538 373 1645 419 patr.

184 423 255 474 cp,
278 422 386 474 apud
407 423 548 464 Baron.
563 421 608 460 A.
627 422 741 465 912
729 435 770 459 m
791 421 1005 473 appendice
1028 427 1124 461 tom.
1144 425 1197 464 10
1212 428 1252 460 et
1263 422 1433 463 Gnidon.
1447 423 1644 464 Carmelit.

182 479 232 518 de
254 479 451 519 Haeresib.
470 479 655 519 Graecor.
674 491 707 516 c.
727 479 770 520 8.

293 549 332 588 p.
356 539 435 578 133
455 549 494 575 v.
515 537 554 577 3.
612 533 908 586 Δαμοκρανίας]
933 533 1110 572 Meminit
1125 534 1253 572 eiusce
1275 535 1408 587 oppidi
1427 549 1496 575 seu
1513 537 1645 589 potius

179 593 418 646 προαστείου
449 592 739 630 Cantacuzenus
757 591 783 632 l.
805 593 830 632 3
852 604 884 628 c.
903 590 980 640 84,
1018 591 1127 641 quod
1157 591 1247 629 urbi
1276 593 1645 645 Constantinopoli-

179 655 317 698 tanae,
367 647 540 699 Rhegio,
590 648 766 700 Athyrae
800 653 841 685 et
871 647 1072 698 Selybriae
1102 648 1354 700 proximum,
1400 650 1567 700 proinde
1596 651 1642 689 in

178 705 345 744 Thracia
371 705 487 743 fuisse
513 705 676 743 indicat.
731 703 834 743 illud
865 716 962 742 vero
997 704 1106 755 quod
1134 707 1207 744 τοῦ
1235 702 1477 758 ἆρχαγγέλου
1508 720 1577 746 seu
1597 707 1641 751 d.

174 761 375 801 Michaelis
397 762 588 813 templum
615 774 660 799 eo
681 761 723 799 in
745 761 833 799 loco
857 766 1106 799 exstructum
1126 762 1182 799 ait
1203 762 1447 813 Bryennius,
1476 764 1639 802 videtur

175 819 290 856 aedes
318 818 383 856 illa
408 831 510 866 esse,
539 832 657 869 quam
674 818 888 868 Procopius
915 823 953 855 et
982 817 1241 868 Theophanes
1268 819 1319 856 ad
1348 819 1460 858 littus
1478 820 1635 872 Anapli,

174 875 283 925 quod
301 888 351 912 ex
370 875 498 913 Ponto
518 875 567 912 ad
588 875 769 913 dextram
788 874 1062 924 navigantibus
1091 875 1349 924 occurrebat,
1378 882 1580 926 statuunt,
1611 890 1635 915 a

171 932 432 970 Constantino
451 932 500 970 M.
522 931 679 969 condita
707 938 747 970 et
771 944 793 967 a
813 930 1028 969 Iustiniano
1051 930 1101 968 de
1123 944 1230 970 novo
1249 931 1483 972 instaurata.
1539 934 1635 974 vide

170 988 276 1027 Petr.
297 988 469 1039 Gyllium
492 988 518 1027 l.
535 991 563 1029 2
581 988 630 1026 de
648 989 763 1040 Bosp.
781 986 922 1027 Thrae.
945 1000 979 1029 c.
1001 991 1066 1029 10.

282 1058 323 1085 v.
352 1048 416 1087 17.
473 1042 770 1097 Χωματηνοῦς]
814 1044 870 1081 De
898 1043 1149 1082 Chomatenis
1177 1049 1218 1083 et
1241 1043 1446 1083 Athanatis
1469 1045 1630 1086 abundo

170 1099 341 1140 diximus
360 1101 411 1139 ad
427 1100 626 1139 Alexiadis
643 1115 683 1153 p,
701 1104 767 1144 92.

278 1171 318 1210 Ρ.
341 1160 419 1203 139
439 1171 478 1198 v.
499 1161 562 1199 11.
620 1154 665 1199 τὸ
681 1155 873 1208 roffi-dev]
906 1157 962 1193 De
990 1155 1109 1195 huius
1126 1156 1236 1195 vocis
1260 1156 1480 1208 significatu
1498 1159 1627 1198 multa

164 1214 355 1265 Rigaltius
389 1221 429 1252 et
446 1214 638 1252 Meursius
668 1214 710 1252 in
737 1214 861 1251 Gloss.
888 1220 927 1251 et
955 1213 1148 1251 Fabrotus
1176 1213 1229 1251 ad
1256 1214 1491 1265 Cedrenum,
1525 1229 1626 1266 quae

163 1284 247 1308 non
284 1271 474 1309 exseribo.
539 1277 697 1309 tantum
734 1283 874 1308 moneo
901 1269 1029 1308 videri
1057 1276 1237 1308 nostrum
1264 1270 1401 1308 tondis
1431 1278 1501 1310 aut
1526 1281 1626 1311 tau-

164 1325 231 1364 dis
259 1327 352 1365 inde
382 1327 644 1378 appellatum,
675 1327 784 1378 quod
812 1341 885 1379 pro
908 1327 1182 1378 quarumpiam
1203 1340 1338 1366 rerum
1359 1327 1623 1381 incomposito

162 1397 318 1434 aggere,
358 1384 487 1434 qualia
522 1384 602 1422 fere
643 1390 739 1422 sunt
766 1384 1009 1422 exercituum
1037 1383 1340 1435 impedimenta,
1379 1398 1479 1435 quae
1511 1387 1624 1424 nullo

162 1441 303 1478 ordine
338 1442 380 1478 in
409 1440 546 1478 castris
574 1441 723 1490 iacent,
771 1446 967 1492 usurpant
994 1440 1287 1479 Monstrellems
1319 1444 1340 1482 1
1367 1442 1445 1480 vol.
1472 1456 1505 1481 c.
1523 1446 1622 1492 238,

159 1499 187 1537 2
207 1497 285 1534 vol.
302 1510 340 1548 p.
358 1499 413 1539 38
433 1498 508 1546 58,
539 1497 722 1535 Gruellus
748 1497 790 1535 in
814 1497 915 1535 Hist.
942 1496 1084 1535 Arturi
1114 1497 1224 1535 ducis
1243 1497 1394 1536 Britan.
1411 1512 1452 1550 p.
1475 1502 1530 1541 92
1554 1498 1621 1550 94,

157 1552 361 1605 Philippus
379 1554 625 1592 Ravestanus
643 1554 683 1592 in
702 1553 868 1592 Tacticis
886 1560 927 1592 et
944 1554 1009 1591 alii
1026 1554 1181 1606 passim.

269 1610 451 1661 p.147v.
468 1613 532 1652 10.
565 1606 824 1663 Φιλοπᾶτιον]
847 1610 940 1649 Fuit
954 1610 1218 1662 Philopatium
1238 1623 1319 1649 non
1337 1609 1463 1648 solum
1485 1622 1622 1649 amoe-

155 1678 232 1703 nus
258 1673 299 1705 et
326 1666 532 1705 arboribus
549 1667 727 1718 undique
747 1668 918 1706 consitus
938 1667 1047 1706 locus
1066 1673 1106 1705 et
1125 1667 1237 1718 aquis
1258 1680 1279 1705 e
1297 1668 1409 1705 fonte
1432 1668 1617 1718 proximo

155 1723 407 1761 manantibus
427 1724 596 1774 irriguus
620 1724 672 1762 ad
690 1724 798 1762 urbis
821 1737 956 1763 muros
985 1725 1193 1776 χερσαίους
1222 1730 1262 1762 et
1292 1723 1342 1760 ad
1362 1730 1521 1775 portam
1540 1738 1617 1763 au-

153 1791 284 1828 ream,
313 1780 381 1816 sed
403 1786 443 1817 et
461 1780 663 1830 palatium,
696 1780 804 1831 quod
821 1780 875 1818 ibi
895 1781 1144 1819 aedificatum
1165 1786 1260 1827 erat,
1290 1779 1500 1831 Philopatii
1520 1793 1616 1831 per-

151 1835 245 1873 inde
264 1836 420 1873 nomine
441 1843 738 1887 nuncupatum,
768 1837 829 1875 uti
856 1837 990 1874 multis
1016 1843 1078 1874 sat
1097 1836 1351 1888 probavimus
1368 1837 1419 1874 ad
1438 1836 1617 1875 Villhar-

153 1891 320 1930 duinum
339 1907 378 1933 n.
398 1895 464 1934 93.
523 1892 599 1930 loci
625 1893 743 1931 situm
774 1899 814 1930 et
838 1893 1113 1931 amoenitatem
1135 1893 1362 1944 complexus
1390 1899 1448 1931 est
1463 1893 1612 1931 Cinna-

150 1961 240 1986 mus
258 1949 286 1989 l.
306 1952 353 1997 2,
378 1948 550 1987 scribens
567 1948 684 1987 fuisse
714 1945 933 2002 ἀμφιλαφῆ
958 1965 1091 2003 χωρον
1108 1965 1176 1990 και
1195 1949 1379 2000 ἒπίχλοον
1398 1948 1611 2003 απανταχῆ

150 2004 325 2056 φέροντα
349 2002 392 2046 τὸ
411 2001 644 2058 πρόσωπον.
701 2018 828 2057 neque
849 2007 924 2044 alio
942 2007 1118 2058 respexit
1139 2005 1429 2057 Theophanes
1418 2020 1460 2044 111
1478 2007 1608 2046 Leone

148 2061 360 2110 Armenio,
393 2061 488 2100 dum
507 2063 562 2100 ait
581 2063 770 2101 Grumum
790 2063 1047 2114 Bulgarorum
1069 2075 1199 2114 regem
1222 2063 1605 2115 Constantinopolim

148 2117 414 2166 obsidentem,
445 2118 647 2157 celebratis
665 2132 774 2158 more
792 2120 915 2171 gentis
939 2133 1031 2157 suae
1048 2120 1099 2158 ad
1123 2125 1278 2171 portam
1297 2132 1453 2157 ameam
1470 2120 1604 2170 sacris,

146 2173 192 2215 ἐν
210 2177 265 2230 τῷ
279 2172 379 2227 πρὸς
396 2172 606 2216 θάλασσαν
622 2177 808 2231 λιβαδίῳ,
839 2189 955 2215 suum
971 2176 1013 2214 in
1030 2176 1194 2215 eandem
1222 2177 1453 2214 contorsisse
1470 2177 1604 2227 spicu-

144 2216 246 2269 lum
298 2232 367 2270 sed
385 2245 479 2283 prae
498 2233 636 2271 ceteris
652 2218 856 2284 Philopatii
877 2233 1176 2285 descriptionem
1198 2245 1249 2270 ex
1273 2232 1451 2271 Arnoldo
1469 2233 1602 2271 Lube-

145 2287 251 2325 censi
277 2301 299 2325 a
319 2288 433 2326 nobis
452 2289 612 2327 allatam
632 2288 806 2328 illustrat
826 2289 915 2328 Odo
943 2289 992 2328 de
1020 2290 1169 2342 Diogilo
1188 2289 1306 2328 abbas
1327 2291 1438 2327 San·
1415 2289 1601 2342 -Diony-

144 2345 275 2382 sianus
296 2344 320 2385 l.
342 2348 367 2387 3
390 2345 439 2383 de
457 2346 743 2384 ProfectsLud.
761 2346 830 2385 VII
846 2346 946 2398 regis
961 2346 1132 2385 Frane.
1120 2360 1162 2384 m
1183 2346 1337 2386 Orient.
1394 2353 1502 2397 erat,
1531 2347 1602 2384 in·-

143 2402 241 2451 quit,
271 2409 363 2439 ante
380 2401 516 2439 urbem
533 2416 742 2440 murorum
760 2403 940 2441 ambitus
956 2405 1166 2454 spatiosus
1186 2410 1222 2440 et
1238 2404 1440 2455 speciosus·
1457 2404 1600 2442 multi.

140 2457 305 2495 modam
323 2460 570 2498 venationem
587 2457 799 2497 includens
811 2489 822 2508 ,
851 2458 1077 2498 conductus
1096 2461 1219 2498 etiam
1238 2473 1441 2511 aquarum
1463 2467 1499 2497 et
1513 2467 1600 2498 sta-

136 2528 225 2564 gna
243 2517 458 2553 continens.
514 2518 676 2554 inerant
698 2517 822 2553 etiam
849 2515 1052 2568 quaedam
1063 2519 1187 2566 fossa
1205 2524 1242 2554 et
1265 2530 1462 2565 concava,
1493 2530 1598 2569 quae

139 2570 226 2608 loco
254 2585 457 2610 nemorum
493 2572 745 2610 animalibus
763 2573 1013 2624 praebebant
1039 2573 1228 2612 latibula.
1284 2574 1329 2611 in
1353 2575 1596 2612 amoenitate

138 2626 215 2664 illa
239 2627 438 2678 quaedam·
458 2630 627 2680 palatia
646 2631 778 2667 nimia
796 2630 1014 2668 ambitione
1017 2630 1263 2682 fulgebant
1293 2644 1397 2681 quae
1418 2632 1595 2682 impera-

137 2689 243 2721 tores
278 2683 337 2722 ad
367 2685 665 2724 iucunditatem
696 2700 906 2725 vernorum
938 2693 1164 2738 temporum
1190 2687 1272 2725 eibi
1289 2686 1592 2738 fundaverant.

134 2738 214 2776 iam
241 2752 338 2778 vero
363 2743 470 2792 quod
494 2743 544 2781 de
569 2742 720 2810 palatio
736 2741 1007 2796 Philopatiano
1030 2743 1186 2791 subdit,
1223 2743 1442 2782 firmatur
1430 2743 1477 2781 1is
1494 2742 1592 2781 cin-

134 2796 240 2834 nami
258 2797 404 2836 verbis:
429 2799 472 2839 ἐν
489 2799 532 2840 δὲ
548 2803 605 2855 τῷ
621 2795 858 2868 κατάντικρυ
876 2799 1035 2852 τειχέων
1049 2801 1241 2855 βασιλικῷ
1257 2815 1427 2854 γεγονως
1442 2799 1590 2840 ἐνδιαι-

132 2847 295 2905 τήματι,
325 2850 349 2895 ὃ
372 2842 615 2898 Φιλοπᾶτιον
634 2852 893 2910 ὀνομάζομεν.
934 2858 1123 2897 eiusmodi
1139 2858 1227 2897 loca
1250 2855 1451 2897 venationi
1474 2868 1586 2895 com-
