1878 3262
605 205 1002 250 HISTORIARUM
1033 206 1083 248 L.
1116 203 1170 248 H.
1566 202 1632 246 59

157 322 360 382 δραπέτας
370 354 383 374 ,
419 321 548 377 ἄλλην
565 338 608 364 τε
626 322 668 372 ἐξ
687 320 814 376 ἄλλης
830 321 1011 375 ἀμείβων
1029 318 1142 362 οὔπω
1159 319 1278 376 μέχρι
1295 318 1362 361 καὶ
1380 320 1451 360 νῦν
1469 315 1632 371 ἀντιμέ-

154 410 289 443 τωπος
304 396 447 446 στῆναι
465 389 562 446 ἡμῖν
577 388 806 445 ὖπέμεινας.
859 388 958 432 ὃθεν
975 386 1092 443 ἡμεῖς
1108 389 1182 442 μὲν
1200 386 1346 442 ἄπιμεν
1364 388 1426 429 ἐπὶ
1444 386 1518 442 τὴν
1535 384 1630 428 ἑαυ-

154 466 258 514 τῶν,
296 461 342 503 σὲ
367 461 412 503 δὲ
432 460 515 517 χρὴ
541 457 873 518 παρεσκευάσθαι
896 461 1031 507 καλῶς
1049 455 1184 499 εῗὸότα
1203 455 1260 507 ὥς
1277 456 1364 511 ἅμα
1380 450 1449 512 ἦρι
1469 455 1632 512 φανέντι

153 530 229 574 σὺν
245 530 394 585 μείζονι
413 524 538 580 αὖθις
553 529 621 571 ἐπί
635 545 679 571 σε
695 526 843 583 ἥξομεν
860 530 911 583 τῇ
928 525 1210 582 παρασκευῇ.”
1264 529 1394 569 ταῦτα
1411 529 1470 583 τῷ
1486 524 1632 580 Πέρσῃ

121 597 387 654 5ἓπισκήψας
417 598 677 655 ἒπιθωρακίῳ
704 613 747 639 τε
776 599 858 638 τῶν
885 595 949 636 ἐπὶ
969 592 1090 649 δόξης
1106 593 1214 643 τινὸς
1231 592 1544 651 δωρησάμενος,
1581 590 1636 642 ὡς

153 667 322 723 ἔκδηλος
350 667 410 722 εἴη
438 666 541 724 πρὸς
564 665 765 722 βασιλέως
793 665 1019 721 πεμφθείς,
1056 663 1340 716 ἀπεπέμψατο.
1407 660 1429 704 ὅ
1450 662 1494 704 δὲ
1510 665 1630 704 σουλ-

153 736 230 779 τάν
264 736 401 791 ἐπειδὴ
435 739 566 778 ταῦτα
600 734 776 790 ἤκουσε,
812 733 1001 790 πρέσβεις
1029 731 1149 789 ὀλίγῳ
1178 730 1348 787 ὕστερον
1366 732 1455 787 περὶ
1475 728 1634 787 εἰρήνης
1654 737 1685 772 Β

154 803 482 862 ἐπερωτήσοντας
515 802 707 859 ἔπεμψεν,
777 802 871 844 ἄλλ’
892 796 943 857 ’ἦν
971 799 1212 855 ὃιβασιλεῦς
1228 798 1414 856 μεγάλων
1431 803 1551 840 τινῶν
1567 800 1635 841 καὶ

155 874 230 916 οὒκ
259 871 549 930 εὖπαροράτων
574 873 620 915 τὸ
647 875 816 930 πρᾶγμα
843 868 1159 925 σταθμώμενος·
1200 869 1337 924 ἀμέλει
1364 868 1430 910 καὶ
1450 868 1513 909 ε’πὶ
1534 865 1634 922 σκή-

98 949 248 998 1οψεις
281 959 324 984 τε
362 942 504 984 ἄλλοτε
541 940 669 992 ἄλλας
703 937 917 996 ἀνεχώρει,
953 940 1022 981 καὶ
1050 938 1111 982 ἀεὶ
1137 939 1179 989 ἐς
1196 938 1270 993 τὴν
1287 939 1480 980 ἐπιοῦσαν
1497 935 1543 978 τὸ
1563 940 1635 990 τῆς

154 1012 373 1068 πρεσβείας
400 1011 613 1053 ἀπετίθετο
639 1010 775 1062 τέλος,
813 1009 889 1058 ἕως
915 1006 1027 1063 οἶμαι
1046 1008 1175 1065 σαφές
1191 1025 1229 1050 τι
1247 1008 1335 1063 περὶ
1355 1010 1436 1048 τῶν
1454 1006 1496 1056 ἐξ
1514 1003 1631 1047 ἕσπέ-

154 1097 255 1138 ρας,
290 1078 480 1137 καθάπερ
500 1079 653 1137 εἴρηται
662 1111 676 1132 ,
712 1077 1058 1135 προσδοκωμένων
1074 1081 1225 1131 μαθεῖν
1244 1075 1356 1132 αὐτῷ
1372 1075 1538 1130 γένοιτο.

294 1148 340 1194 9.
403 1148 512 1191 Ἐπεὶ
545 1149 589 1190 δὲ
614 1148 708 1205 περί
729 1164 820 1189 τινα
833 1150 971 1203 χῶρον
987 1146 1137 1201 ἐγένετο
1158 1140 1206 1187 οὗ
1225 1145 1276 1200 δὴ
1294 1146 1542 1199 ,Μαίανδρος
1558 1142 1632 1197 τὴν

154 1217 327 1273 ἐκβολὴν
352 1224 547 1270 ποιεῖται,
583 1215 663 1268 ἔξω
679 1220 761 1259 τῶν
777 1217 979 1270 πολεμίων
996 1214 1075 1270 ἤδη
1092 1217 1331 1271 γεγενῆσθαι
1348 1214 1519 1267 νομίσας
1537 1210 1630 1254 εὔυ-

100 1291 143 1328 15
155 1284 252 1343 δρόν
269 1303 310 1330 τε
330 1285 463 1336 ἄλλως
478 1285 548 1329 τὸν
562 1290 698 1342 χῶρον
717 1284 814 1327 ῗόὡν
832 1286 900 1327 καὶ
917 1284 1020 1326 πολὺ
1038 1284 1085 1326 τὸ
1099 1285 1240 1340 χαρίεν
1259 1280 1491 1338 ἀνθρώπων
1509 1279 1631 1335 ὄψεσι

153 1353 450 1412 παρεχόμενον,
487 1355 728 1411 κυνηγεσίων
757 1353 886 1396 ἀνέσει
909 1351 1058 1403 πόνους
1076 1352 1174 1403 τοὺς
1190 1353 1233 1394 ἔκ
1251 1355 1324 1406 τῆς
1339 1349 1476 1405 μάχης
1493 1367 1630 1406 παρα-

153 1428 384 1478 μυθεῖσθαι
411 1423 550 1479 ἤθελε.
618 1421 811 1478 κινήσεως
828 1416 900 1464 οὖν
916 1438 1024 1472 τινος
1042 1421 1149 1479 ἀμφὶ
1166 1425 1217 1478 τῇ
1234 1418 1366 1476 λόχμῃ
1385 1417 1632 1473 αἰσθόμενος
1653 1430 1685 1465 c

153 1490 395 1550 πόρρωθεν,
431 1491 567 1547 ἐπειδὴ
600 1491 660 1547 μὴ
694 1489 772 1545 εἶχε
801 1491 870 1533 διὰ
891 1491 965 1545 τὴν
991 1491 1082 1533 λίαν
1108 1487 1334 1532 ἀπόστασιν
1359 1491 1532 1539 ξυνεῖναι
1559 1491 1634 1530 τοῦ

155 1562 400 1619 φαινομένου
412 1593 426 1613 ,
461 1566 542 1603 τῶν
571 1562 660 1617 περὶ
684 1557 809 1602 αὐτόν
826 1577 939 1610 τινας
955 1560 1018 1601 ε’πὶ
1037 1557 1335 1613 κατασκοπήσει
1353 1559 1513 1606 στείλας
1530 1573 1632 1611 σκη-

98 1630 226 1682 Ξονὰς
242 1631 317 1685 μὲν
334 1631 514 1673 ἐνταῦθα
531 1629 762 1687 ἠθροῖσθαι
780 1628 934 1679 πολλὰς
950 1627 1117 1683 ἤκουσε,
1153 1627 1206 1670 τὰ
1238 1627 1284 1669 δ’
1309 1626 1372 1667 ἐπὶ
1391 1630 1464 1668 τοῦ
1482 1624 1634 1675 ἄλσους

154 1698 414 1756 ταράσσοντα
444 1700 596 1749 ἵππους
631 1696 730 1740 εἶναι
763 1701 846 1740 τῶν
881 1698 923 1739 ἓν
956 1703 1047 1747 ταῖς
1064 1702 1231 1752 σκηναῖς
1249 1695 1374 1752 ἇνέτῳ
1392 1692 1564 1749 στόματι
1582 1697 1635 1750 τῇ

154 1765 237 1827 πόᾳ
272 1765 554 1822 ἓγχάσκοντας.
619 1764 716 1817 τούς
733 1783 775 1809 τε
795 1760 867 1808 οὖν
882 1765 1053 1822 Πέρσας
1082 1767 1223 1815 οἵτινες
1242 1763 1317 1807 εἷεν
1336 1763 1481 1806 αὐτίκα
1499 1769 1632 1805 συνεΐ«

128 1886 130 1890 y
155 1838 223 1878 δεν
258 1837 302 1878 ἐκ
333 1839 407 1891 τῆς
434 1835 633 1893 σφετέρας
660 1834 809 1885 αὐτοὺς
836 1833 1044 1889 ὀνομάσας
1071 1838 1229 1892 φυλῆς,
1259 1830 1415 1886 Ῥαμάν
1432 1849 1523 1875 τινα
1541 1848 1629 1887 γεν-

247 1945 283 1980 9.
306 1940 368 1979 ἐπὶ
387 1939 564 1988 σκήψεις]
587 1941 674 1976 Cod.
698 1938 928 1987 ἐπισκήψεις.

180 2046 224 2070 ue
238 2035 322 2069 alias
336 2034 371 2068 in
386 2038 498 2068 terras
514 2033 682 2076 demigras
697 2044 830 2078 semper
842 2058 853 2074 ‚
882 2045 945 2067 nec
966 2035 1118 2067 nostrum
1135 2034 1318 2078 expectare
1332 2034 1550 2076 conspectum
1565 2042 1628 2064 au·-

154 2047 229 2115 ges.
276 2080 547 2126 quandoquidem
570 2079 675 2123 igitur
689 2079 723 2113 in
738 2079 895 2125 proprias
909 2079 1010 2113 sedes
1029 2078 1262 2119 abscedimus,
1293 2077 1492 2123 praeparari
1517 2083 1554 2111 te
1584 2077 1628 2110 ad

155 2128 281 2162 bellum
307 2138 405 2171 quam
429 2126 556 2171 optime
576 2125 753 2166 convenit,
786 2125 943 2169 scireque
958 2136 1033 2158 cum
1047 2124 1186 2170 primum
1201 2135 1264 2157 ver
1279 2123 1459 2158 advenerit
1474 2135 1536 2157 nos
1550 2134 1628 2156 rur-

155 2185 229 2208 sum
257 2173 386 2207 maiore
415 2177 580 2218 apparatu
609 2176 783 2205 venturos.
791 2170 812 2186 ”
857 2171 909 2205 his
935 2170 1052 2213 dictis,
1084 2170 1361 2215 praeceptisque,
1391 2181 1475 2215 sago
1491 2168 1629 2203 militari

155 2219 334 2254 cuiusdam.
352 2231 373 2253 e
394 2218 605 2262 magnatibus
632 2217 813 2258 donatum,
843 2228 911 2262 quo
934 2217 1055 2250 missus
1071 2217 1114 2250 ab
1129 2215 1335 2261 imperatore
1356 2216 1627 2260 dignosceretur,

156 2265 296 2300 remisit.
344 2265 466 2310 quibus
485 2263 688 2305 intellectis,
718 2263 880 2297 Sultanus
895 2274 962 2297 non
975 2263 1080 2296 multo
1095 2267 1176 2306 post
1193 2262 1324 2306 legatos
1339 2262 1445 2296 mittit
1459 2261 1502 2294 ad
1517 2261 1627 2306 impe—

154 2315 325 2353 ratorem,
354 2310 410 2355 qui
441 2321 517 2344 eum
547 2310 590 2343 de
612 2321 698 2355 pace
721 2314 896 2353 rogarent.
944 2313 983 2343 at
1011 2308 1169 2354 princeps
1184 2320 1255 2342 rem
1271 2314 1391 2353 utpote
1405 2307 1538 2342 maioris
1554 2319 1628 2340 mo-

155 2358 260 2391 menti
274 2364 311 2391 et
323 2357 456 2391 minime
471 2355 715 2401 aspernandam
730 2355 944 2399 expendens,
976 2366 1050 2388 cum
1073 2355 1170 2388 varia
1192 2359 1411 2399 praetexeret
1422 2380 1432 2396 ‚
1467 2353 1510 2387 de
1524 2353 1580 2386 die
1594 2353 1629 2386 in

155 2403 244 2437 diem
259 2403 382 2447 legatis
396 2402 566 2447 responsa
574 2402 689 2435 facere
704 2401 905 2435 differebam
935 2401 1046 2435 donec
1056 2425 1067 2441 ‚
1098 2400 1218 2445 opinor
1230 2425 1241 2441 ,
1274 2400 1354 2444 quid
1371 2400 1456 2433 certi
1472 2410 1574 2443 super
1588 2398 1631 2432 iis

156 2460 248 2495 quae
263 2461 306 2483 ex
323 2448 512 2482 Occidente
526 2474 534 2490 ‚
562 2452 601 2481 ut
614 2457 717 2493 supra
731 2447 855 2481 dictum
872 2451 945 2489 est,
976 2447 1210 2480 afferebantur
1224 2446 1259 2479 in
1274 2446 1365 2482 dies,
1396 2445 1630 2479 inaudivisset.

249 2496 285 2530 9.
329 2495 514 2539 Postquam
542 2493 586 2527 ad
613 2505 685 2527 eam
710 2492 880 2536 regionem
895 2493 1008 2534 venit,
1039 2492 1097 2526 ubi
1111 2492 1298 2526 Maeander
1311 2491 1439 2532 oritur,
1472 2490 1535 2524 iam
1552 2501 1630 2524 sese

157 2540 204 2574 ab
227 2540 381 2575 hostibus
406 2545 516 2574 tutum
539 2544 653 2579 ratus,
687 2538 968 2585 conspicatusque
984 2539 1093 2573 locum
1110 2537 1207 2582 aquis
1221 2537 1405 2581 irriguum,
1439 2536 1496 2580 qui
1511 2547 1628 2570 amoe-

159 2586 268 2620 nitate
289 2597 350 2620 sua
373 2586 540 2620 hominum
556 2585 752 2619 oblectabat
765 2585 916 2627 animos,
945 2584 1104 2630 pristinos
1121 2595 1163 2617 ex
1177 2587 1258 2617 ante
1276 2583 1361 2617 actis
1376 2583 1475 2616 bellis
1490 2582 1628 2617 labores

160 2632 376 2666 venationum
399 2631 570 2666 exercitiis
591 2631 783 2665 demulcere
797 2631 983 2666 constituit.
1030 2641 1104 2664 eum
1120 2640 1204 2662 vero
1221 2629 1313 2662 circa
1326 2629 1444 2663 silvam
1460 2641 1480 2662 e
1495 2628 1628 2671 longin-

160 2687 228 2721 quo
243 2678 370 2712 moveri
383 2678 498 2712 nescio
511 2677 592 2722 quid
607 2677 832 2718 advertisset,
861 2677 1085 2722 nequiretque
1099 2675 1290 2709 accuratius
1307 2686 1398 2717 rem,
1429 2674 1520 2720 quod
1548 2674 1629 2709 inde

160 2723 297 2757 abesset
319 2724 473 2768 longius,
503 2723 714 2757 discernere:
751 2722 858 2757 missis
880 2723 1010 2768 aliquot
1035 2733 1079 2756 ex
1101 2721 1171 2754 suis
1186 2721 1244 2766 qui
1259 2721 1536 2766 specularentur,
1569 2731 1627 2753 re·-

160 2767 260 2801 scivit
282 2769 416 2804 tandem
442 2770 599 2803 conserta
621 2769 670 2803 ibi
692 2780 768 2803 esse
792 2769 1008 2804 tabernacula
1021 2795 1032 2811 ‚
1063 2772 1099 2802 et
1112 2772 1237 2802 motum
1253 2766 1312 2811 qui
1328 2767 1581 2811 conspiceretur
1593 2765 1627 2798 in

161 2813 269 2853 silva,
296 2815 340 2848 ab
362 2815 458 2859 equis
479 2825 617 2858 eorum,
648 2814 706 2859 qui
724 2814 760 2849 in
784 2815 1013 2849 tabernaculis
1038 2818 1158 2855 erant,
1187 2813 1288 2847 avido
1305 2824 1365 2847 ore
1381 2813 1504 2846 herbas
1519 2812 1625 2855 depa-

159 2858 344 2894 scentibus.
389 2871 467 2894 mox
481 2861 605 2896 Persas
621 2872 696 2896 esse
711 2861 769 2907 qui
783 2861 944 2897 adessent
958 2859 1113 2907 agnovit,
1134 2859 1373 2904 nominataque
1384 2859 1518 2894 illorum
1535 2856 1625 2891 tribu
