<?xml version="1.0" encoding="UTF-8"?>
<!DOCTYPE html PUBLIC "-//W3C//DTD XHTML 1.0 Transitional//EN"
    "http://www.w3.org/TR/xhtml1/DTD/xhtml1-transitional.dtd">
<html xmlns="http://www.w3.org/1999/xhtml" xml:lang="en" lang="en">
 <head>
  <title>
</title>
<meta http-equiv="Content-Type" content="text/html;charset=utf-8" />
  <meta name='ocr-system' content='tesseract 3.04.00' />
  <meta name='ocr-capabilities' content='ocr_page ocr_carea ocr_par ocr_line ocrx_word'/>
</head>
<body>
  <div class='ocr_page' id='page_1' title='image "./corpusscriptorum26niebuoft_0092.png"; bbox 0 0 1878 3262; ppageno 0'>
   <div class='ocr_carea' id='block_1_1' title="bbox 271 237 1253 285">
    <p class='ocr_par' dir='ltr' id='par_1_1' title="bbox 271 237 1253 285">
     <span class='ocr_line' id='line_1_1' title="bbox 271 237 1253 285; baseline -0.003 0"><span class='ocrx_word' id='word_1_1' title='bbox 271 240 335 285; x_wconf 87' lang='lat'><em>60</em></span> <span class='ocrx_word' id='word_1_2' title='bbox 752 237 979 282; x_wconf 89' lang='lat' dir='ltr'><strong>IOANNIS</strong></span> <span class='ocrx_word' id='word_1_3' title='bbox 1021 238 1253 282; x_wconf 87' lang='lat' dir='ltr'><strong>GINNAMI</strong></span> 
     </span>
    </p>
   </div>
   <div class='ocr_carea' id='block_1_2' title="bbox 148 348 1786 1982">
    <p class='ocr_par' dir='ltr' id='par_1_2' title="bbox 265 348 1730 548">
     <span class='ocr_line' id='line_1_2' title="bbox 267 348 1730 410; baseline 0 -14"><span class='ocrx_word' id='word_1_4' title='bbox 267 353 437 410; x_wconf 85' lang='grc' dir='ltr'><em>νεάρχην</em></span> <span class='ocrx_word' id='word_1_5' title='bbox 458 351 594 402; x_wconf 70' lang='grc' dir='ltr'><em>αὐτοῖς</em></span> <span class='ocrx_word' id='word_1_6' title='bbox 612 353 839 408; x_wconf 79' lang='grc' dir='ltr'><em>καταλέγων</em></span> <span class='ocrx_word' id='word_1_7' title='bbox 857 348 955 394; x_wconf 77' lang='grc' dir='ltr'><em>εἶναι</em></span> <span class='ocrx_word' id='word_1_8' title='bbox 967 384 980 404; x_wconf 89' lang='grc'>,</span> <span class='ocrx_word' id='word_1_9' title='bbox 1017 353 1084 395; x_wconf 80' lang='grc' dir='ltr'><em>καὶ</em></span> <span class='ocrx_word' id='word_1_10' title='bbox 1111 350 1166 403; x_wconf 86' lang='grc' dir='ltr'><em>ῶς</em></span> <span class='ocrx_word' id='word_1_11' title='bbox 1193 353 1286 396; x_wconf 72' lang='grc' dir='ltr'><em>κατ’</em></span> <span class='ocrx_word' id='word_1_12' title='bbox 1308 352 1404 404; x_wconf 69' lang='grc' dir='ltr'><em>ἔθος</em></span> <span class='ocrx_word' id='word_1_13' title='bbox 1420 354 1466 398; x_wconf 81' lang='grc' dir='ltr'><em>τὸ</em></span> <span class='ocrx_word' id='word_1_14' title='bbox 1486 354 1618 399; x_wconf 75' lang='grc' dir='ltr'><em>αὐτῶν</em></span> <span class='ocrx_word' id='word_1_15' title='bbox 1635 354 1730 405; x_wconf 73' lang='grc' dir='ltr'><em>τούς</em></span> 
     </span>
     <span class='ocr_line' id='line_1_3' title="bbox 267 419 1730 480; baseline 0.001 -16"><span class='ocrx_word' id='word_1_16' title='bbox 267 424 308 464; x_wconf 72' lang='grc' dir='ltr'><em>ἐκ</em></span> <span class='ocrx_word' id='word_1_17' title='bbox 338 419 520 476; x_wconf 85' lang='grc' dir='ltr'><em>γειτόνων</em></span> <span class='ocrx_word' id='word_1_18' title='bbox 542 419 750 475; x_wconf 85' lang='grc' dir='ltr'><em>Ῥωμαίων</em></span> <span class='ocrx_word' id='word_1_19' title='bbox 778 420 856 475; x_wconf 76' lang='grc' dir='ltr'><em>ἤδη</em></span> <span class='ocrx_word' id='word_1_20' title='bbox 884 422 951 462; x_wconf 85' lang='grc' dir='ltr'><em>καὶ</em></span> <span class='ocrx_word' id='word_1_21' title='bbox 967 425 1038 462; x_wconf 80' lang='grc' dir='ltr'><em>νῦν</em></span> <span class='ocrx_word' id='word_1_22' title='bbox 1057 420 1343 475; x_wconf 68' lang='grc' dir='ltr'><em>λῃστεύσαντες</em></span> <span class='ocrx_word' id='word_1_23' title='bbox 1360 421 1554 480; x_wconf 77' lang='grc' dir='ltr'><em>λαφύρων</em></span> <span class='ocrx_word' id='word_1_24' title='bbox 1571 422 1730 478; x_wconf 83' lang='grc' dir='ltr'><em>πλησά-</em></span> 
     </span>
     <span class='ocr_line' id='line_1_4' title="bbox 265 487 1728 548; baseline 0.002 -17"><span class='ocrx_word' id='word_1_25' title='bbox 265 507 375 544; x_wconf 82' lang='grc' dir='ltr'>μενοι</span> <span class='ocrx_word' id='word_1_26' title='bbox 394 487 548 544; x_wconf 75' lang='grc' dir='ltr'><em>ἥκουσι.</em></span> <span class='ocrx_word' id='word_1_27' title='bbox 603 492 670 532; x_wconf 84' lang='grc' dir='ltr'><em>καὶ</em></span> <span class='ocrx_word' id='word_1_28' title='bbox 690 490 739 544; x_wconf 87' lang='grc' dir='ltr'><em>δὴ</em></span> <span class='ocrx_word' id='word_1_29' title='bbox 759 493 839 532; x_wconf 89' lang='grc' dir='ltr'><em>τῶν</em></span> <span class='ocrx_word' id='word_1_30' title='bbox 856 491 944 546; x_wconf 74' lang='grc' dir='ltr'><em>περὶ</em></span> <span class='ocrx_word' id='word_1_31' title='bbox 964 489 1086 532; x_wconf 78' lang='grc' dir='ltr'><em>αὐτὸν</em></span> <span class='ocrx_word' id='word_1_32' title='bbox 1104 490 1275 544; x_wconf 80' lang='grc' dir='ltr'><em>συχνοὺς</em></span> <span class='ocrx_word' id='word_1_33' title='bbox 1292 490 1585 546; x_wconf 80' lang='grc' dir='ltr'><em>ἀπολεξάμενος</em></span> <span class='ocrx_word' id='word_1_34' title='bbox 1601 507 1728 548; x_wconf 76' lang='grc' dir='ltr'><em>στρα-</em></span> 
     </span>
    </p>

    <p class='ocr_par' dir='ltr' id='par_1_3' title="bbox 216 557 1786 1095">
     <span class='ocr_line' id='line_1_5' title="bbox 216 557 1728 615; baseline 0.002 -17"><span class='ocrx_word' id='word_1_35' title='bbox 216 566 247 598; x_wconf 92' lang='lat' dir='ltr'>D</span> <span class='ocrx_word' id='word_1_36' title='bbox 271 562 422 600; x_wconf 87' lang='grc' dir='ltr'><em>τιωτῶν</em></span> <span class='ocrx_word' id='word_1_37' title='bbox 444 560 602 613; x_wconf 77' lang='grc' dir='ltr'><strong><em>σπουδῇ</em></strong></span> <span class='ocrx_word' id='word_1_38' title='bbox 620 560 813 615; x_wconf 76' lang='grc' dir='ltr'><em>διαφῆκεν</em></span> <span class='ocrx_word' id='word_1_39' title='bbox 831 560 893 600; x_wconf 76' lang='grc' dir='ltr'><em>ἐπὶ</em></span> <span class='ocrx_word' id='word_1_40' title='bbox 912 558 984 612; x_wconf 82' lang='grc' dir='ltr'><em>τὴν</em></span> <span class='ocrx_word' id='word_1_41' title='bbox 1003 559 1150 608; x_wconf 80' lang='grc' dir='ltr'><em>δίωξιν.</em></span> <span class='ocrx_word' id='word_1_42' title='bbox 1218 557 1239 602; x_wconf 85' lang='grc' dir='ltr'><em>ὃ</em></span> <span class='ocrx_word' id='word_1_43' title='bbox 1261 560 1304 601; x_wconf 81' lang='grc' dir='ltr'><em>δὲ</em></span> <span class='ocrx_word' id='word_1_44' title='bbox 1322 561 1378 609; x_wconf 86' lang='grc' dir='ltr'><em>εἲς</em></span> <span class='ocrx_word' id='word_1_45' title='bbox 1395 558 1572 603; x_wconf 78' lang='grc' dir='ltr'><em>ἀποπτόν</em></span> <span class='ocrx_word' id='word_1_46' title='bbox 1588 577 1627 602; x_wconf 92' lang='grc' dir='ltr'><em>τι</em></span> <span class='ocrx_word' id='word_1_47' title='bbox 1642 576 1728 614; x_wconf 86' lang='grc' dir='ltr'><em>χω-</em></span> 
     </span>
     <span class='ocr_line' id='line_1_6' title="bbox 265 626 1762 683; baseline 0.001 -16"><span class='ocrx_word' id='word_1_48' title='bbox 265 628 350 683; x_wconf 89' lang='grc' dir='ltr'><em>ρίον</em></span> <span class='ocrx_word' id='word_1_49' title='bbox 370 626 616 682; x_wconf 72' lang='grc' dir='ltr'><em>ἀναδραμὼν</em></span> <span class='ocrx_word' id='word_1_50' title='bbox 634 628 813 669; x_wconf 73' lang='grc' dir='ltr'><em>ἐνταῦθα</em></span> <span class='ocrx_word' id='word_1_51' title='bbox 831 627 905 669; x_wconf 80' lang='grc' dir='ltr'><em>σὺν</em></span> <span class='ocrx_word' id='word_1_52' title='bbox 923 627 1068 682; x_wconf 78' lang='grc' dir='ltr'><em>ὀλίγοις</em></span> <span class='ocrx_word' id='word_1_53' title='bbox 1087 627 1327 670; x_wconf 81' lang='grc' dir='ltr'><em>ἀποσκοπῶν</em></span> <span class='ocrx_word' id='word_1_54' title='bbox 1341 629 1498 670; x_wconf 71' lang='grc' dir='ltr'><em>ἵστατο.</em></span> <span class='ocrx_word' id='word_1_55' title='bbox 1566 629 1608 670; x_wconf 74' lang='grc' dir='ltr'><em>ἓν</em></span> <span class='ocrx_word' id='word_1_56' title='bbox 1631 627 1728 670; x_wconf 58' lang='grc' dir='ltr'><em>τού-ἒ</em></span> <span class='ocrx_word' id='word_1_57' title='bbox 1741 634 1762 669; x_wconf 87' lang='grc'><strong>5</strong></span> 
     </span>
     <span class='ocr_line' id='line_1_7' title="bbox 266 693 1729 752; baseline 0.001 -16"><span class='ocrx_word' id='word_1_58' title='bbox 266 712 349 744; x_wconf 55' lang='grc' dir='ltr'><em>’τοις</em></span> <span class='ocrx_word' id='word_1_59' title='bbox 370 695 413 736; x_wconf 78' lang='grc' dir='ltr'><em>δὲ</em></span> <span class='ocrx_word' id='word_1_60' title='bbox 431 694 469 736; x_wconf 79' lang='grc' dir='ltr'><em>οἳ</em></span> <span class='ocrx_word' id='word_1_61' title='bbox 484 696 646 751; x_wconf 80' lang='grc' dir='ltr'><em>Πέρσαι</em></span> <span class='ocrx_word' id='word_1_62' title='bbox 665 693 1004 749; x_wconf 77' lang='grc' dir='ltr'><em>συσκευασάμενοι</em></span> <span class='ocrx_word' id='word_1_63' title='bbox 1024 697 1176 738; x_wconf 70' lang='grc' dir='ltr'><em>ἐκεῖθεν</em></span> <span class='ocrx_word' id='word_1_64' title='bbox 1205 694 1450 752; x_wconf 86' lang='grc' dir='ltr'><em>ἀπήλαυνον.</em></span> <span class='ocrx_word' id='word_1_65' title='bbox 1521 694 1577 746; x_wconf 84' lang='grc' dir='ltr'><em>ὥς</em></span> <span class='ocrx_word' id='word_1_66' title='bbox 1594 697 1638 738; x_wconf 76' lang='grc' dir='ltr'><em>δὲ</em></span> <span class='ocrx_word' id='word_1_67' title='bbox 1654 695 1729 738; x_wconf 86' lang='grc' dir='ltr'><em>τά-</em></span> 
     </span>
     <span class='ocr_line' id='line_1_8' title="bbox 261 762 1731 822; baseline 0.001 -17"><span class='ocrx_word' id='word_1_68' title='bbox 261 779 384 816; x_wconf 83' lang='grc' dir='ltr'><em>χιστα</em></span> <span class='ocrx_word' id='word_1_69' title='bbox 403 762 503 820; x_wconf 82' lang='grc' dir='ltr'><em>πρὸς</em></span> <span class='ocrx_word' id='word_1_70' title='bbox 527 767 608 805; x_wconf 84' lang='grc' dir='ltr'><em>τῶν</em></span> <span class='ocrx_word' id='word_1_71' title='bbox 630 762 839 817; x_wconf 86' lang='grc' dir='ltr'><em>Ῥωμαίων</em></span> <span class='ocrx_word' id='word_1_72' title='bbox 868 763 1257 817; x_wconf 75' lang='grc' dir='ltr'><em>καταλαμβάνεσθαι</em></span> <span class='ocrx_word' id='word_1_73' title='bbox 1288 764 1485 822; x_wconf 76' lang='grc' dir='ltr'><em>ἤρξαντο,</em></span> <span class='ocrx_word' id='word_1_74' title='bbox 1522 762 1731 821; x_wconf 77' lang='grc' dir='ltr'><em>σποράδην</em></span> 
     </span>
     <span class='ocr_line' id='line_1_9' title="bbox 267 831 1730 890; baseline 0.001 -17"><span class='ocrx_word' id='word_1_75' title='bbox 267 831 415 881; x_wconf 79' lang='grc' dir='ltr'><em>αὐτοὺς</em></span> <span class='ocrx_word' id='word_1_76' title='bbox 441 833 685 888; x_wconf 78' lang='grc' dir='ltr'><em>φερομένους</em></span> <span class='ocrx_word' id='word_1_77' title='bbox 712 831 882 884; x_wconf 80' lang='grc' dir='ltr'><em>ἰδόντες,</em></span> <span class='ocrx_word' id='word_1_78' title='bbox 920 833 1253 890; x_wconf 75' lang='grc' dir='ltr'><em>ἀντιστραφέντες</em></span> <span class='ocrx_word' id='word_1_79' title='bbox 1274 834 1538 887; x_wconf 79' lang='grc' dir='ltr'><em>ἀντιμέτωποι</em></span> <span class='ocrx_word' id='word_1_80' title='bbox 1551 834 1730 875; x_wconf 73' lang='grc' dir='ltr'><em>ἵσταντο.</em></span> 
     </span>
     <span class='ocr_line' id='line_1_10' title="bbox 267 898 1730 955; baseline 0.001 -14"><span class='ocrx_word' id='word_1_81' title='bbox 267 900 371 941; x_wconf 83' lang='grc' dir='ltr'><em>ἀλλὰ</em></span> <span class='ocrx_word' id='word_1_82' title='bbox 411 898 619 954; x_wconf 84' lang='grc' dir='ltr'><em>Ῥωμαίων</em></span> <span class='ocrx_word' id='word_1_83' title='bbox 654 899 1110 955; x_wconf 78' lang='grc' dir='ltr'><em>ἐπικαταλαμβανόντων</em></span> <span class='ocrx_word' id='word_1_84' title='bbox 1146 906 1254 944; x_wconf 88' lang='grc' dir='ltr'><em>νῶτα</em></span> <span class='ocrx_word' id='word_1_85' title='bbox 1289 904 1357 944; x_wconf 82' lang='grc' dir='ltr'><em>καὶ</em></span> <span class='ocrx_word' id='word_1_86' title='bbox 1391 900 1512 943; x_wconf 85' lang='grc' dir='ltr'><em>πάλιν</em></span> <span class='ocrx_word' id='word_1_87' title='bbox 1546 902 1704 943; x_wconf 64' lang='grc' dir='ltr'><em>ἐδίδουν</em></span> <span class='ocrx_word' id='word_1_88' title='bbox 1718 914 1730 926; x_wconf 92' lang='grc'><em>·</em></span> 
     </span>
     <span class='ocr_line' id='line_1_11' title="bbox 267 966 1786 1025; baseline -0.001 -15"><span class='ocrx_word' id='word_1_89' title='bbox 267 966 386 1010; x_wconf 80' lang='grc' dir='ltr'><em>τοῦτό</em></span> <span class='ocrx_word' id='word_1_90' title='bbox 412 985 454 1010; x_wconf 88' lang='grc' dir='ltr'><em>τε</em></span> <span class='ocrx_word' id='word_1_91' title='bbox 482 967 675 1019; x_wconf 87' lang='grc' dir='ltr'><em>πολλάκις</em></span> <span class='ocrx_word' id='word_1_92' title='bbox 690 969 849 1025; x_wconf 83' lang='grc' dir='ltr'><em>γεγονὸς</em></span> <span class='ocrx_word' id='word_1_93' title='bbox 866 970 1039 1019; x_wconf 79' lang='grc' dir='ltr'><em>πολλοὺς</em></span> <span class='ocrx_word' id='word_1_94' title='bbox 1051 968 1258 1023; x_wconf 85' lang='grc' dir='ltr'><em>Ῥωμαίων</em></span> <span class='ocrx_word' id='word_1_95' title='bbox 1278 969 1511 1024; x_wconf 83' lang='grc' dir='ltr'><em>ἀπαυδῆσαι</em></span> <span class='ocrx_word' id='word_1_96' title='bbox 1529 971 1728 1024; x_wconf 74' lang='grc' dir='ltr'><em>ἐποίησεν·</em></span> <span class='ocrx_word' id='word_1_97' title='bbox 1742 974 1786 1009; x_wconf 87' lang='grc'><em>10</em></span> 
     </span>
     <span class='ocr_line' id='line_1_12' title="bbox 268 1035 1730 1095; baseline 0 -16"><span class='ocrx_word' id='word_1_98' title='bbox 268 1035 366 1079; x_wconf 75' lang='grc' dir='ltr'><em>ὅθεν</em></span> <span class='ocrx_word' id='word_1_99' title='bbox 383 1038 448 1078; x_wconf 83' lang='grc' dir='ltr'><em>καὶ</em></span> <span class='ocrx_word' id='word_1_100' title='bbox 467 1041 540 1079; x_wconf 78' lang='grc' dir='ltr'><em>τοῦ</em></span> <span class='ocrx_word' id='word_1_101' title='bbox 559 1036 713 1080; x_wconf 85' lang='grc' dir='ltr'><em>διώκειν</em></span> <span class='ocrx_word' id='word_1_102' title='bbox 733 1038 923 1095; x_wconf 73' lang='grc' dir='ltr'><em>ἀφέμενοι</em></span> <span class='ocrx_word' id='word_1_103' title='bbox 940 1040 1175 1088; x_wconf 86' lang='grc' dir='ltr'><em>παλινοδιάς</em></span> <span class='ocrx_word' id='word_1_104' title='bbox 1198 1039 1430 1094; x_wconf 76' lang='grc' dir='ltr'><em>ἐμέμνηντο.</em></span> <span class='ocrx_word' id='word_1_105' title='bbox 1498 1036 1594 1095; x_wconf 82' lang='grc' dir='ltr'><em>ὅπερ</em></span> <span class='ocrx_word' id='word_1_106' title='bbox 1611 1035 1633 1080; x_wconf 82' lang='grc' dir='ltr'><strong>ὃ</strong></span> <span class='ocrx_word' id='word_1_107' title='bbox 1649 1042 1730 1091; x_wconf 80' lang='grc' dir='ltr'><em>βα-</em></span> 
     </span>
    </p>

    <p class='ocr_par' dir='ltr' id='par_1_4' title="bbox 244 1103 1732 1163">
     <span class='ocr_line' id='line_1_13' title="bbox 244 1103 1732 1163; baseline 0.001 -17"><span class='ocrx_word' id='word_1_108' title='bbox 244 1103 246 1107; x_wconf 62' lang='grc'><strong>’</strong></span> <span class='ocrx_word' id='word_1_109' title='bbox 268 1104 401 1155; x_wconf 76' lang='grc' dir='ltr'><em>σιλεὺς</em></span> <span class='ocrx_word' id='word_1_110' title='bbox 426 1104 679 1160; x_wconf 81' lang='grc' dir='ltr'><em>κατανοήσας</em></span> <span class='ocrx_word' id='word_1_111' title='bbox 715 1105 897 1162; x_wconf 69' lang='grc' dir='ltr'><em>(ἑστήκει</em></span> <span class='ocrx_word' id='word_1_112' title='bbox 926 1107 1004 1163; x_wconf 85' lang='grc' dir='ltr'><em>γὰρ</em></span> <span class='ocrx_word' id='word_1_113' title='bbox 1034 1106 1226 1149; x_wconf 79' lang='grc' dir='ltr'><em>ἀνωτάτω</em></span> <span class='ocrx_word' id='word_1_114' title='bbox 1251 1124 1328 1149; x_wconf 90' lang='grc' dir='ltr'><em>που</em></span> <span class='ocrx_word' id='word_1_115' title='bbox 1357 1106 1490 1163; x_wconf 80' lang='grc' dir='ltr'><em>ὥσπερ</em></span> <span class='ocrx_word' id='word_1_116' title='bbox 1509 1105 1610 1163; x_wconf 67' lang='grc' dir='ltr'><em>ἔφην</em></span> <span class='ocrx_word' id='word_1_117' title='bbox 1628 1105 1732 1148; x_wconf 81' lang='grc' dir='ltr'><em>ἀπο-</em></span> 
     </span>
    </p>

    <p class='ocr_par' dir='ltr' id='par_1_5' title="bbox 148 1172 1732 1232">
     <span class='ocr_line' id='line_1_14' title="bbox 148 1172 1732 1232; baseline 0 -17"><span class='ocrx_word' id='word_1_118' title='bbox 148 1174 176 1206; x_wconf 89' lang='grc' dir='ltr'>Ρ</span> <span class='ocrx_word' id='word_1_119' title='bbox 200 1172 245 1207; x_wconf 82' lang='lat'><em>34</em></span> <span class='ocrx_word' id='word_1_120' title='bbox 268 1174 455 1227; x_wconf 81' lang='grc' dir='ltr'><em>σκοπῶν)</em></span> <span class='ocrx_word' id='word_1_121' title='bbox 494 1173 637 1216; x_wconf 75' lang='grc' dir='ltr'><em>αὐτίκα</em></span> <span class='ocrx_word' id='word_1_122' title='bbox 663 1172 719 1224; x_wconf 81' lang='grc' dir='ltr'><em>ὡς</em></span> <span class='ocrx_word' id='word_1_123' title='bbox 745 1173 821 1228; x_wconf 75' lang='grc' dir='ltr'><em>εἶχε</em></span> <span class='ocrx_word' id='word_1_124' title='bbox 840 1173 988 1228; x_wconf 84' lang='grc' dir='ltr'><em>τάχους</em></span> <span class='ocrx_word' id='word_1_125' title='bbox 1006 1174 1288 1232; x_wconf 73' lang='grc' dir='ltr'><em>ἀθωράκιστος</em></span> <span class='ocrx_word' id='word_1_126' title='bbox 1306 1175 1370 1217; x_wconf 67' lang='grc' dir='ltr'><em>ἐπ’</em></span> <span class='ocrx_word' id='word_1_127' title='bbox 1392 1177 1562 1225; x_wconf 75' lang='grc' dir='ltr'><em>ἐκείνους</em></span> <span class='ocrx_word' id='word_1_128' title='bbox 1579 1172 1732 1230; x_wconf 71' lang='grc' dir='ltr'><em>ἐχώρει.</em></span> 
     </span>
    </p>

    <p class='ocr_par' dir='ltr' id='par_1_6' title="bbox 148 1242 1786 1911">
     <span class='ocr_line' id='line_1_15' title="bbox 148 1242 1731 1301; baseline 0.001 -18"><span class='ocrx_word' id='word_1_129' title='bbox 148 1244 176 1276; x_wconf 91' lang='lat' dir='ltr'>V</span> <span class='ocrx_word' id='word_1_130' title='bbox 200 1245 244 1279; x_wconf 76' lang='lat'><em>27</em></span> <span class='ocrx_word' id='word_1_131' title='bbox 266 1243 427 1299; x_wconf 79' lang='grc' dir='ltr'><em>Πέρσαι</em></span> <span class='ocrx_word' id='word_1_132' title='bbox 447 1243 491 1284; x_wconf 80' lang='grc' dir='ltr'><em>δὲ</em></span> <span class='ocrx_word' id='word_1_133' title='bbox 507 1243 641 1297; x_wconf 73' lang='grc' dir='ltr'><em>ἐπειδὴ</em></span> <span class='ocrx_word' id='word_1_134' title='bbox 661 1243 834 1293; x_wconf 81' lang='grc' dir='ltr'><em>πολλοὺς</em></span> <span class='ocrx_word' id='word_1_135' title='bbox 853 1242 1063 1297; x_wconf 85' lang='grc' dir='ltr'><em>Ῥωμαίων</em></span> <span class='ocrx_word' id='word_1_136' title='bbox 1079 1249 1129 1300; x_wconf 82' lang='grc' dir='ltr'><em>τῇ</em></span> <span class='ocrx_word' id='word_1_137' title='bbox 1148 1242 1277 1294; x_wconf 81' lang='grc' dir='ltr'><em>διώξει</em></span> <span class='ocrx_word' id='word_1_138' title='bbox 1297 1243 1430 1301; x_wconf 79' lang='grc' dir='ltr'><em>ὥσπερ</em></span> <span class='ocrx_word' id='word_1_139' title='bbox 1449 1243 1549 1300; x_wconf 68' lang='grc' dir='ltr'><em>ἔφην</em></span> <span class='ocrx_word' id='word_1_140' title='bbox 1566 1242 1645 1297; x_wconf 73' lang='grc' dir='ltr'><em>ἤδη</em></span> <span class='ocrx_word' id='word_1_141' title='bbox 1664 1243 1731 1284; x_wconf 73' lang='grc' dir='ltr'><em>ἔκ-</em></span> 
     </span>
     <span class='ocr_line' id='line_1_16' title="bbox 262 1309 1786 1368; baseline 0 -16"><span class='ocrx_word' id='word_1_142' title='bbox 262 1309 519 1365; x_wconf 88' lang='grc' dir='ltr'><em>κακήσαντας</em></span> <span class='ocrx_word' id='word_1_143' title='bbox 541 1313 669 1368; x_wconf 82' lang='grc' dir='ltr'><em>χωρὶς</em></span> <span class='ocrx_word' id='word_1_144' title='bbox 697 1312 770 1353; x_wconf 71' lang='grc' dir='ltr'><em>ἀπ’</em></span> <span class='ocrx_word' id='word_1_145' title='bbox 801 1311 985 1366; x_wconf 87' lang='grc' dir='ltr'><em>ἀλλήλων</em></span> <span class='ocrx_word' id='word_1_146' title='bbox 1011 1310 1219 1367; x_wconf 77' lang='grc' dir='ltr'><em>γεγονότας</em></span> <span class='ocrx_word' id='word_1_147' title='bbox 1247 1310 1372 1364; x_wconf 75' lang='grc' dir='ltr'><em>εἶδον,</em></span> <span class='ocrx_word' id='word_1_148' title='bbox 1410 1313 1554 1367; x_wconf 85' lang='grc' dir='ltr'><em>κομιδῇ</em></span> <span class='ocrx_word' id='word_1_149' title='bbox 1574 1310 1731 1366; x_wconf 79' lang='grc' dir='ltr'><em>ὀλίγους</em></span> <span class='ocrx_word' id='word_1_150' title='bbox 1743 1314 1786 1348; x_wconf 84' lang='grc'><em>15</em></span> 
     </span>
     <span class='ocr_line' id='line_1_17' title="bbox 263 1378 1729 1437; baseline -0.001 -16"><span class='ocrx_word' id='word_1_151' title='bbox 263 1379 358 1428; x_wconf 74' lang='grc' dir='ltr'><em>τοὺς</em></span> <span class='ocrx_word' id='word_1_152' title='bbox 377 1378 524 1429; x_wconf 79' lang='grc' dir='ltr'><em>ἄλλους</em></span> <span class='ocrx_word' id='word_1_153' title='bbox 549 1378 869 1434; x_wconf 81' lang='grc' dir='ltr'><em>κατανοήσαντες</em></span> <span class='ocrx_word' id='word_1_154' title='bbox 894 1378 1150 1437; x_wconf 78' lang='grc' dir='ltr'><em>ἀμφιβόλους</em></span> <span class='ocrx_word' id='word_1_155' title='bbox 1167 1397 1208 1423; x_wconf 81' lang='grc' dir='ltr'><em>τε</em></span> <span class='ocrx_word' id='word_1_156' title='bbox 1226 1380 1304 1436; x_wconf 75' lang='grc' dir='ltr'><em>ἤδη</em></span> <span class='ocrx_word' id='word_1_157' title='bbox 1323 1378 1560 1435; x_wconf 78' lang='grc' dir='ltr'><em>ἐποιήσαντο</em></span> <span class='ocrx_word' id='word_1_158' title='bbox 1579 1381 1646 1422; x_wconf 87' lang='grc' dir='ltr'><em>καὶ</em></span> <span class='ocrx_word' id='word_1_159' title='bbox 1663 1380 1729 1434; x_wconf 77' lang='grc' dir='ltr'><em>ἐγ-</em></span> 
     </span>
     <span class='ocr_line' id='line_1_18' title="bbox 261 1442 1732 1506; baseline 0 -18"><span class='ocrx_word' id='word_1_160' title='bbox 261 1448 332 1503; x_wconf 78' lang='grc' dir='ltr'><em>γὺς</em></span> <span class='ocrx_word' id='word_1_161' title='bbox 366 1442 499 1502; x_wconf 73' lang='grc' dir='ltr'><em>ἦλθον</em></span> <span class='ocrx_word' id='word_1_162' title='bbox 533 1451 607 1490; x_wconf 79' lang='grc' dir='ltr'><em>τοῦ</em></span> <span class='ocrx_word' id='word_1_163' title='bbox 641 1449 744 1504; x_wconf 79' lang='grc' dir='ltr'><em>μέγα</em></span> <span class='ocrx_word' id='word_1_164' title='bbox 779 1465 817 1490; x_wconf 91' lang='grc' dir='ltr'><em>τι</em></span> <span class='ocrx_word' id='word_1_165' title='bbox 853 1450 919 1491; x_wconf 86' lang='grc' dir='ltr'><em>καὶ</em></span> <span class='ocrx_word' id='word_1_166' title='bbox 957 1447 1172 1503; x_wconf 85' lang='grc' dir='ltr'><em>ἀνήκεστον</em></span> <span class='ocrx_word' id='word_1_167' title='bbox 1202 1451 1376 1506; x_wconf 82' lang='grc' dir='ltr'><em>δρᾶσαι,</em></span> <span class='ocrx_word' id='word_1_168' title='bbox 1414 1450 1448 1491; x_wconf 83' lang='grc' dir='ltr'><em>εἲ</em></span> <span class='ocrx_word' id='word_1_169' title='bbox 1465 1448 1522 1503; x_wconf 88' lang='grc' dir='ltr'><em>μὴ</em></span> <span class='ocrx_word' id='word_1_170' title='bbox 1539 1447 1732 1502; x_wconf 79' lang='grc' dir='ltr'><em>βασιλεὺς</em></span> 
     </span>
     <span class='ocr_line' id='line_1_19' title="bbox 262 1514 1731 1574; baseline 0 -17"><span class='ocrx_word' id='word_1_171' title='bbox 262 1514 566 1572; x_wconf 86' lang='grc' dir='ltr'><em>ἀπροσδόκητος</em></span> <span class='ocrx_word' id='word_1_172' title='bbox 585 1516 721 1567; x_wconf 78' lang='grc' dir='ltr'><em>αὗτοῖς</em></span> <span class='ocrx_word' id='word_1_173' title='bbox 739 1518 923 1574; x_wconf 71' lang='grc' dir='ltr'><em>ἐκφανεὶς</em></span> <span class='ocrx_word' id='word_1_174' title='bbox 939 1521 1013 1559; x_wconf 80' lang='grc' dir='ltr'><em>τοῦ</em></span> <span class='ocrx_word' id='word_1_175' title='bbox 1030 1516 1213 1560; x_wconf 80' lang='grc' dir='ltr'><em>κινδύνου</em></span> <span class='ocrx_word' id='word_1_176' title='bbox 1243 1515 1477 1560; x_wconf 82' lang='grc' dir='ltr'><em>διεσώσατο.</em></span> <span class='ocrx_word' id='word_1_177' title='bbox 1538 1514 1731 1574; x_wconf 79' lang='grc' dir='ltr'><em>φεύγουσι</em></span> 
     </span>
     <span class='ocr_line' id='line_1_20' title="bbox 261 1582 1730 1642; baseline -0.001 -16"><span class='ocrx_word' id='word_1_178' title='bbox 261 1585 394 1626; x_wconf 83' lang='grc' dir='ltr'><em>τοίνυν</em></span> <span class='ocrx_word' id='word_1_179' title='bbox 431 1584 491 1626; x_wconf 82' lang='grc' dir='ltr'><em>ἀεὶ</em></span> <span class='ocrx_word' id='word_1_180' title='bbox 529 1584 812 1640; x_wconf 84' lang='grc' dir='ltr'><em>ἀμφεπόμενος</em></span> <span class='ocrx_word' id='word_1_181' title='bbox 843 1586 1028 1641; x_wconf 79' lang='grc' dir='ltr'><em>Πέρσαις</em></span> <span class='ocrx_word' id='word_1_182' title='bbox 1062 1585 1188 1627; x_wconf 79' lang='grc' dir='ltr'><em>πολύν</em></span> <span class='ocrx_word' id='word_1_183' title='bbox 1206 1603 1304 1637; x_wconf 30' lang='grc' dir='ltr'><em>,τινα</em></span> <span class='ocrx_word' id='word_1_184' title='bbox 1329 1586 1555 1642; x_wconf 54' lang='grc' dir='ltr'><em>κατέτριψε,</em></span> <span class='ocrx_word' id='word_1_185' title='bbox 1568 1582 1730 1641; x_wconf 89' lang='grc' dir='ltr'><em>χρόνον.</em></span> 
     </span>
     <span class='ocr_line' id='line_1_21' title="bbox 262 1650 1786 1710; baseline 0 -17"><span class='ocrx_word' id='word_1_186' title='bbox 262 1650 360 1694; x_wconf 71' lang='grc' dir='ltr'><em>ὅθεν</em></span> <span class='ocrx_word' id='word_1_187' title='bbox 386 1654 453 1694; x_wconf 83' lang='grc' dir='ltr'><em>καὶ</em></span> <span class='ocrx_word' id='word_1_188' title='bbox 481 1653 616 1706; x_wconf 73' lang='grc' dir='ltr'><em>ἐπειδὴ</em></span> <span class='ocrx_word' id='word_1_189' title='bbox 645 1658 718 1694; x_wconf 83' lang='grc' dir='ltr'><em>τοῦ</em></span> <span class='ocrx_word' id='word_1_190' title='bbox 752 1654 879 1695; x_wconf 73' lang='grc' dir='ltr'><em>ἵππου</em></span> <span class='ocrx_word' id='word_1_191' title='bbox 907 1652 1150 1708; x_wconf 86' lang='grc' dir='ltr'><em>κεκμηκότος</em></span> <span class='ocrx_word' id='word_1_192' title='bbox 1176 1652 1254 1708; x_wconf 75' lang='grc' dir='ltr'><em>ἤδη</em></span> <span class='ocrx_word' id='word_1_193' title='bbox 1283 1652 1459 1710; x_wconf 68' lang='grc' dir='ltr'><em>ᾔσθετο,</em></span> <span class='ocrx_word' id='word_1_194' title='bbox 1495 1650 1618 1702; x_wconf 79' lang='grc' dir='ltr'><em>αὐτὸς</em></span> <span class='ocrx_word' id='word_1_195' title='bbox 1656 1652 1786 1706; x_wconf 67' lang='grc' dir='ltr'><em>μένΞΟ</em></span> 
     </span>
     <span class='ocr_line' id='line_1_22' title="bbox 264 1720 1730 1778; baseline -0.001 -16"><span class='ocrx_word' id='word_1_196' title='bbox 264 1720 389 1763; x_wconf 68' lang='grc' dir='ltr'><em>αὐτοῦ</em></span> <span class='ocrx_word' id='word_1_197' title='bbox 417 1737 494 1762; x_wconf 91' lang='grc' dir='ltr'><em>που</em></span> <span class='ocrx_word' id='word_1_198' title='bbox 525 1720 672 1774; x_wconf 57' lang='grc' dir='ltr'><em>Ξζιιεινε,</em></span> <span class='ocrx_word' id='word_1_199' title='bbox 708 1721 778 1763; x_wconf 85' lang='grc' dir='ltr'><em>τὸν</em></span> <span class='ocrx_word' id='word_1_200' title='bbox 806 1723 846 1763; x_wconf 76' lang='grc' dir='ltr'><em>ἓν</em></span> <span class='ocrx_word' id='word_1_201' title='bbox 872 1728 957 1771; x_wconf 80' lang='grc' dir='ltr'><em>τοῖς</em></span> <span class='ocrx_word' id='word_1_202' title='bbox 981 1720 1159 1775; x_wconf 85' lang='grc' dir='ltr'><em>μάλιστα</em></span> <span class='ocrx_word' id='word_1_203' title='bbox 1178 1721 1370 1778; x_wconf 84' lang='grc' dir='ltr'><em>δρομικὸν</em></span> <span class='ocrx_word' id='word_1_204' title='bbox 1388 1720 1484 1764; x_wconf 74' lang='grc' dir='ltr'><em>ὄντα</em></span> <span class='ocrx_word' id='word_1_205' title='bbox 1501 1724 1582 1763; x_wconf 89' lang='grc' dir='ltr'><em>τῶν</em></span> <span class='ocrx_word' id='word_1_206' title='bbox 1593 1721 1730 1762; x_wconf 70' lang='grc' dir='ltr'><em>ἵππων</em></span> 
     </span>
     <span class='ocr_line' id='line_1_23' title="bbox 264 1786 1729 1846; baseline -0.001 -15"><span class='ocrx_word' id='word_1_207' title='bbox 264 1790 375 1846; x_wconf 77' lang='grc' dir='ltr'><em>αὐτῷ</em></span> <span class='ocrx_word' id='word_1_208' title='bbox 394 1792 640 1843; x_wconf 71' lang='grc' dir='ltr'><em>κομισθῆναι</em></span> <span class='ocrx_word' id='word_1_209' title='bbox 659 1791 920 1846; x_wconf 82' lang='grc' dir='ltr'><em>καραδοκῶν,</em></span> <span class='ocrx_word' id='word_1_210' title='bbox 959 1788 1003 1832; x_wconf 80' lang='grc' dir='ltr'><em>ὃν</em></span> <span class='ocrx_word' id='word_1_211' title='bbox 1030 1792 1097 1832; x_wconf 88' lang='grc' dir='ltr'><em>καὶ</em></span> <span class='ocrx_word' id='word_1_212' title='bbox 1119 1791 1310 1845; x_wconf 82' lang='grc' dir='ltr'><em>Ἀγρίμην</em></span> <span class='ocrx_word' id='word_1_213' title='bbox 1337 1790 1383 1832; x_wconf 87' lang='grc' dir='ltr'><em>τὸ</em></span> <span class='ocrx_word' id='word_1_214' title='bbox 1412 1788 1537 1843; x_wconf 87' lang='grc' dir='ltr'><em>τάχος</em></span> <span class='ocrx_word' id='word_1_215' title='bbox 1555 1786 1729 1830; x_wconf 79' lang='grc' dir='ltr'><em>αἰνιττό-</em></span> 
     </span>
     <span class='ocr_line' id='line_1_24' title="bbox 265 1855 1731 1911; baseline 0 -13"><span class='ocrx_word' id='word_1_216' title='bbox 265 1874 376 1911; x_wconf 88' lang='grc' dir='ltr'><em>μενοι</em></span> <span class='ocrx_word' id='word_1_217' title='bbox 402 1855 582 1899; x_wconf 75' lang='grc' dir='ltr'><em>ἔκάλουν.</em></span> <span class='ocrx_word' id='word_1_218' title='bbox 645 1856 856 1911; x_wconf 85' lang='grc' dir='ltr'><em>Ῥωμαίων</em></span> <span class='ocrx_word' id='word_1_219' title='bbox 884 1860 949 1900; x_wconf 84' lang='grc' dir='ltr'><em>καὶ</em></span> <span class='ocrx_word' id='word_1_220' title='bbox 979 1865 1063 1908; x_wconf 79' lang='grc' dir='ltr'><em>τοῖς</em></span> <span class='ocrx_word' id='word_1_221' title='bbox 1087 1857 1174 1900; x_wconf 83' lang='grc' dir='ltr'><em>ὅσοι</em></span> <span class='ocrx_word' id='word_1_222' title='bbox 1202 1857 1368 1900; x_wconf 85' lang='grc' dir='ltr'><em>κατόπιν</em></span> <span class='ocrx_word' id='word_1_223' title='bbox 1395 1858 1521 1900; x_wconf 79' lang='grc' dir='ltr'><em>αὐτοῦ</em></span> <span class='ocrx_word' id='word_1_224' title='bbox 1538 1857 1640 1899; x_wconf 73' lang='grc' dir='ltr'><em>καθ’</em></span> <span class='ocrx_word' id='word_1_225' title='bbox 1661 1857 1731 1898; x_wconf 69' lang='grc' dir='ltr'><em>ἕνα</em></span> 
     </span>
    </p>

    <p class='ocr_par' dir='ltr' id='par_1_7' title="bbox 215 1919 1730 1982">
     <span class='ocr_line' id='line_1_25' title="bbox 215 1919 1730 1982; baseline 0 -16"><span class='ocrx_word' id='word_1_226' title='bbox 215 1933 244 1966; x_wconf 86' lang='grc' dir='ltr'>Β</span> <span class='ocrx_word' id='word_1_227' title='bbox 268 1927 334 1967; x_wconf 86' lang='grc' dir='ltr'><em>καὶ</em></span> <span class='ocrx_word' id='word_1_228' title='bbox 354 1924 561 1982; x_wconf 86' lang='grc' dir='ltr'><em>σποράδην</em></span> <span class='ocrx_word' id='word_1_229' title='bbox 579 1924 703 1976; x_wconf 79' lang='grc' dir='ltr'><em>ἰόντες</em></span> <span class='ocrx_word' id='word_1_230' title='bbox 721 1926 780 1968; x_wconf 84' lang='grc' dir='ltr'><em>ἀεὶ</em></span> <span class='ocrx_word' id='word_1_231' title='bbox 799 1919 1167 1981; x_wconf 53' lang='grc' dir='ltr'><em>ἐπικατελ-άμβανον</em></span> <span class='ocrx_word' id='word_1_232' title='bbox 1176 1958 1189 1977; x_wconf 89' lang='lat'><em>,</em></span> <span class='ocrx_word' id='word_1_233' title='bbox 1207 1927 1357 1969; x_wconf 74' lang='grc' dir='ltr'><em>ἐκέλευε</em></span> <span class='ocrx_word' id='word_1_234' title='bbox 1377 1924 1532 1969; x_wconf 86' lang='grc' dir='ltr'><em>διώκειν</em></span> <span class='ocrx_word' id='word_1_235' title='bbox 1549 1925 1605 1968; x_wconf 64' lang='grc' dir='ltr'><em>ἔτι</em></span> <span class='ocrx_word' id='word_1_236' title='bbox 1622 1928 1730 1979; x_wconf 82' lang='grc' dir='ltr'><em>μᾶλ-</em></span> 
     </span>
    </p>
   </div>
   <div class='ocr_carea' id='block_1_3' title="bbox 359 2019 937 2066">
    <p class='ocr_par' dir='ltr' id='par_1_8' title="bbox 359 2019 937 2066">
     <span class='ocr_line' id='line_1_26' title="bbox 359 2019 937 2066; baseline 0 -11"><span class='ocrx_word' id='word_1_237' title='bbox 359 2021 415 2055; x_wconf 68' lang='lat'><em>23.</em></span> <span class='ocrx_word' id='word_1_238' title='bbox 436 2019 500 2055; x_wconf 82' lang='grc' dir='ltr'><em>καὶ</em></span> <span class='ocrx_word' id='word_1_239' title='bbox 522 2022 620 2066; x_wconf 81' lang='grc' dir='ltr'><em>τοῖς]</em></span> <span class='ocrx_word' id='word_1_240' title='bbox 646 2021 764 2055; x_wconf 85' lang='lat' dir='ltr'>Malim</span> <span class='ocrx_word' id='word_1_241' title='bbox 786 2019 826 2056; x_wconf 78' lang='grc' dir='ltr'><em>δὲ</em></span> <span class='ocrx_word' id='word_1_242' title='bbox 847 2022 937 2062; x_wconf 82' lang='grc' dir='ltr'><em>τοῖς.</em></span> 
     </span>
    </p>
   </div>
   <div class='ocr_carea' id='block_1_4' title="bbox 265 2099 1731 2920">
    <p class='ocr_par' dir='ltr' id='par_1_9' title="bbox 265 2099 1731 2920">
     <span class='ocr_line' id='line_1_27' title="bbox 267 2099 1730 2145; baseline -0.001 -11"><span class='ocrx_word' id='word_1_243' title='bbox 267 2100 398 2134; x_wconf 86' lang='lat' dir='ltr'><strong>Raman</strong></span> <span class='ocrx_word' id='word_1_244' title='bbox 423 2099 599 2143; x_wconf 85' lang='lat' dir='ltr'><strong>quemdam</strong></span> <span class='ocrx_word' id='word_1_245' title='bbox 629 2100 712 2145; x_wconf 85' lang='lat' dir='ltr'><strong>ipsis</strong></span> <span class='ocrx_word' id='word_1_246' title='bbox 741 2111 914 2145; x_wconf 83' lang='lat' dir='ltr'><strong>praeesse,</strong></span> <span class='ocrx_word' id='word_1_247' title='bbox 946 2100 1100 2145; x_wconf 83' lang='lat' dir='ltr'>adeoque</span> <span class='ocrx_word' id='word_1_248' title='bbox 1123 2100 1306 2135; x_wconf 86' lang='lat' dir='ltr'><strong>secundum</strong></span> <span class='ocrx_word' id='word_1_249' title='bbox 1332 2111 1457 2135; x_wconf 87' lang='lat' dir='ltr'><strong>morem</strong></span> <span class='ocrx_word' id='word_1_250' title='bbox 1475 2099 1634 2134; x_wconf 86' lang='lat' dir='ltr'><strong>finitimos</strong></span> <span class='ocrx_word' id='word_1_251' title='bbox 1656 2099 1730 2134; x_wconf 87' lang='lat' dir='ltr'><em>Ro-</em></span> 
     </span>
     <span class='ocr_line' id='line_1_28' title="bbox 268 2145 1728 2192; baseline 0 -13"><span class='ocrx_word' id='word_1_252' title='bbox 268 2155 383 2179; x_wconf 84' lang='lat' dir='ltr'><strong>manos</strong></span> <span class='ocrx_word' id='word_1_253' title='bbox 411 2145 646 2190; x_wconf 85' lang='lat' dir='ltr'><strong>depopulatum</strong></span> <span class='ocrx_word' id='word_1_254' title='bbox 672 2146 816 2179; x_wconf 83' lang='lat' dir='ltr'><strong>venisse.</strong></span> <span class='ocrx_word' id='word_1_255' title='bbox 868 2147 1041 2180; x_wconf 81' lang='lat' dir='ltr'>confestim</span> <span class='ocrx_word' id='word_1_256' title='bbox 1066 2148 1182 2192; x_wconf 87' lang='lat' dir='ltr'><strong>itaque</strong></span> <span class='ocrx_word' id='word_1_257' title='bbox 1206 2147 1370 2181; x_wconf 80' lang='lat' dir='ltr'><strong>delectam</strong></span> <span class='ocrx_word' id='word_1_258' title='bbox 1384 2147 1583 2180; x_wconf 75' lang='lat' dir='ltr'>bellatorum</span> <span class='ocrx_word' id='word_1_259' title='bbox 1599 2151 1728 2190; x_wconf 87' lang='lat' dir='ltr'><strong>partem</strong></span> 
     </span>
     <span class='ocr_line' id='line_1_29' title="bbox 267 2190 1729 2238; baseline 0 -14"><span class='ocrx_word' id='word_1_260' title='bbox 267 2191 313 2225; x_wconf 83' lang='lat' dir='ltr'><strong>ad</strong></span> <span class='ocrx_word' id='word_1_261' title='bbox 342 2201 401 2224; x_wconf 87' lang='lat' dir='ltr'><em>eos</em></span> <span class='ocrx_word' id='word_1_262' title='bbox 430 2190 642 2224; x_wconf 82' lang='lat' dir='ltr'><strong>insectandos</strong></span> <span class='ocrx_word' id='word_1_263' title='bbox 671 2192 840 2235; x_wconf 82' lang='lat' dir='ltr'><strong>proficisci</strong></span> <span class='ocrx_word' id='word_1_264' title='bbox 868 2192 985 2226; x_wconf 86' lang='lat' dir='ltr'><strong>iubet:</strong></span> <span class='ocrx_word' id='word_1_265' title='bbox 1014 2192 1089 2238; x_wconf 84' lang='lat' dir='ltr'><strong>ipse</strong></span> <span class='ocrx_word' id='word_1_266' title='bbox 1113 2205 1196 2227; x_wconf 82' lang='lat' dir='ltr'><strong>vero</strong></span> <span class='ocrx_word' id='word_1_267' title='bbox 1215 2204 1289 2226; x_wconf 89' lang='lat' dir='ltr'><strong>cum</strong></span> <span class='ocrx_word' id='word_1_268' title='bbox 1304 2192 1420 2238; x_wconf 80' lang='lat' dir='ltr'><strong>paucis</strong></span> <span class='ocrx_word' id='word_1_269' title='bbox 1434 2193 1540 2226; x_wconf 83' lang='lat' dir='ltr'><strong>locum</strong></span> <span class='ocrx_word' id='word_1_270' title='bbox 1556 2191 1729 2225; x_wconf 84' lang='lat' dir='ltr'><strong>editiorem</strong></span> 
     </span>
     <span class='ocr_line' id='line_1_30' title="bbox 270 2235 1731 2282; baseline 0.001 -12"><span class='ocrx_word' id='word_1_271' title='bbox 270 2235 485 2277; x_wconf 82' lang='lat' dir='ltr'><strong>conscendit,</strong></span> <span class='ocrx_word' id='word_1_272' title='bbox 515 2247 604 2280; x_wconf 91' lang='lat' dir='ltr'><strong>quae</strong></span> <span class='ocrx_word' id='word_1_273' title='bbox 633 2240 816 2279; x_wconf 68' lang='lat' dir='ltr'><strong>agerentur</strong></span> <span class='ocrx_word' id='word_1_274' title='bbox 845 2238 1092 2282; x_wconf 80' lang='lat' dir='ltr'><strong>exploraturus.</strong></span> <span class='ocrx_word' id='word_1_275' title='bbox 1138 2243 1255 2272; x_wconf 84' lang='lat' dir='ltr'><strong>contra</strong></span> <span class='ocrx_word' id='word_1_276' title='bbox 1278 2238 1406 2272; x_wconf 80' lang='lat' dir='ltr'><strong>Persae</strong></span> <span class='ocrx_word' id='word_1_277' title='bbox 1423 2236 1572 2271; x_wconf 77' lang='lat' dir='ltr'><strong>collectis</strong></span> <span class='ocrx_word' id='word_1_278' title='bbox 1587 2237 1731 2271; x_wconf 76' lang='lat' dir='ltr'><strong>sarcinis</strong></span> 
     </span>
     <span class='ocr_line' id='line_1_31' title="bbox 267 2281 1729 2328; baseline 0 -13"><span class='ocrx_word' id='word_1_279' title='bbox 267 2281 412 2315; x_wconf 87' lang='lat' dir='ltr'><strong>reditum</strong></span> <span class='ocrx_word' id='word_1_280' title='bbox 437 2283 611 2326; x_wconf 85' lang='lat' dir='ltr'><strong>parabant.</strong></span> <span class='ocrx_word' id='word_1_281' title='bbox 659 2282 717 2315; x_wconf 89' lang='lat' dir='ltr'><em>sed</em></span> <span class='ocrx_word' id='word_1_282' title='bbox 734 2286 771 2315; x_wconf 92' lang='lat' dir='ltr'><strong>ut</strong></span> <span class='ocrx_word' id='word_1_283' title='bbox 786 2293 823 2316; x_wconf 90' lang='lat' dir='ltr'><em>se</em></span> <span class='ocrx_word' id='word_1_284' title='bbox 839 2294 859 2315; x_wconf 93' lang='lat' dir='ltr'><strong>a</strong></span> <span class='ocrx_word' id='word_1_285' title='bbox 875 2284 1035 2317; x_wconf 86' lang='lat' dir='ltr'><strong>Romanis</strong></span> <span class='ocrx_word' id='word_1_286' title='bbox 1048 2284 1177 2318; x_wconf 85' lang='lat' dir='ltr'><strong>iamiam</strong></span> <span class='ocrx_word' id='word_1_287' title='bbox 1193 2282 1446 2328; x_wconf 86' lang='lat' dir='ltr'><em>comprehendi,</em></span> <span class='ocrx_word' id='word_1_288' title='bbox 1474 2282 1617 2327; x_wconf 78' lang='lat' dir='ltr'><strong>illosque</strong></span> <span class='ocrx_word' id='word_1_289' title='bbox 1639 2282 1729 2316; x_wconf 81' lang='lat' dir='ltr'><strong>effu·—</strong></span> 
     </span>
     <span class='ocr_line' id='line_1_32' title="bbox 268 2327 1730 2372; baseline 0.001 -12"><span class='ocrx_word' id='word_1_290' title='bbox 268 2328 358 2360; x_wconf 89' lang='lat' dir='ltr'><strong>siore</strong></span> <span class='ocrx_word' id='word_1_291' title='bbox 378 2327 503 2372; x_wconf 89' lang='lat' dir='ltr'><strong>impetu</strong></span> <span class='ocrx_word' id='word_1_292' title='bbox 531 2337 739 2371; x_wconf 80' lang='lat' dir='ltr'><strong>conspexere</strong></span> <span class='ocrx_word' id='word_1_293' title='bbox 764 2327 798 2360; x_wconf 91' lang='lat' dir='ltr'><em>in</em></span> <span class='ocrx_word' id='word_1_294' title='bbox 820 2340 859 2361; x_wconf 84' lang='lat' dir='ltr'><em>se</em></span> <span class='ocrx_word' id='word_1_295' title='bbox 878 2329 983 2371; x_wconf 84' lang='lat' dir='ltr'><strong>ferri,</strong></span> <span class='ocrx_word' id='word_1_296' title='bbox 1013 2331 1160 2364; x_wconf 80' lang='lat' dir='ltr'><strong>obversa</strong></span> <span class='ocrx_word' id='word_1_297' title='bbox 1174 2330 1288 2363; x_wconf 83' lang='lat' dir='ltr'><strong>fronte</strong></span> <span class='ocrx_word' id='word_1_298' title='bbox 1302 2328 1470 2362; x_wconf 82' lang='lat' dir='ltr'><strong>restitere.</strong></span> <span class='ocrx_word' id='word_1_299' title='bbox 1518 2333 1554 2362; x_wconf 82' lang='lat' dir='ltr'><strong>at</strong></span> <span class='ocrx_word' id='word_1_300' title='bbox 1570 2327 1730 2362; x_wconf 78' lang='lat' dir='ltr'><strong>Romanis</strong></span> 
     </span>
     <span class='ocr_line' id='line_1_33' title="bbox 266 2372 1729 2419; baseline 0.001 -13"><span class='ocrx_word' id='word_1_301' title='bbox 266 2372 486 2414; x_wconf 76' lang='lat' dir='ltr'><strong>instantibus,</strong></span> <span class='ocrx_word' id='word_1_302' title='bbox 520 2372 640 2416; x_wconf 80' lang='lat' dir='ltr'><strong>pedem</strong></span> <span class='ocrx_word' id='word_1_303' title='bbox 670 2384 799 2406; x_wconf 81' lang='lat' dir='ltr'><strong>rursum</strong></span> <span class='ocrx_word' id='word_1_304' title='bbox 831 2374 1006 2416; x_wconf 89' lang='lat' dir='ltr'><strong>referunt,</strong></span> <span class='ocrx_word' id='word_1_305' title='bbox 1036 2387 1102 2419; x_wconf 89' lang='lat' dir='ltr'><em>quo</em></span> <span class='ocrx_word' id='word_1_306' title='bbox 1132 2375 1267 2419; x_wconf 88' lang='lat' dir='ltr'><strong>saepius</strong></span> <span class='ocrx_word' id='word_1_307' title='bbox 1291 2373 1453 2408; x_wconf 82' lang='lat' dir='ltr'><strong>eiusmodi</strong></span> <span class='ocrx_word' id='word_1_308' title='bbox 1478 2374 1625 2419; x_wconf 83' lang='lat' dir='ltr'><strong>repetito</strong></span> <span class='ocrx_word' id='word_1_309' title='bbox 1651 2373 1729 2407; x_wconf 82' lang='lat' dir='ltr'><strong>dolo</strong></span> 
     </span>
     <span class='ocr_line' id='line_1_34' title="bbox 266 2418 1729 2464; baseline 0.002 -13"><span class='ocrx_word' id='word_1_310' title='bbox 266 2418 401 2462; x_wconf 75' lang='lat' dir='ltr'><strong>fatigati</strong></span> <span class='ocrx_word' id='word_1_311' title='bbox 434 2418 622 2462; x_wconf 85' lang='lat' dir='ltr'><strong>complures</strong></span> <span class='ocrx_word' id='word_1_312' title='bbox 650 2430 670 2451; x_wconf 90' lang='lat' dir='ltr'><em>e</em></span> <span class='ocrx_word' id='word_1_313' title='bbox 701 2418 863 2453; x_wconf 87' lang='lat' dir='ltr'><strong>Romanis</strong></span> <span class='ocrx_word' id='word_1_314' title='bbox 892 2419 1101 2463; x_wconf 71' lang='lat' dir='ltr'><strong>despondere</strong></span> <span class='ocrx_word' id='word_1_315' title='bbox 1126 2421 1268 2455; x_wconf 88' lang='lat' dir='ltr'><strong>animum</strong></span> <span class='ocrx_word' id='word_1_316' title='bbox 1292 2419 1501 2464; x_wconf 83' lang='lat' dir='ltr'><em>reditumque</em></span> <span class='ocrx_word' id='word_1_317' title='bbox 1524 2420 1729 2463; x_wconf 73' lang='lat' dir='ltr'><strong>cogitarunt·-</strong></span> 
     </span>
     <span class='ocr_line' id='line_1_35' title="bbox 267 2463 1727 2509; baseline 0.001 -12"><span class='ocrx_word' id='word_1_318' title='bbox 267 2464 356 2508; x_wconf 89' lang='lat' dir='ltr'><strong>quod</strong></span> <span class='ocrx_word' id='word_1_319' title='bbox 373 2463 429 2497; x_wconf 90' lang='lat' dir='ltr'><em>ubi</em></span> <span class='ocrx_word' id='word_1_320' title='bbox 443 2464 627 2509; x_wconf 86' lang='lat' dir='ltr'><strong>imperator</strong></span> <span class='ocrx_word' id='word_1_321' title='bbox 643 2464 880 2498; x_wconf 83' lang='lat' dir='ltr'><strong>animadvertit</strong></span> <span class='ocrx_word' id='word_1_322' title='bbox 911 2466 980 2509; x_wconf 83' lang='lat' dir='ltr'><em>(ex</em></span> <span class='ocrx_word' id='word_1_323' title='bbox 994 2466 1062 2499; x_wconf 88' lang='lat' dir='ltr'><strong>alto</strong></span> <span class='ocrx_word' id='word_1_324' title='bbox 1081 2466 1164 2500; x_wconf 89' lang='lat' dir='ltr'><strong>enim</strong></span> <span class='ocrx_word' id='word_1_325' title='bbox 1178 2493 1188 2509; x_wconf 89' lang='lat'>‚</span> <span class='ocrx_word' id='word_1_326' title='bbox 1215 2470 1254 2499; x_wconf 85' lang='lat' dir='ltr'><strong>ut</strong></span> <span class='ocrx_word' id='word_1_327' title='bbox 1268 2465 1387 2509; x_wconf 85' lang='lat' dir='ltr'><strong>retuli,</strong></span> <span class='ocrx_word' id='word_1_328' title='bbox 1412 2470 1569 2498; x_wconf 85' lang='lat' dir='ltr'><strong>eventum</strong></span> <span class='ocrx_word' id='word_1_329' title='bbox 1583 2465 1632 2498; x_wconf 83' lang='lat' dir='ltr'><em>rei</em></span> <span class='ocrx_word' id='word_1_330' title='bbox 1647 2475 1727 2509; x_wconf 56' lang='lat' dir='ltr'><strong>spe*</strong></span> 
     </span>
     <span class='ocr_line' id='line_1_36' title="bbox 266 2509 1726 2556; baseline 0.001 -14"><span class='ocrx_word' id='word_1_331' title='bbox 266 2509 486 2553; x_wconf 84' lang='lat' dir='ltr'><strong>culabatur),</strong></span> <span class='ocrx_word' id='word_1_332' title='bbox 519 2509 621 2543; x_wconf 87' lang='lat' dir='ltr'><strong>citato</strong></span> <span class='ocrx_word' id='word_1_333' title='bbox 652 2514 813 2553; x_wconf 83' lang='lat' dir='ltr'><strong>quantum</strong></span> <span class='ocrx_word' id='word_1_334' title='bbox 842 2513 978 2554; x_wconf 83' lang='lat' dir='ltr'><strong>poterat</strong></span> <span class='ocrx_word' id='word_1_335' title='bbox 1008 2522 1104 2544; x_wconf 88' lang='lat' dir='ltr'><strong>cursu</strong></span> <span class='ocrx_word' id='word_1_336' title='bbox 1131 2513 1259 2556; x_wconf 86' lang='lat' dir='ltr'><strong>absque</strong></span> <span class='ocrx_word' id='word_1_337' title='bbox 1272 2510 1375 2544; x_wconf 86' lang='lat' dir='ltr'><strong>lorica</strong></span> <span class='ocrx_word' id='word_1_338' title='bbox 1390 2510 1433 2544; x_wconf 78' lang='lat' dir='ltr'><strong>ad</strong></span> <span class='ocrx_word' id='word_1_339' title='bbox 1448 2510 1524 2544; x_wconf 88' lang='lat' dir='ltr'><strong>illos</strong></span> <span class='ocrx_word' id='word_1_340' title='bbox 1539 2510 1726 2544; x_wconf 78' lang='lat' dir='ltr'><strong>contendit.</strong></span> 
     </span>
     <span class='ocr_line' id='line_1_37' title="bbox 265 2554 1727 2600; baseline 0.001 -12"><span class='ocrx_word' id='word_1_341' title='bbox 265 2555 325 2588; x_wconf 82' lang='lat' dir='ltr'><em>sed</em></span> <span class='ocrx_word' id='word_1_342' title='bbox 342 2555 399 2588; x_wconf 91' lang='lat' dir='ltr'><em>ubi</em></span> <span class='ocrx_word' id='word_1_343' title='bbox 414 2555 540 2588; x_wconf 83' lang='lat' dir='ltr'><strong>Persae</strong></span> <span class='ocrx_word' id='word_1_344' title='bbox 557 2554 712 2600; x_wconf 86' lang='lat' dir='ltr'><strong>plurimos</strong></span> <span class='ocrx_word' id='word_1_345' title='bbox 724 2556 948 2589; x_wconf 80' lang='lat' dir='ltr'><strong>Rornanorum</strong></span> <span class='ocrx_word' id='word_1_346' title='bbox 963 2556 1172 2591; x_wconf 81' lang='lat' dir='ltr'><strong>insecutione</strong></span> <span class='ocrx_word' id='word_1_347' title='bbox 1186 2557 1251 2590; x_wconf 88' lang='lat' dir='ltr'><em>iam</em></span> <span class='ocrx_word' id='word_1_348' title='bbox 1267 2556 1373 2590; x_wconf 86' lang='lat' dir='ltr'><strong>animo</strong></span> <span class='ocrx_word' id='word_1_349' title='bbox 1390 2555 1587 2590; x_wconf 83' lang='lat' dir='ltr'><strong>deficientes</strong></span> <span class='ocrx_word' id='word_1_350' title='bbox 1602 2560 1638 2589; x_wconf 89' lang='lat' dir='ltr'><em>et</em></span> <span class='ocrx_word' id='word_1_351' title='bbox 1653 2567 1674 2588; x_wconf 87' lang='lat' dir='ltr'><strong>a</strong></span> <span class='ocrx_word' id='word_1_352' title='bbox 1689 2566 1727 2590; x_wconf 81' lang='lat' dir='ltr'><em>se</em></span> 
     </span>
     <span class='ocr_line' id='line_1_38' title="bbox 265 2600 1726 2648; baseline 0.001 -15"><span class='ocrx_word' id='word_1_353' title='bbox 265 2600 406 2634; x_wconf 88' lang='lat' dir='ltr'><strong>invicem</strong></span> <span class='ocrx_word' id='word_1_354' title='bbox 424 2600 550 2634; x_wconf 89' lang='lat' dir='ltr'><strong>divisos</strong></span> <span class='ocrx_word' id='word_1_355' title='bbox 567 2605 834 2646; x_wconf 87' lang='lat' dir='ltr'><strong>conspexerunt,</strong></span> <span class='ocrx_word' id='word_1_356' title='bbox 865 2601 1011 2646; x_wconf 87' lang='lat' dir='ltr'><strong>reliquos</strong></span> <span class='ocrx_word' id='word_1_357' title='bbox 1027 2602 1149 2646; x_wconf 82' lang='lat' dir='ltr'><strong>exiguo</strong></span> <span class='ocrx_word' id='word_1_358' title='bbox 1165 2601 1342 2636; x_wconf 81' lang='lat' dir='ltr'><strong>admodum</strong></span> <span class='ocrx_word' id='word_1_359' title='bbox 1357 2612 1493 2635; x_wconf 90' lang='lat' dir='ltr'><strong>numero</strong></span> <span class='ocrx_word' id='word_1_360' title='bbox 1509 2602 1574 2635; x_wconf 80' lang='lat' dir='ltr'><strong>rati</strong></span> <span class='ocrx_word' id='word_1_361' title='bbox 1585 2628 1595 2648; x_wconf 73' lang='lat'>,</span> <span class='ocrx_word' id='word_1_362' title='bbox 1617 2602 1726 2635; x_wconf 69' lang='lat' dir='ltr'><strong>*undi-</strong></span> 
     </span>
     <span class='ocr_line' id='line_1_39' title="bbox 265 2645 1725 2692; baseline 0.001 -14"><span class='ocrx_word' id='word_1_363' title='bbox 265 2657 332 2690; x_wconf 91' lang='lat' dir='ltr'><em>que</em></span> <span class='ocrx_word' id='word_1_364' title='bbox 364 2645 644 2690; x_wconf 87' lang='lat' dir='ltr'><strong>circumveniunt,</strong></span> <span class='ocrx_word' id='word_1_365' title='bbox 675 2646 807 2691; x_wconf 89' lang='lat' dir='ltr'><strong>iamque</strong></span> <span class='ocrx_word' id='word_1_366' title='bbox 834 2647 921 2680; x_wconf 87' lang='lat' dir='ltr'><strong>haud</strong></span> <span class='ocrx_word' id='word_1_367' title='bbox 950 2647 1085 2680; x_wconf 90' lang='lat' dir='ltr'><strong>multum</strong></span> <span class='ocrx_word' id='word_1_368' title='bbox 1108 2649 1227 2682; x_wconf 82' lang='lat' dir='ltr'><strong>aberat</strong></span> <span class='ocrx_word' id='word_1_369' title='bbox 1241 2647 1320 2692; x_wconf 92' lang='lat' dir='ltr'><strong>quin</strong></span> <span class='ocrx_word' id='word_1_370' title='bbox 1336 2657 1396 2680; x_wconf 86' lang='lat' dir='ltr'><em>eos</em></span> <span class='ocrx_word' id='word_1_371' title='bbox 1411 2647 1564 2681; x_wconf 85' lang='lat' dir='ltr'><strong>dolerent</strong></span> <span class='ocrx_word' id='word_1_372' title='bbox 1579 2647 1725 2690; x_wconf 85' lang='lat' dir='ltr'><strong>omnino,</strong></span> 
     </span>
     <span class='ocr_line' id='line_1_40' title="bbox 266 2691 1725 2739; baseline 0.001 -14"><span class='ocrx_word' id='word_1_373' title='bbox 266 2691 329 2725; x_wconf 85' lang='lat' dir='ltr'><strong>uisi</strong></span> <span class='ocrx_word' id='word_1_374' title='bbox 357 2691 529 2736; x_wconf 84' lang='lat' dir='ltr'><strong>inopinate</strong></span> <span class='ocrx_word' id='word_1_375' title='bbox 555 2692 798 2736; x_wconf 84' lang='lat' dir='ltr'><strong>superveniens</strong></span> <span class='ocrx_word' id='word_1_376' title='bbox 823 2691 972 2737; x_wconf 86' lang='lat' dir='ltr'><strong>periculo</strong></span> <span class='ocrx_word' id='word_1_377' title='bbox 997 2693 1175 2727; x_wconf 86' lang='lat' dir='ltr'><strong>exemisset</strong></span> <span class='ocrx_word' id='word_1_378' title='bbox 1198 2693 1362 2739; x_wconf 88' lang='lat' dir='ltr'><strong>princeps.</strong></span> <span class='ocrx_word' id='word_1_379' title='bbox 1408 2697 1478 2726; x_wconf 87' lang='lat' dir='ltr'><em>tum</em></span> <span class='ocrx_word' id='word_1_380' title='bbox 1492 2704 1576 2726; x_wconf 83' lang='lat' dir='ltr'><strong>vero</strong></span> <span class='ocrx_word' id='word_1_381' title='bbox 1591 2693 1725 2736; x_wconf 70' lang='lat' dir='ltr'><strong>fugien-</strong></span> 
     </span>
     <span class='ocr_line' id='line_1_41' title="bbox 267 2736 1726 2783; baseline 0.001 -13"><span class='ocrx_word' id='word_1_382' title='bbox 267 2736 349 2770; x_wconf 87' lang='lat' dir='ltr'><strong>tium</strong></span> <span class='ocrx_word' id='word_1_383' title='bbox 379 2737 555 2771; x_wconf 77' lang='lat' dir='ltr'><strong>Persarum</strong></span> <span class='ocrx_word' id='word_1_384' title='bbox 585 2737 794 2771; x_wconf 87' lang='lat' dir='ltr'><strong>insecutione</strong></span> <span class='ocrx_word' id='word_1_385' title='bbox 824 2737 997 2783; x_wconf 88' lang='lat' dir='ltr'><strong>plurimum</strong></span> <span class='ocrx_word' id='word_1_386' title='bbox 1029 2739 1187 2783; x_wconf 85' lang='lat' dir='ltr'><strong>temporis</strong></span> <span class='ocrx_word' id='word_1_387' title='bbox 1216 2737 1420 2782; x_wconf 79' lang='lat' dir='ltr'><strong>absumpsit:</strong></span> <span class='ocrx_word' id='word_1_388' title='bbox 1453 2738 1542 2772; x_wconf 90' lang='lat' dir='ltr'><strong>unde</strong></span> <span class='ocrx_word' id='word_1_389' title='bbox 1565 2749 1637 2772; x_wconf 87' lang='lat' dir='ltr'><strong>cum</strong></span> <span class='ocrx_word' id='word_1_390' title='bbox 1659 2738 1726 2773; x_wconf 75' lang='lat' dir='ltr'><em>iam</em></span> 
     </span>
     <span class='ocr_line' id='line_1_42' title="bbox 269 2782 1728 2830; baseline 0.002 -15"><span class='ocrx_word' id='word_1_391' title='bbox 269 2793 390 2827; x_wconf 82' lang='lat' dir='ltr'><strong>equum</strong></span> <span class='ocrx_word' id='word_1_392' title='bbox 418 2782 564 2816; x_wconf 83' lang='lat' dir='ltr'><strong>deficere</strong></span> <span class='ocrx_word' id='word_1_393' title='bbox 595 2783 851 2826; x_wconf 84' lang='lat' dir='ltr'><strong>animadvertit,</strong></span> <span class='ocrx_word' id='word_1_394' title='bbox 882 2783 1036 2818; x_wconf 80' lang='lat' dir='ltr'><strong>substitit</strong></span> <span class='ocrx_word' id='word_1_395' title='bbox 1058 2784 1225 2830; x_wconf 76' lang='lat' dir='ltr'><strong>paululum</strong></span> <span class='ocrx_word' id='word_1_396' title='bbox 1248 2783 1355 2817; x_wconf 87' lang='lat' dir='ltr'><strong>donec</strong></span> <span class='ocrx_word' id='word_1_397' title='bbox 1370 2783 1452 2817; x_wconf 79' lang='lat' dir='ltr'><strong>alius</strong></span> <span class='ocrx_word' id='word_1_398' title='bbox 1469 2796 1488 2818; x_wconf 88' lang='lat' dir='ltr'><em>e</em></span> <span class='ocrx_word' id='word_1_399' title='bbox 1502 2783 1728 2818; x_wconf 69' lang='lat' dir='ltr'><strong>velocioribus</strong></span> 
     </span>
     <span class='ocr_line' id='line_1_43' title="bbox 272 2827 1727 2874; baseline 0.001 -13"><span class='ocrx_word' id='word_1_400' title='bbox 272 2827 514 2870; x_wconf 82' lang='lat' dir='ltr'><strong>adduceretur,</strong></span> <span class='ocrx_word' id='word_1_401' title='bbox 546 2839 644 2873; x_wconf 89' lang='lat' dir='ltr'><strong>quem</strong></span> <span class='ocrx_word' id='word_1_402' title='bbox 676 2829 883 2863; x_wconf 82' lang='lat' dir='ltr'><strong>celeritatem</strong></span> <span class='ocrx_word' id='word_1_403' title='bbox 906 2829 1083 2863; x_wconf 88' lang='lat' dir='ltr'><strong>innuentes</strong></span> <span class='ocrx_word' id='word_1_404' title='bbox 1108 2829 1264 2873; x_wconf 81' lang='lat' dir='ltr'><strong>Agrimen</strong></span> <span class='ocrx_word' id='word_1_405' title='bbox 1287 2830 1464 2863; x_wconf 82' lang='lat' dir='ltr'><strong>vocabant.</strong></span> <span class='ocrx_word' id='word_1_406' title='bbox 1508 2829 1727 2874; x_wconf 73' lang='lat' dir='ltr'><strong>sequentibus</strong></span> 
     </span>
     <span class='ocr_line' id='line_1_44' title="bbox 273 2874 1726 2920; baseline 0.001 -12"><span class='ocrx_word' id='word_1_407' title='bbox 273 2878 383 2909; x_wconf 82' lang='lat' dir='ltr'><strong>autem</strong></span> <span class='ocrx_word' id='word_1_408' title='bbox 398 2885 489 2919; x_wconf 78' lang='lat' dir='ltr'><strong>pone</strong></span> <span class='ocrx_word' id='word_1_409' title='bbox 500 2874 678 2919; x_wconf 79' lang='lat' dir='ltr'><strong>singilatim</strong></span> <span class='ocrx_word' id='word_1_410' title='bbox 693 2879 729 2909; x_wconf 86' lang='lat' dir='ltr'><em>et</em></span> <span class='ocrx_word' id='word_1_411' title='bbox 743 2875 884 2920; x_wconf 77' lang='lat' dir='ltr'><strong>sparsim</strong></span> <span class='ocrx_word' id='word_1_412' title='bbox 899 2875 1058 2910; x_wconf 86' lang='lat' dir='ltr'><strong>Romanis</strong></span> <span class='ocrx_word' id='word_1_413' title='bbox 1074 2875 1216 2920; x_wconf 85' lang='lat' dir='ltr'><strong>imperat</strong></span> <span class='ocrx_word' id='word_1_414' title='bbox 1232 2879 1271 2908; x_wconf 92' lang='lat' dir='ltr'><strong>ut</strong></span> <span class='ocrx_word' id='word_1_415' title='bbox 1284 2875 1451 2908; x_wconf 84' lang='lat' dir='ltr'><strong>instarent</strong></span> <span class='ocrx_word' id='word_1_416' title='bbox 1465 2875 1592 2918; x_wconf 85' lang='lat' dir='ltr'><strong>acrius,</strong></span> <span class='ocrx_word' id='word_1_417' title='bbox 1617 2885 1726 2920; x_wconf 81' lang='lat' dir='ltr'><strong>nequo</strong></span> 
     </span>
    </p>
   </div>
  </div>
 </body>
</html>
