1878 3262
238 204 336 250 332
432 243 436 247 ,
681 198 886 245 CAROLI
919 199 999 244 DU
1033 199 1246 244 FRESNE

238 312 379 366 procul
408 324 430 348 a
449 309 636 349 Bohemia
663 308 813 359 dissiti,
855 308 972 347 Ponti
988 308 1136 348 Euxini
1158 309 1271 348 littus
1291 310 1536 351 insederunt.
1593 315 1700 349 cete-

239 383 330 408 rum
348 367 568 407 vladislaus
586 365 794 405 Bohemiae
818 378 892 404 rex
920 366 1022 404 inter
1043 365 1238 417 principes
1251 394 1263 415 ‚
1301 368 1369 417 qui
1389 381 1521 406 sacrae
1540 367 1700 406 militiae

237 437 384 463 nomen
401 423 621 472 dederunt,
650 423 823 461 refertur
844 422 892 460 ab
908 421 1066 460 Othone
1081 422 1243 474 Frising.
1261 422 1287 463 l.
1310 427 1331 464 1
1353 423 1402 461 de
1418 426 1524 464 Gest.
1544 424 1697 463 Frider.

240 495 274 523 c.
294 479 350 522 40
372 480 440 531 qui
460 479 633 518 Labeslai
654 493 798 518 nomen
819 479 913 518 huic
933 479 1013 530 regi
1034 479 1197 530 tribuit,
1240 484 1288 517 ut
1306 485 1347 518 et
1364 479 1390 521 l.
1411 485 1439 524 2
1457 493 1491 520 e.
1511 485 1586 532 27,
1617 482 1698 519 Ra-

240 537 401 575 denicus
424 537 448 575 1.
470 540 495 579 3
513 550 546 575 c.
564 540 614 579 13
635 542 675 575 et
687 537 834 575 Aeneas
848 536 992 575 Silvius
1009 535 1050 573 in
1070 535 1170 577 Hist.
1186 534 1347 575 Bohem.
1366 549 1398 574 c.
1410 536 1478 579 24.
1507 538 1561 576 sic
1579 539 1697 577 etiam

238 593 470 633 Guntherus
490 593 550 635 l.6
566 593 716 644 Ligur.:
1481 627 1483 631 ,

401 649 478 688 Ιιοο
497 664 655 702 quoque
674 655 867 687 conventu
882 661 1100 700 procerum
1122 646 1207 685 dux
1227 648 1297 685 ille
1314 648 1533 700 Bohemus,

394 706 520 757 fama
541 706 789 745 Labeslaum
809 719 923 756 quem
942 706 1146 756 nominat,
1175 704 1222 743 ob
1242 719 1322 743 sua
1335 713 1454 758 gesta

391 762 588 815 fortiter,
618 771 654 800 et
672 763 771 801 hello
792 776 922 812 nuper
941 768 1124 813 spectata
1140 762 1321 813 Polono,

405 833 450 857 ex
469 818 568 858 duce
586 834 654 858 rex
661 821 762 872 fieri
779 820 950 868 meruit,
975 821 1181 870 gessitque
1195 819 1353 869 potenti

400 884 556 927 sceptra
575 890 722 927 manu,
752 877 955 926 cinxitque
971 889 1072 914 novo
1092 873 1323 913 diademate
1339 877 1482 924 crines,

233 931 420 972 vladislai
445 933 622 971 meminit
647 946 807 972 rursum
835 932 938 969 infra
959 932 1173 969 Cinnamus
1192 945 1231 983 p.
1252 934 1334 974 223
1353 937 1393 970 et
1410 934 1504 974 226.

345 1002 385 1041 Ρ.
413 987 468 1030 84
498 1002 538 1030 v.
569 992 633 1031 12.
694 987 860 1040 Λέχων]
899 988 1098 1026 Boleslaus
1123 988 1176 1028 IV
1202 1001 1275 1028 rex
1300 988 1562 1037 Polonorum,
1602 1000 1701 1038 quos

233 1044 388 1083 Leclzos
405 1046 621 1083 etiamnum
643 1046 778 1085 vocari
798 1050 937 1083 auctor
958 1050 1016 1082 est
1035 1044 1305 1095 Sigismundus
1322 1042 1640 1083 Herbersteinius
1658 1044 1701 1081 in

234 1103 453 1141 Comment.
474 1103 565 1140 Rer.
586 1102 793 1140 Moscovit.
824 1114 845 1138 a
874 1100 1003 1139 Lecho
1031 1101 1160 1152 primo
1186 1101 1314 1153 gentis
1342 1107 1528 1150 auctore,
1569 1099 1703 1138 Zechii

234 1157 442 1196 Bohemiae
463 1157 650 1209 principis
670 1159 807 1196 fratre.

350 1227 391 1255 v.
422 1218 485 1256 16.
541 1212 716 1266 πούτζη]
747 1213 895 1252 Tollius
917 1211 1039 1265 pedes
1055 1213 1279 1251 Alemanne
1295 1213 1599 1266 interpretatur,
1627 1213 1651 1250 i.
1667 1223 1700 1250 e.

239 1270 405 1309 Gallice:
442 1271 470 1307 ἀ
492 1270 595 1321 pied
611 1271 805 1320 Aleman,
843 1270 933 1320 quia
954 1270 1112 1308 Graecis
1138 1270 1241 1308 forte
1270 1273 1394 1320 ποῦς,
1427 1284 1501 1321 pes
1524 1275 1602 1307 est:
1631 1268 1702 1306 sed

238 1341 330 1366 cum
352 1327 592 1366 vocabulum
619 1327 730 1365 istud
758 1323 933 1378 πούτζη,
967 1326 1155 1364 Gallicam
1173 1325 1302 1377 sapiat
1323 1325 1702 1378 pronuntiationem,

236 1383 482 1436 probabilius
512 1390 571 1423 est
596 1396 642 1422 eo
672 1383 904 1435 expressisse
933 1389 1115 1421 nostrum
1141 1397 1313 1434 pousse,
1350 1382 1429 1420 hoc
1452 1388 1534 1431 est,
1578 1383 1704 1430 insta,

237 1454 354 1478 curre
361 1469 374 1489 ‚
408 1454 586 1492 propera
602 1442 850 1481 Alemanne:
880 1439 989 1491 quod
1008 1452 1098 1478 cum
1115 1439 1341 1488 Alemanni,
1371 1440 1439 1489 qui
1457 1438 1608 1489 pedites
1625 1451 1703 1489 pu-

235 1510 355 1548 gnare
385 1498 532 1547 solent,
584 1504 725 1535 contra
754 1511 870 1547 quam
900 1496 1064 1543 Franci,
1103 1509 1274 1546 quorum
1304 1495 1429 1534 robur
1455 1495 1498 1532 in
1525 1495 1703 1545 equitatu

234 1565 389 1604 semper
405 1554 497 1601 fuit,
524 1553 633 1603 quod
654 1554 769 1591 etiam
790 1553 928 1590 scribit
946 1552 1061 1591 Anna
1081 1552 1106 1589 l.
1125 1552 1151 1592 5
1170 1566 1210 1603 p.
1234 1551 1329 1600 140,
1360 1553 1423 1590 vel
1444 1551 1576 1602 potius
1593 1550 1702 1601 quod

231 1621 371 1648 eorum
402 1609 493 1659 equi
527 1609 650 1649 variis
685 1609 729 1647 in
761 1608 1009 1647 conflictibus
1039 1608 1087 1645 ab
1114 1607 1296 1646 hostibus
1323 1608 1399 1645 iam
1425 1607 1526 1645 caesi
1558 1613 1702 1656 essent,

231 1666 361 1704 facere
377 1665 489 1704 haud
509 1672 716 1717 poterant,
745 1666 889 1703 Franci
905 1664 1142 1703 Alemannos
1160 1664 1380 1703 irridebant
1397 1670 1437 1702 et
1453 1663 1701 1714 sugillabant,

230 1728 420 1772 tanquam
444 1735 576 1773 segnes
606 1728 647 1760 et
669 1723 846 1773 ignavoS.
905 1722 1063 1760 amissos
1093 1734 1186 1759 sane
1212 1721 1378 1771 passim,
1417 1726 1458 1758 et
1487 1721 1704 1758 exstinctos

229 1779 273 1817 in
301 1779 418 1830 longa
445 1779 522 1817 ista
551 1785 588 1816 et
614 1779 816 1817 fastidiosa
835 1778 1150 1830 peregrinatione
1168 1777 1376 1829 plerosque
1395 1777 1703 1816 Alemannorum

230 1848 352 1887 equos
372 1841 544 1874 testatur
561 1835 832 1875 Viterbiensis:

400 1894 474 1943 qui
489 1893 662 1942 fuerant
679 1893 850 1943 equites,
892 1897 1074 1942 pergunt
1097 1887 1303 1928 moriendo
1316 1887 1533 1941 pedestres.

231 1954 350 1998 atque
373 1948 467 1987 inde
483 1949 588 1987 inter
606 1955 740 1999 gentes
759 1948 868 1999 prius
890 1947 1122 1985 coniunctas
1144 1946 1292 1984 dissidii
1317 1947 1452 1987 fomes.
1483 1944 1702 1985 Willelmus

232 2005 398 2055 Tyrius:
435 2005 504 2043 hie
523 2004 682 2043 demum
703 2007 941 2056 imperator,
972 2017 1044 2041 seu
1071 2004 1171 2054 quia
1200 2016 1291 2040 eum
1306 2001 1577 2054 paucioribus
1600 2008 1700 2046 erat,

233 2062 307 2112 qui
323 2062 452 2098 multo
467 2062 613 2112 plures
626 2063 751 2113 prius
772 2075 905 2098 secum
925 2060 1147 2108 habuerat,
1180 2058 1466 2099 verecundiam
1485 2059 1701 2106 sustinens,

233 2124 310 2154 aut
326 2117 580 2154 Francorum
593 2120 746 2166 fastus
774 2131 854 2155 non
869 2119 1012 2167 ferens
1021 2145 1038 2162 ,
1082 2130 1153 2153 seu
1182 2117 1282 2153 aliis
1307 2115 1529 2154 latentibus
1550 2114 1701 2164 causis,

234 2174 416 2211 remissis
438 2187 541 2224 quae
560 2181 797 2223 supererant
809 2188 886 2224 per
903 2181 1054 2210 terram
1075 2172 1329 2224 legionibus,
1368 2174 1452 2223 ipse
1471 2170 1522 2209 ab
1540 2169 1700 2222 Epheso

235 2244 338 2267 usus
358 2231 549 2280 navigio,
584 2230 976 2280 Constantinopolim
1003 2243 1185 2267 reversus
1204 2236 1271 2267 est.
1328 2234 1442 2266 notat
1468 2226 1587 2265 etiam
1610 2226 1700 2264 Odo

236 2286 286 2324 de
307 2286 455 2337 Diogilo
479 2286 503 2324 l.
524 2290 552 2327 2
577 2291 625 2322 ut
648 2288 800 2323 nostris
830 2293 945 2322 erant
965 2285 1244 2335 importabiles
1260 2285 1478 2322 Alemanni
1503 2296 1548 2320 eo
1566 2283 1607 2321 in
1631 2282 1701 2320 iti-
1742 2316 1751 2325 ,

235 2355 344 2393 nere,
374 2344 429 2381 ita
447 2341 682 2380 Alemannos
698 2343 951 2379 Francorum
965 2342 1198 2392 superbiam
1215 2340 1456 2391 dedignatos,
1483 2353 1564 2377 non
1583 2339 1701 2377 semel

235 2407 376 2438 contra
394 2399 482 2437 illos
506 2412 613 2436 arma
636 2398 855 2449 sumpsisse.
913 2397 1149 2436 Alemannos
1171 2402 1275 2434 certe
1291 2402 1335 2434 ut
1350 2395 1565 2447 equitandi
1583 2397 1702 2447 igna-

237 2470 304 2492 ros
331 2455 562 2507 perstringit
584 2454 830 2506 Nicephorus
851 2453 999 2491 Phocas
1023 2454 1131 2504 apud
1152 2452 1470 2504 Luithprandum
1498 2452 1541 2489 in
1568 2453 1700 2503 Legat.

235 2511 301 2549 cui
318 2526 368 2550 an
390 2512 550 2551 omnino
568 2512 667 2550 fides
683 2510 922 2563 praestanda
941 2510 992 2547 sit
1011 2509 1086 2547 hac
1104 2510 1146 2547 in
1163 2523 1227 2558 re,
1267 2508 1431 2546 dubium
1451 2508 1545 2546 facit
1562 2508 1701 2547 Victor

234 2567 412 2617 Schotti,
455 2569 523 2618 qui
549 2569 592 2606 in
622 2568 842 2616 Caracalla,
882 2566 1152 2616 Alamannos,
1194 2572 1350 2618 gentem
1372 2565 1622 2616 populosam
1655 2579 1701 2603 ex

236 2627 348 2676 equis
366 2625 530 2675 mirifice
542 2632 797 2678 pugnantem
815 2623 932 2661 fuisse
953 2623 1019 2661 ait.

94 2687 122 2720 P
147 2685 214 2721 444
243 2710 246 2715 >
350 2694 391 2723 v.
414 2683 477 2722 19.
538 2681 606 2721 καὶ
629 2679 702 2731 ξὺν
722 2677 879 2734 δόρατι]
911 2679 1011 2718 Vide
1031 2684 1141 2716 notas
1163 2677 1214 2714 ad
1236 2675 1372 2714 Annae
1391 2690 1430 2728 p,
1452 2680 1543 2718 171.
1611 2718 1613 2720 ,

347 2750 386 2789 p.
406 2738 461 2778 86
483 2750 519 2775 V·
538 2741 603 2780 18.
661 2734 744 2777 εἶτα
762 2735 828 2777 ἐπὶ
847 2731 1084 2786 Βυζάντιον]
1117 2733 1333 2773 willelmus
1353 2733 1516 2784 Tyrius:
1542 2734 1627 2785 ipse
1647 2733 1698 2771 ab

235 2793 393 2846 Epheso
420 2806 522 2830 usus
543 2794 710 2844 navigio
740 2792 1132 2841 Constantinopolim
1158 2804 1337 2828 reversus
1365 2797 1443 2839 est,
1486 2789 1556 2828 ubi
1574 2803 1603 2827 a
1622 2788 1700 2827 do-

238 2853 345 2890 mino
372 2851 610 2902 imperatore
636 2850 766 2888 multo
802 2862 927 2901 quam
961 2848 1095 2899 primo
1129 2845 1306 2885 adventa
1338 2854 1548 2899 susceptus
1574 2846 1697 2885 laone·
