1878 3262
243 187 303 232 lN
321 185 628 232 NICEPHORI
642 185 912 231 BRYENNII
929 185 1224 230 COMMENT.
1243 185 1448 229 NOTAE.
1514 185 1616 232 227

150 304 192 338 et
213 297 358 337 Isaacio
383 297 607 347 Comneno,
637 296 687 335 de
712 309 791 347 quo
820 295 948 335 multa
970 296 1179 347 cardinalis
1196 296 1389 335 Baronius
1411 296 1453 335 in
1471 294 1615 336 Annal.

149 356 254 396 Eccl.
282 361 321 393 et
343 355 421 393 Leo
450 354 618 392 Allatius
644 354 798 393 dissert.
816 357 844 395 2
875 354 924 392 de
951 353 1040 393 libr.
1068 353 1170 394 Eccl.
1195 354 1381 395 Graecor.
1402 360 1444 392 et
1462 354 1490 393 l.
1506 357 1534 396 2
1565 353 1617 393 de

149 413 252 452 Eccl.
274 411 410 452 Occid.
428 418 469 450 et
486 412 638 450 Orient.
661 423 840 452 consens,
859 423 892 451 c.
912 414 952 454 9.

261 483 302 520 p.
323 471 403 510 102
422 481 462 509 v.
482 471 520 510 6.
578 469 708 508 δοῦκα
724 470 796 516 τῆς
816 462 1060 520 Βουλγοῖρων
1073 461 1227 519 χώρας]
1257 467 1460 506 Debellata
1487 482 1509 505 a
1534 468 1617 506 Ba-

151 525 236 564 silio
255 526 507 577 imperatore,
535 530 576 562 et
592 524 635 562 in
650 523 878 576 provinciae
896 524 1066 562 formam
1082 524 1243 562 redacta
1260 524 1442 576 Bulgaria
1460 539 1482 562 a
1498 538 1619 576 prae-

151 583 267 621 fectis
303 582 451 620 ducum
485 581 605 619 titulo
639 587 679 619 et
713 580 902 632 dignitate
935 580 1142 618 instructis
1178 581 1308 633 coepit
1337 581 1617 621 administrari.
1644 600 1657 607 ·

149 639 224 677 hos
242 639 347 677 inter
364 638 628 690 Nicephorum
645 638 909 676 Carentenum
926 642 965 674 et
983 637 1216 676 Damianum
1238 638 1510 687 Dalassenum,
1540 639 1619 677 Mi-

154 696 414 734 chaele‘Duca
431 696 673 746 imperante,
701 700 896 733 memorat
915 694 1117 745 Scylitzes.
1173 695 1350 733 Nicetam
1372 695 1508 734 eodem
1526 709 1622 747 per-

152 754 336 792 functum
358 752 608 803 magistratu,
639 764 730 789 cum
760 751 884 789 nostri
910 750 1309 802 Hierosolymitanam
1329 753 1622 803 expeditionem

153 810 327 862 primum
343 815 438 847 sunt
453 808 632 860 aggressi,
657 814 854 846 testantur
873 807 1056 846 Albertus
1075 812 1163 859 Aq.,
1181 809 1400 847 willelmus
1418 810 1562 861 Tyrius
1582 814 1623 847 et

153 865 424 904 Thwroczius.
481 866 637 904 Nicetae
676 877 940 903 successorem
977 864 1089 903 Ghus
1124 866 1255 904 nescio
1294 879 1411 917 quem
1443 867 1623 904 nominat

152 922 259 961 idem
281 923 466 961 Albertus
485 922 514 961 l.
532 925 558 965 8
583 936 615 960 c.
634 920 702 963 34.

268 993 308 1031 p.
323 982 402 1021 106
416 993 453 1018 v.
465 982 506 1021 8.
565 975 690 1019 αὐτοῦ
707 975 982 1031 ὅμευνέτιδος]
1014 977 1231 1016 Andronici
1253 978 1367 1017 istius
1383 978 1522 1017 uxoris
1538 990 1625 1016 me-

92 1069 95 1074 ,
155 1035 274 1076 minit
301 1036 494 1087 Gregoras
515 1035 541 1073 l.
562 1039 589 1078 9
618 1040 656 1072 et
682 1035 731 1072 ab
753 1047 797 1072 ea
818 1034 1084 1072 instauratum
1107 1035 1156 1072 de
1178 1049 1284 1074 novo
1304 1035 1460 1074 Chorae
1481 1049 1625 1073 mona-

155 1093 320 1132 sterium
346 1091 684 1143 Constantinopoli
702 1091 847 1132 scribit.
902 1104 944 1129 v.
961 1097 1161 1142 praeterea
1178 1091 1333 1130 Annam
1352 1106 1391 1144 p.
1415 1095 1507 1134 166.

269 1163 310 1187 v.
329 1151 393 1192 18.
448 1151 568 1202 τριῶν
584 1146 660 1201 7029
676 1147 934 1201 θυγατέρων]
965 1148 1068 1185 Duas
1088 1161 1138 1186 ex
1154 1149 1283 1187 tribus
1299 1148 1517 1187 Andronici
1535 1149 1623 1187 Du·-

157 1218 225 1244 cae
240 1206 340 1243 filias
355 1205 421 1243 hic
438 1211 616 1244 recenset
631 1204 871 1256 Bryennius:
898 1204 1016 1242 tertia
1039 1205 1115 1243 fuit
1130 1205 1245 1244 Anna
1263 1206 1446 1244 Ducaena
1467 1205 1626 1257 Georgii

154 1262 374 1313 Palaeologi
395 1262 555 1301 coniux.
613 1260 729 1300 Anna
744 1261 772 1302 l.
789 1264 829 1302 2.

268 1332 310 1370 Ρ.
337 1321 416 1360 107
435 1332 478 1361 v.
499 1322 537 1360 8.
591 1314 818 1372 Ἀργυροῦ]
849 1317 948 1365 Quis
974 1316 1039 1356 ille
1063 1318 1259 1370 Argyws,
1288 1318 1471 1370 pluribus
1494 1318 1625 1357 disce-

157 1381 317 1428 ptamus
334 1375 376 1413 in
396 1375 568 1413 Familiis
586 1375 826 1427 ByzantiniS,
854 1374 925 1413 ubi
945 1374 994 1412 de
1013 1374 1256 1427 Argyrorum
1275 1376 1435 1417 familia.

270 1445 311 1484 p-
332 1435 413 1474 112
431 1446 471 1472 v.
490 1431 531 1473 4.
588 1430 922 1485 Κατζαμούντης]
950 1431 1015 1470 An
1029 1431 1136 1470 idem
1154 1445 1245 1471 cum
1262 1432 1550 1483 Castamonita,
1577 1431 1628 1471 de
1650 1435 1679 1470 P
1702 1435 1772 1471 216

160 1501 240 1540 quo
259 1489 377 1526 Anna
397 1502 436 1540 p.
461 1487 553 1531 195.

271 1558 312 1597 Ρ
335 1546 415 1587 115
437 1558 478 1583 v.
497 1543 535 1585 4.
599 1539 826 1598 Φρουριον]
857 1545 904 1586 V.
926 1551 1011 1584 not.
1030 1545 1082 1584 ad
1099 1532 1292 1588 Villhard.
1314 1559 1356 1588 n.
1377 1547 1442 1587 86.

273 1614 314 1640 v.
339 1604 377 1643 6.
435 1599 640 1653 διέβαινον
659 1599 735 1653 τὴν
758 1601 964 1656 γέφυραν]
993 1602 1130 1641 Pontis
1150 1603 1263 1641 istius
1281 1602 1459 1640 meminit
1481 1602 1633 1641 Cinna-

162 1670 250 1697 mus
270 1658 299 1700 1.
320 1661 360 1700 2.
416 1658 532 1710 plura
553 1659 670 1696 etiam
689 1658 738 1696 de
757 1658 826 1696 illo
850 1659 1110 1710 congessimus
1127 1659 1180 1697 ad
1198 1659 1394 1699 Villhard.
1420 1673 1459 1697 n.
1482 1661 1549 1702 85.

275 1727 314 1766 p.
333 1717 413 1757 118
435 1728 474 1754 v.
496 1717 560 1756 19.
620 1713 811 1767 Σολυμοῖν
838 1714 859 1756 ὅ
883 1719 960 1757 τοῦ
985 1713 1274 1768 Κουτουλμοῦς
1299 1713 1414 1767 υἱός]
1453 1715 1634 1754 Iconien-

164 1770 268 1808 sium
296 1770 554 1808 Sultanorum
577 1771 765 1822 originem
781 1771 975 1810 hactenus
1003 1774 1198 1813 incertam
1228 1773 1376 1823 vixque
1400 1778 1534 1810 notam
1556 1787 1634 1811 no-

164 1826 225 1865 bis
248 1826 407 1864 tandem
435 1827 561 1878 aperit
584 1827 820 1879 Bryennius.
875 1829 1162 1880 Solymannum
1196 1829 1299 1867 enim
1325 1835 1501 1868 veterem
1530 1830 1591 1868 uti
1610 1843 1634 1867 a

167 1883 290 1934 Tyrio
326 1883 564 1935 appellatur,
595 1897 617 1920 a
648 1897 725 1933 quo
756 1890 931 1933 ceteros,
967 1886 1035 1936 qui
1062 1887 1103 1923 in
1131 1885 1350 1936 Lycaonia,
1388 1886 1637 1938 Cappadocia

167 1939 329 1990 aliisque
358 1940 472 1977 Asiae
496 1940 710 1991 provinciis
730 1940 1031 1993 imperitarunt,
1060 1941 1273 1993 toparchas
1309 1943 1497 1980 Turcicos
1528 1943 1637 1981 ‹leri-

166 1996 255 2035 vari
275 2003 450 2045 constat,
480 2009 560 2034 non
583 2010 632 2034 ex
653 1997 788 2036 eadem
808 1998 928 2036 modo
949 2012 1026 2048 qua
1047 1999 1218 2051 supremi
1238 2000 1461 2037 Turcorum
1478 2000 1636 2038 Sultani

167 2058 282 2104 gente
308 2059 440 2091 ortum
463 2053 621 2090 duxisse
638 2053 774 2104 docet,
803 2067 942 2093 verum
967 2056 1086 2093 etiam
1106 2069 1184 2106 quo
1206 2055 1292 2093 illos
1314 2057 1635 2107 consanguinita-

168 2111 219 2147 tis
243 2109 368 2159 gradu
393 2110 606 2161 attigerint.
665 2124 686 2147 a
702 2111 862 2149 Cutlum
884 2112 1049 2163 quippe,
1079 2125 1195 2163 quem
1215 2112 1330 2150 etiam
1353 2126 1444 2151 cum
1464 2113 1634 2164 Sc31itze

169 2172 212 2204 et
231 2167 384 2204 Zonara
404 2162 691 2219 Κουτλουμούς
711 2173 752 2205 et
774 2165 1061 2219 Κουτουλμυυς
1081 2174 1220 2217 vocat,
1251 2169 1535 2221 Solymannum
1558 2169 1633 2207 Ni-

170 2236 370 2261 caeensem
399 2223 608 2261 Sultanum
639 2230 876 2275 prognatum
904 2226 1039 2265 refert.
1096 2226 1303 2264 Cutlumus
1321 2238 1419 2264 vero
1440 2226 1636 2277 Tangrol-

169 2280 256 2318 beci
275 2279 427 2317 Sultani
443 2281 632 2331 patruelis
651 2281 727 2319 fuit
744 2294 831 2330 seu,
861 2282 920 2319 uti
940 2282 1077 2320 scribit
1100 2282 1126 2321 l.
1147 2286 1167 2324 1
1197 2296 1237 2323 n.
1261 2286 1314 2324 10
1338 2288 1379 2320 et
1400 2296 1449 2320 ex
1468 2295 1514 2320 eo
1535 2285 1636 2335 Scy-

170 2337 307 2384 litzes,
337 2337 593 2387 Tangrolbeci
617 2337 748 2388 patrui
775 2311 900 2388 filius,
929 2338 1096 2390 proinde
1122 2339 1297 2390 Salgeuci
1326 2351 1375 2377 ex
1400 2339 1482 2377 filio
1504 2353 1638 2391 nepos.

171 2393 214 2431 id
235 2398 437 2444 praeterea
460 2393 595 2431 firmat
613 2394 822 2462 Scylitzes‚
851 2408 942 2433 cum
966 2396 1021 2433 ait
1039 2394 1283 2433 Ibrahimum
1309 2397 1536 2447 Tagrolbeci
1551 2399 1637 2435 sra-

173 2455 278 2487 trem
311 2450 485 2488 Cutlumi
521 2450 636 2488 fuisse
676 2446 849 2499 οἷνέψιον
887 2464 956 2490 seu
984 2451 1215 2503 patruelem.
1276 2453 1484 2490 Cutlumus
1516 2467 1638 2505 porro

175 2506 401 2545 El-Macino
421 2507 468 2547 A.
487 2506 580 2557 Heg.
601 2507 703 2557 477,
732 2507 824 2547 Chr.
849 2509 957 2549 1084
978 2515 1019 2546 et
1038 2508 1259 2559 insequenti
1278 2510 1514 2547 Ptolomeus
1531 2524 1640 2550 nun-

176 2568 366 2613 cupatur,
393 2564 587 2601 vocabulo
608 2563 720 2602 haud
734 2564 905 2602 multum
926 2565 1156 2615 abludente,
1186 2565 1219 2603 si
1239 2566 1391 2617 primus
1407 2567 1641 2606 immutetur

178 2631 279 2670 apex
292 2649 304 2669 ,
331 2619 401 2657 ubi
430 2621 660 2672 Solymanni
689 2627 894 2672 parentem
914 2628 1068 2660 exserte
1090 2628 1220 2660 vocat.
1278 2628 1396 2673 atque
1415 2636 1464 2662 ex
1481 2623 1544 2661 his
1562 2638 1645 2663 non

177 2675 426 2714 mediocriter
457 2678 540 2716 falli
570 2677 922 2729 deprehenduntur
951 2678 1146 2728 Zonaras,
1182 2679 1325 2730 Tyrius
1359 2685 1397 2717 et
1436 2680 1646 2720 Aithonus.

180 2745 226 2769 ac
259 2732 432 2770 Zonaras
465 2734 647 2785 quidem,
677 2735 744 2785 qui
772 2736 1001 2773 Cutlumum
1023 2735 1251 2786 Tagrolbeci
1276 2733 1555 2786 οἶδελφόπαεδα
1576 2749 1645 2774 seu

180 2801 231 2826 ex
254 2789 379 2828 fratre
406 2798 590 2842 nepotem
614 2792 711 2830 facit
720 2806 732 2842 ;
759 2791 902 2843 Tyrius
923 2805 1021 2830 vero
1041 2792 1068 2832 l.
1089 2796 1114 2835 3
1134 2806 1170 2835 c.
1195 2797 1214 2836 1
1243 2799 1283 2832 et
1299 2793 1497 2831 Aithonus
1519 2806 1552 2830 c.
1581 2793 1646 2841 15,

180 2844 250 2896 qui
276 2845 560 2898 Solymannum
585 2854 768 2902 nepotem
784 2849 903 2888 fuisse
921 2850 1101 2889 scribunt
1116 2850 1410 2889 Guedadolduli
1428 2849 1550 2888 Albae
1568 2850 1647 2888 Ar-
