1878 3262
551 219 1091 271 COMMENTARIORUM
1121 226 1170 269 L.
1199 219 1258 272 ΪΠ.
1571 224 1636 271 91

178 345 245 387 καὶ
279 341 423 400 ὁρᾶται
458 342 570 400 παρὰ
606 339 766 385 πάντων
799 339 855 392 ὡς
876 343 1016 397 ’δῆθεν
1048 339 1214 400 τυφλός.
1281 331 1400 384 τοῦτο
1425 339 1472 383 τὸ
1499 341 1639 398 δρᾶμα

172 411 346 467 πάμπαν
374 411 444 454 τὸν
474 411 658 469 θόρυβον
691 412 958 467 κατεσίγασεν.
1026 409 1047 453 ὃ
1079 412 1153 465 μὲν
1183 404 1256 453 οὖν
1285 409 1641 468 στρατοπεδάρχης

178 482 316 531 ἀδείας
338 479 561 536 λαβόμενος
583 478 750 523 ἐσκόπει·
764 475 873 530 ὅπως
899 481 967 521 καὶ
988 479 1036 521 τὸ
1058 482 1148 537 περὶ
1173 480 1244 522 τὸν
1270 479 1491 536 Οὗρσέλιον
1514 477 1641 536 στρά-

174 567 303 604 τευμα
324 550 512 592 καθελών
530 554 613 592 τῶν
631 548 1073 606 παρακατασχεθέντων
1094 550 1305 606 φρουρίων·
1316 549 1467 604 γένοιτο
1494 550 1639 605 ε’γκρα-
1661 555 1695 591 Ι)

139 623 164 661 6
177 618 273 674 τής·
310 619 347 660 οἳ
371 619 413 661 ‹5'
440 621 483 661 ἐκ
501 614 700 673 βασιλέως
720 613 972 675 πεμφθέντες
995 621 1076 660 τῶν
1101 619 1254 660 οἰκείων
1275 616 1386 667 ὄντες
1405 622 1464 674 τῷ
1481 621 1649 670 βασιλεῖ’

171 686 396 743 ἠνάγκαζον
420 693 563 730 τοῦτον
587 688 656 730 τὸν
685 687 904 744 Οὗρσέλιον
937 684 1117 740 λαβόντα
1151 689 1207 736 εἷς
1227 686 1301 741 τὴν
1320 687 1514 740 βασιλίδα
1539 687 1642 727 ἐπα-

171 761 343 799 νελθεῖν.
391 754 412 798 ὅ
437 757 480 799 δὲ
503 756 671 814 αἶσχρὸν
695 754 824 812 ἔλεγεν
845 753 943 798 εἶναι
965 757 999 797 εἲ
1018 758 1180 796 πολλῶν
1201 759 1282 797 τῶν
1301 753 1380 796 ὕπὸ
1402 755 1472 797 τὸν
1489 753 1642 812 τύραν-

172 842 242 867 νον
264 824 389 867 ὄντων
414 823 502 876 ἕνός
530 826 732 883 ἐγκρατεῖς
752 822 955 881 γεγονότες
975 823 1102 866 αὐτοῦ
1122 827 1196 865 τοῦ
1221 821 1420 880 τυράννου
1444 824 1540 874 τούς
1563 823 1641 865 ἅλ-

172 897 269 944 λους
299 892 586 944 καταλιπόντες
618 892 896 949 οἶχησόμεθα·
932 891 1084 949 ἀνάγκη
1099 892 1178 949 γὰρ
1202 892 1270 934 ἵνα
1289 896 1370 934 τῶν
1395 893 1638 946 λειπομένων

118 970 163 1005 10
173 964 229 1012 εἷς
252 961 448 1019 τύραννον
470 968 717 1018 καταστῆναι
739 964 806 1004 καὶ
827 957 952 1012 αὖθις
968 962 1043 1011 τὰς
1061 960 1196 1011 πόλεις
1219 965 1357 1002 κυκᾶν.
1428 961 1523 1002 ἀλλ’
1548 962 1638 1014 ἐμοὶ

172 1033 286 1073 δοκεῖ
308 1029 407 1074 εἶναι
435 1037 565 1074 ταῦτα
586 1034 669 1074 ἲκαὶ
697 1036 839 1074 τοῦτον
865 1028 1023 1062 ****
1035 1063 1048 1082 ,
1086 1030 1356 1086 ἀποπειρᾶσαι
1388 1029 1432 1071 δὲ
1464 1031 1530 1071 καὶ
1556 1033 1637 1071 τῶν

170 1101 377 1157 φρουρίων
408 1099 503 1143 ὅσον
535 1099 620 1143 οἷόν
653 1117 710 1143 τε.
777 1099 896 1142 ταῦτ’
921 1098 1042 1142 εῗπὼν
1061 1098 1178 1156 ἔργου
1200 1099 1347 1152 εἴχετο,
1382 1099 1449 1139 καὶ
1475 1102 1635 1154 πρῶτον
1657 1103 1688 1138 P
1711 1104 1757 1140 62

167 1169 241 1223 μὲν
261 1169 336 1219 τὰς
359 1167 479 1220 ὁδοὺς
502 1167 704 1227 ἐφρούρει.
773 1167 830 1219 ὦς
854 1169 981 1223 μηδέν
1002 1185 1040 1210 τι
1061 1167 1143 1210 τῶν
1169 1167 1397 1223 ἀναγκαίων
1417 1170 1561 1208 λαθεῖν
1582 1169 1638 1217 εἷς

166 1237 221 1279 τὰ
256 1236 434 1295 φρούρια
462 1240 724 1293 εῗσαχθῇναι,
757 1239 823 1279 καὶ
854 1238 917 1279 ἐπὶ
947 1236 1146 1292 συλλογὴν
1177 1237 1289 1278 σίτου
1313 1237 1380 1277 καὶ
1400 1239 1481 1277 τῶν
1503 1235 1637 1278 ἄλλων

113 1309 158 1346 15
170 1306 397 1362 ἀναγκαίων
430 1305 608 1358 ἐξιόντας
639 1304 825 1362 μεγάλως
847 1307 1018 1357 ἐσίνετο,
1053 1304 1188 1347 ἔπειτα
1210 1305 1345 1358 μέντοι
1370 1304 1533 1360 ἐνέδρας
1557 1305 1638 1346 ἔνι’-

168 1391 247 1417 στα
285 1376 357 1416 καί
388 1393 500 1426 τινας
536 1378 592 1426 εἷς
623 1375 830 1432 προνομὴν
856 1374 1048 1417 ἔστελλεν.
1118 1373 1156 1415 οἱ
1187 1374 1231 1415 δὲ
1264 1374 1305 1415 ἐν
1325 1380 1410 1422 τοῖς
1427 1375 1639 1430 φρουρίοις

167 1441 337 1494 ἐξιόντες
367 1446 434 1486 καὶ
465 1444 561 1495 τοὺς
594 1442 919 1501 προνομεύοντας
949 1441 1160 1492 διώκοντες
1175 1449 1264 1492 ταῖς
1283 1443 1460 1498 ἐνέδραις
1479 1444 1640 1498 περιπί-

166 1528 331 1562 πτοντες
352 1510 576 1567 ἡλίσκοντο.
644 1516 763 1555 τοῦτο
787 1510 982 1561 πολλάκις
1005 1509 1323 1567 ποικιλοτρόπως
1351 1509 1558 1565 γινόμενον
1583 1511 1640 1560 εἷς

167 1580 341 1637 ἀπορίαν
369 1581 464 1632 τοὺς
501 1579 718 1638 Φράγγους
747 1582 980 1635 ἐνέβαλλεν·
1017 1578 1082 1622 ὁτὲ
1107 1580 1182 1633 μὲν
1215 1579 1293 1636 γὰρ
1318 1578 1422 1633 μετὰ
1443 1577 1638 1635 τετάρτην
1689 1603 1691 1605 -

108 1647 192 1704 2οῆ
213 1650 396 1705 πέμπτην
416 1649 571 1707 ἡμέραν
594 1651 715 1692 ἐποίει
737 1649 810 1700 τὰς
832 1646 1061 1706 προνομάς,
1097 1646 1162 1690 ὁτὲ
1188 1649 1232 1690 δὲ
1258 1647 1361 1702 μετὰ
1383 1649 1482 1701 μίαν
1510 1642 1634 1698 αὖθις
1656 1658 1687 1693 Β

164 1715 319 1776 ἡμέραν
341 1719 368 1774 ἢ
388 1721 455 1762 καὶ
478 1720 680 1776 δευτέραν.
749 1719 1049 1774 ἀμηχανοῦντες
1078 1711 1149 1762 οὖν
1175 1717 1214 1759 οἱ
1237 1716 1351 1760 ἔνδον
1373 1717 1411 1758 οἳ
1427 1717 1502 1772 μὲν
1528 1721 1640 1774 σφᾶς

260 1827 318 1864 11.
343 1826 504 1872 τοῦτον]
525 1826 682 1862 Iudicavi
701 1827 867 1862 lacunam.

164 1916 345 1964 producit,
376 1922 414 1951 ut
436 1917 587 1951 omnibus
610 1929 651 1952 ea
676 1918 791 1963 specie
814 1917 901 1951 fides
927 1917 1030 1952 fieret
1049 1928 1132 1951 vere
1154 1916 1263 1962 ipsum
1285 1921 1501 1950 excaecatum
1517 1914 1635 1951 fuisse.

167 1976 210 1997 ea
224 1963 317 1998 fictio
330 1963 506 1997 tumultum
523 1964 622 2008 plane
639 1964 781 1998 sedavit.
829 1964 966 1998 Alexius
985 1975 1068 1997 vero
1098 1974 1179 1996 cura
1202 1963 1269 1996 ista
1295 1963 1425 1996 solutus
1441 1962 1635 1996 considera*

165 2009 225 2043 bat
235 2034 246 2050 ,
275 2021 342 2054 qua
358 2010 486 2043 ratione
502 2014 619 2054 posset
634 2009 759 2043 Urselii
775 2010 914 2054 reliquis
939 2010 1049 2043 adhuc
1064 2009 1170 2054 copiis
1185 2008 1303 2042 deletis
1322 2019 1418 2042 arces
1433 2019 1518 2052 quas
1533 2007 1633 2041 inva-

165 2059 261 2089 serat
287 2062 324 2089 et
350 2055 459 2089 adhuc
481 2067 542 2101 per
568 2066 648 2089 suos
671 2057 812 2089 tenebat
835 2055 1000 2100 recipere.
1048 2055 1105 2099 qui
1129 2059 1238 2088 autem
1254 2055 1296 2088 ab
1313 2054 1518 2099 imperatore
1541 2053 1634 2087 missi

166 2101 288 2135 Alexio
313 2101 455 2135 aderant
473 2101 684 2135 consiliorum
701 2106 857 2135 auctores
873 2112 917 2135 ex
931 2101 1053 2135 intimis
1070 2100 1229 2147 principis
1244 2100 1432 2134 suadebant
1445 2104 1483 2133 ut
1496 2099 1633 2133 Urselio

166 2157 278 2181 secum
295 2147 398 2180 ducto
415 2147 589 2181 confestim
604 2147 930 2192 Constantinopolim
943 2152 1184 2181 reverteretur.
1231 2146 1352 2191 quibus
1366 2145 1425 2179 ille
1440 2150 1539 2190 turpe
1554 2147 1632 2179 sore

167 2193 322 2234 dicebat,
347 2205 420 2226 cum
437 2193 530 2226 multi
545 2194 606 2226 sub
623 2204 688 2226 uno
704 2198 850 2237 tyranno
866 2193 1003 2236 tyranni
1018 2198 1151 2234 essent,
1176 2191 1205 2225 si
1220 2202 1286 2225 uno
1302 2192 1358 2225 illo
1374 2191 1533 2236 primario
1549 2191 1630 2224 sub-

166 2238 237 2272 lato
253 2239 397 2272 minores
414 2239 488 2272 illos
504 2239 538 2272 in
553 2239 641 2272 illius
657 2239 765 2272 locum
781 2239 880 2272 facile
903 2249 1123 2284 processuros
1139 2238 1366 2282 relinquerent
1382 2243 1418 2270 et
1432 2238 1482 2271 sic
1498 2237 1633 2271 abirent

166 2285 262 2329 quasi
284 2296 323 2318 re
345 2286 524 2326 confecta,
554 2284 667 2318 statim
695 2285 840 2318 audituri
864 2285 1045 2318 excitatum
1072 2296 1147 2318 esse
1170 2290 1271 2328 capto
1287 2294 1539 2324 successorem,
1570 2283 1630 2328 qui

166 2341 233 2364 non
248 2330 357 2364 mitius
371 2342 470 2375 quam
486 2330 581 2375 prior
597 2330 725 2376 paratis
741 2331 782 2364 ad
799 2341 928 2364 manum
945 2330 1050 2375 copiis
1066 2331 1168 2363 urbes
1183 2330 1343 2363 incurset.
1383 2329 1462 2362 mibi
1480 2340 1561 2372 ergo
1578 2329 1630 2362 in-

167 2376 241 2420 quit
264 2376 421 2422 optimum
444 2377 582 2410 videtur
605 2387 670 2409 non
695 2381 823 2410 tantum
849 2382 1029 2420 tyrannum
1043 2401 1054 2419 ,
1084 2375 1146 2409 sed
1165 2375 1265 2409 etiam
1281 2374 1493 2418 tyrannidem
1510 2374 1633 2408 tollere

167 2422 366 2467 conarique,
396 2422 426 2455 si
446 2433 543 2455 arces
560 2426 595 2455 et
611 2421 777 2466 praesidia
793 2421 865 2455 eius
881 2423 1060 2456 restituere
1075 2421 1216 2466 imperio
1231 2420 1410 2466 possimus.
1458 2426 1494 2453 et
1510 2420 1560 2453 bis
1577 2419 1632 2453 di·-

167 2467 231 2501 ctis
246 2468 428 2513 capessivit
442 2467 622 2512 negotium.
670 2479 711 2501 ac
727 2467 867 2512 primum
882 2468 1003 2502 itinera
1018 2467 1169 2509 obsedit,
1196 2478 1239 2500 ne
1253 2466 1331 2519 quid
1348 2466 1383 2499 in
1398 2476 1495 2498 arces
1511 2477 1553 2499 ac
1570 2477 1631 2500 ca-

166 2517 239 2546 stra
253 2513 503 2548 Urselianorum
518 2513 639 2547 inferri
654 2518 857 2547 commeatus
873 2518 1002 2559 posset.
1049 2513 1078 2546 si
1097 2513 1154 2557 qui
1169 2523 1250 2546 vero
1266 2511 1343 2545 inde
1359 2511 1554 2557 pabulatum
1571 2515 1632 2546 aut

166 2558 218 2592 rei
241 2559 379 2593 alterius
403 2560 615 2594 necessariae
639 2559 854 2604 quaerendae
878 2570 980 2593 causa
1004 2559 1174 2601 exissent,
1206 2568 1265 2591 eos
1280 2557 1366 2591 male
1381 2557 1558 2591 mulctatos
1574 2569 1632 2591 re-

166 2604 327 2649 pellebat.
373 2606 526 2651 ponebat
551 2605 649 2639 etiam
674 2605 809 2639 insidias
836 2605 918 2639 locis
947 2605 1096 2646 idoneis,
1126 2614 1273 2648 moxque
1299 2603 1408 2637 missis
1436 2604 1492 2648 qui
1520 2603 1631 2649 palam

166 2650 361 2695 praedando
387 2651 623 2697 praesidiarios
648 2651 872 2693 lacesserent,
900 2661 960 2684 eos
984 2651 1048 2684 hac
1071 2654 1146 2684 arte
1168 2654 1281 2684 castro
1297 2649 1474 2683 elicitos‘in
1491 2649 1632 2683 insidias

166 2697 402 2740 pertrahebat,
433 2698 466 2731 in
483 2698 604 2742 quibus
620 2697 850 2743 capiebantur.
898 2697 962 2730 boc
977 2707 1080 2741 saepe
1095 2695 1198 2729 variis
1214 2695 1321 2729 modis
1336 2706 1469 2740 semper
1485 2695 1633 2729 feliciter

167 2746 333 2775 tentatum
356 2742 506 2777 Francos
528 2744 562 2777 in
590 2754 743 2787 magnam
759 2754 825 2776 non
841 2754 994 2776 annonae
1008 2742 1115 2786 magis
1131 2753 1228 2786 quam
1245 2741 1373 2775 consilii
1387 2741 1531 2785 inopiam
1548 2753 1630 2774 con-

166 2786 269 2826 iecit,
297 2793 412 2820 noster
434 2789 520 2824 enim
545 2789 594 2823 his
616 2789 650 2822 in
675 2800 733 2823 eos
754 2789 1019 2833 grassationibus
1033 2788 1172 2822 incertis
1189 2793 1224 2822 et
1237 2787 1540 2821 inobservabilibus
1556 2798 1630 2819 mo-

167 2833 290 2866 mentis
317 2833 495 2879 utebatm,
525 2835 701 2880 aliquando
720 2835 858 2869 alternis
873 2835 1007 2878 diebus,
1037 2845 1280 2878 nonnumquam
1298 2833 1352 2867 die
1367 2833 1468 2867 tertio
1480 2858 1490 2873 ‚
1520 2833 1628 2865 inter-

167 2879 246 2913 dum
261 2883 406 2925 quatuor
420 2885 480 2915 aut
494 2881 642 2926 quinque
655 2881 774 2917 diebus
787 2881 994 2928 interpositis
1010 2891 1070 2916 eos
1084 2880 1269 2916 incursans.
1314 2879 1425 2926 pressi
1449 2889 1531 2923 ergo
1551 2877 1627 2911 ino-
