1878 3262
405 654 788 692 ILLUSTRISSIMIS
813 653 882 694 ET
906 651 1355 688 PRAEPOTENTIBUS

289 751 337 810 P
414 749 470 804 R
550 745 603 815 O
683 746 740 801 V
817 746 844 802 I
922 746 971 802 N
1051 744 1098 803 C
1177 746 1205 801 I
1284 747 1341 809 A
1420 747 1467 805 E

599 874 1157 923 ULTRAIECTINAE,

140 986 204 1056 Ο
325 986 389 1053 R
510 983 575 1052 D
696 983 727 1052 Ι
851 983 918 1052 Ν
1042 983 1073 1052 Ι
1196 983 1256 1052 Β
1378 984 1445 1055 U
1565 984 1619 1057 S

415 1121 806 1174 CORNELIUS
845 1121 1142 1172 TOLLIUS
1178 1123 1239 1173 D.
1274 1123 1338 1175 D.

136 1383 207 1455 Si
240 1412 341 1468 quid
370 1414 540 1454 omnino
555 1446 565 1464 ,
613 1413 693 1453 hoc
732 1411 967 1453 necessario
997 1414 1133 1452 facere
1166 1424 1236 1452 me
1264 1412 1403 1455 officio
1433 1411 1618 1464 arbitror,

136 1483 294 1540 patriae
314 1496 435 1522 meae
456 1483 660 1539 primores
684 1482 788 1533 viri,
839 1479 950 1537 quod
977 1478 1253 1541 prodeuntem
1283 1481 1352 1524 hic
1378 1482 1619 1538 scriptorem

136 1566 237 1594 vere
260 1551 440 1603 regium,
477 1549 553 1592 sed
579 1551 835 1603 incognitum
858 1551 1174 1605 ignoratamque
1200 1550 1419 1601 hactenus,
1456 1550 1619 1602 magni-

136 1622 216 1661 fico
247 1628 368 1675 atque
400 1621 539 1676 amplo
569 1621 691 1667 nobis
720 1619 883 1660 nomini
912 1627 1052 1662 vestro
1074 1620 1118 1659 in
1139 1619 1371 1663 clientelam
1390 1619 1506 1661 omni
1526 1620 1618 1676 pie-

136 1690 234 1730 tatis
269 1703 418 1741 genere
450 1689 749 1735 circumventus
779 1687 927 1736 addico
957 1696 999 1728 et
1032 1702 1243 1736 consecro,
1313 1688 1475 1743 quoties
1503 1688 1618 1732 enim

136 1759 182 1799 in
214 1759 606 1815 contemplationem
643 1756 749 1798 redii
782 1757 1089 1803 munificentiae
1125 1765 1285 1799 vestrae
1311 1765 1353 1797 et
1379 1758 1425 1797 in
1455 1765 1617 1813 patrem

135 1840 302 1877 meum,
336 1834 548 1882 totamque
569 1825 674 1867 adeo
697 1825 870 1867 domum
897 1834 1106 1877 nostram,
1137 1826 1402 1876 meritorum,
1441 1839 1617 1880 quorum

137 1910 215 1942 nos
236 1910 475 1938 mensuram
495 1897 667 1953 implere
686 1896 828 1949 gratiis
848 1910 934 1936 non
952 1909 1200 1951 possumus;
1236 1894 1397 1949 quoties
1418 1894 1525 1934 intra
1545 1908 1615 1940 me

136 1965 298 2023 ipsum,
341 1964 385 2005 id
423 1964 535 2020 quod
567 1965 800 2005 maximum
831 1972 873 2004 et
903 1963 1240 2021 potentissimum
1275 1970 1357 2014 est,
1393 1963 1534 2013 volvi,
1569 1964 1615 2007 iu

137 2041 276 2076 vestro
298 2047 367 2080 me
387 2035 476 2077 solo
501 2041 742 2089 conceptum
760 2041 801 2074 et
820 2041 963 2073 natum
982 2046 1087 2082 esse,
1122 2039 1262 2073 vestro
1289 2032 1364 2072 sub
1388 2032 1501 2079 caelo
1521 2034 1614 2072 ani-

136 2115 252 2144 mam
272 2115 319 2141 ac
343 2102 455 2143 vitae
479 2102 667 2158 spiritum
688 2102 902 2152 hausisse3
949 2101 1109 2155 quoties
1144 2101 1196 2145 ab
1227 2099 1367 2141 animo
1397 2107 1438 2140 et
1467 2107 1612 2143 natura

136 2171 229 2226 ipsa
247 2169 484 2215 admonitus
506 2185 598 2210 sum
613 2201 624 2222 ‚
658 2171 834 2212 multum
861 2183 953 2210 esse
977 2168 1087 2224 quod
1111 2169 1348 2224 parentibus
1371 2167 1609 2223 debeamus,

137 2240 230 2295 plus
259 2237 369 2294 quod
401 2240 580 2295 patriae,
636 2240 861 2295 plurimum
902 2245 1040 2278 autem
1077 2236 1186 2293 quod
1219 2238 1377 2296 patriae
1412 2239 1610 2294 patribus,

136 2308 279 2359 iustis,
323 2309 611 2359 clementibus,
658 2309 764 2348 bene
793 2306 978 2358 meritis,
1025 2321 1199 2362 quorum
1227 2313 1370 2362 utpote
1400 2307 1610 2349 maiestati

136 2376 270 2433 patria
298 2377 425 2425 etiam
444 2378 663 2417 auctoritas
692 2377 803 2422 vires
832 2390 928 2424 suas
954 2383 996 2419 et
1016 2375 1259 2432 plenissima
1287 2376 1509 2418 liberorum
1531 2376 1611 2415 ob-

137 2445 281 2500 sequia
310 2446 548 2494 subiecerit:
583 2447 707 2489 toties
731 2445 957 2497 exagitavit
980 2459 1048 2487 me
1070 2444 1266 2491 immensi
1290 2442 1418 2487 debiti
1443 2452 1611 2489 exactor

137 2521 180 2558 et
202 2514 470 2569 exprobrator
491 2515 667 2564 animus,
682 2522 728 2554 ut
744 2515 896 2567 gratias
915 2512 1136 2568 aliquando
1160 2520 1298 2553 tantae
1320 2526 1485 2565 agerem
1503 2514 1610 2552 libe-

138 2582 290 2628 ralitati
311 2583 515 2638 tantisque
534 2583 767 2634 beneficiis3
802 2591 843 2624 et
866 2581 1084 2635 dignitates
1105 2589 1266 2628 vestras
1280 2613 1291 2633 ,
1331 2582 1368 2622 si
1390 2596 1474 2622 non
1496 2582 1609 2638 pari-

139 2651 236 2701 bus,
284 2652 431 2693 saltem
460 2665 561 2707 quas
590 2653 700 2696 bona
732 2652 979 2696 conscientia
1010 2659 1130 2705 atque
1159 2651 1298 2706 ipsum
1330 2664 1376 2691 se
1405 2649 1608 2706 probandi

139 2726 309 2762 naturae
344 2718 526 2763 studium
557 2721 852 2776 exprimerent,
896 2718 1085 2768 laudibus
1118 2719 1347 2774 officiisque
1376 2732 1609 2760 venerarer.

141 2785 217 2828 sed
251 2788 362 2833 enim
396 2787 563 2833 difficile
592 2789 782 2846 inprimis
818 2797 939 2844 atque
963 2787 1137 2833 arduum
1159 2787 1397 2839 videbatur,
1433 2802 1458 2827 e
1480 2786 1609 2828 sterili

140 2868 240 2908 agro
261 2870 445 2903 messem
463 2859 611 2910 facere,
647 2859 761 2900 cuius
783 2857 934 2911 dignae
955 2857 1161 2915 primitiae
1182 2864 1346 2909 essent,
1377 2870 1479 2911 quas
1496 2861 1609 2896 tanta
