1878 3262
658 213 1053 260 HISTORJARUM
1084 214 1133 257 L.
1165 213 1245 257 IV.
1582 210 1679 257 153

218 331 444 391 τυχῆμασιν
468 331 711 389 ἐπαρθέντες
734 338 820 383 τοῖς
843 329 1141 388 προλαβοῦσιν,
1171 327 1307 383 ἐπειδὴ
1331 327 1428 379 τοὺς
1451 326 1496 371 ἐκ
1519 330 1593 383 τῆς
1605 324 1681 370 πό-

215 410 317 454 λεως
340 406 392 460 τῇ
416 405 490 445 τοῦ
510 400 648 459 χώρου
676 399 795 458 φύσει
819 397 1126 455 τεθαρσηκότας
1158 398 1237 450 ἔξω
1262 402 1400 441 πυλῶν
1426 395 1602 447 ἑστῶτας
1627 395 1684 439 εἶ-

218 475 312 525 δον,
350 471 454 514 ἔνθα
478 470 782 527 ἐπιμαχωτέραν
817 467 916 511 εἶναι
952 469 1158 522 συνέβαινε
1183 465 1360 522 ταύτην,
1397 468 1586 524 δρομαῖοι
1613 465 1682 508 διὰ

219 546 293 585 τοῦ
319 539 515 590 ἀνάντους
539 538 729 596 ἐχώρουν.
799 531 855 580 ὧν
879 541 932 594 τῇ
955 534 1085 592 τόλμῃ
1111 536 1430 593 καταπλαγέντες
1455 536 1595 578 ἐκεῖνοι
1621 535 1686 576 ἐπὶ

185 610 294 661 5τὰς
319 608 450 660 πύλας
475 610 698 652 εἰσέπιπτον
723 604 946 665 φεύγοντες.
1014 604 1126 647 οὔπω
1153 606 1197 647 δὲ
1222 606 1542 662 ἐπιζυγωθεισῶν
1567 606 1635 646 καὶ
1662 601 1685 645 ὅ

213 678 434 734 Ῥωμαίων
467 678 677 721 συνέπιπτε
702 673 896 733 στρατός,
940 675 1008 716 καὶ
1034 673 1174 716 λοιπὸν
1209 674 1314 716 κατὰ
1340 672 1489 730 κράτος
1520 671 1547 728 ἦ
1573 670 1690 722 πόλις

219 746 418 803 ἡλίσκετο.
486 751 616 790 ταῦτα
642 744 842 799 ςΡωμαῖοι
876 741 1228 801 καταπραξάμενοι
1262 743 1414 784 ἐκεῖθεν
1440 740 1687 800 ἀπεχώρουν.
1709 748 1742 784 Β

222 817 288 859 ἐπ’
318 817 451 873 ὀλίγον
476 817 520 858 δὲ
544 818 793 872 προελθοῦσι
820 813 893 856 σὺν
918 810 1190 870 στρατεύματι
1215 809 1377 869 μεγάλῳ
1403 809 1424 852 ὅ
1456 812 1691 867 Φλαμίγγος

223 884 397 941 ἀπήντα.
483 882 703 938 ζΡωμαίων
740 877 812 924 οῧν
847 899 951 932 τινες
985 885 1066 924 τῶν
1104 878 1323 937 ταγμάτων
1361 878 1693 937 προπηδήσαντες

170 965 215 999 10
226 953 348 1010 ὁμόσε
375 960 459 1004 τοῖς
483 954 690 1007 πολεμίοις
710 950 887 1008 ἐχώρουν
913 950 1009 1007 ἔργα
1022 950 1250 1005 θαυμαστὰ
1265 951 1305 999 ἐς
1329 949 1477 998 αὐτοὺς
1494 946 1694 990 ἐνδεικνύ-

223 1041 359 1079 μενοι,
399 1021 548 1077 πλήθει
585 1022 626 1064 δ’
665 1019 775 1076 ὅμως
799 1025 880 1063 τῶν
914 1021 1101 1062 ἐναντίων
1127 1019 1239 1076 παρὰ
1275 1018 1378 1060 πολὺ
1405 1015 1694 1070 ἐλασσούμενοι

226 1091 454 1149 ἀνεχώρουν
486 1091 627 1133 ὀπίσω.
704 1091 746 1132 ἐν
781 1087 912 1147 τούτῳ
949 1090 993 1132 δὲ
1029 1090 1097 1131 καὶ
1132 1087 1153 1130 ὃ
1182 1085 1350 1137 Aoi-mg
1384 1087 1610 1143 πανστρατὶ
1635 1089 1694 1143 τῷ

229 1162 452 1218 Φλαμίγγῳ
477 1161 721 1211 ἐπιτίθεται,
756 1156 1011 1216 τρεψάμενός
1036 1175 1079 1200 τε
1106 1157 1230 1200 αὗτόν
1250 1154 1467 1214 Μασαῦρα
1488 1155 1695 1212 προσέβα-

225 1235 304 1272 λεν.
374 1231 417 1280 ἐξ
453 1227 603 1286 ἐφόδου
639 1230 683 1270 δὲ
708 1230 775 1270 καὶ
799 1226 950 1282 ταύτης
974 1226 1233 1284 περιγεγονώς
1259 1223 1474 1280 ἀμύθητόν
1492 1241 1530 1266 τι
1551 1227 1697 1280 χρῆμα.

160 1307 215 1343 ι15
227 1299 458 1354 ἐπιτηδείων
483 1297 549 1340 ἐπ’
579 1295 833 1355 ἀκροπόλεως
858 1295 1062 1338 ἀπόθετον
1088 1297 1223 1353 εὗρεν,
1263 1293 1369 1336 ὅπλα
1404 1311 1446 1336 τε
1473 1293 1604 1334 πολλὰ
1629 1293 1698 1334 καὶ

222 1370 375 1418 ἵππους
408 1371 490 1410 τῶν
527 1368 743 1409 διακοσίων
781 1365 855 1408 οὐκ
899 1365 1145 1414 ἀποδέοντας
1182 1363 1307 1418 ἴσχεν.
1385 1362 1412 1404 ἃ
1452 1366 1698 1420 Ταραντῖνοι

227 1438 443 1493 βλέποντες
478 1435 583 1478 κατὰ
619 1433 860 1490 συστήματα
896 1436 962 1492 καὶ
1002 1432 1158 1488 δήμους
1195 1428 1478 1489 συνερχόμενοι
1513 1431 1700 1488 ἀναφαν-

230 1506 285 1548 δὰ
309 1506 379 1549 τὸν
409 1506 644 1560 Φλαμίγγον
665 1502 955 1560 ἐκακηγόρουν,
984 1502 1163 1559 ἔγκλημα
1191 1501 1301 1559 αὐτῷ
1327 1500 1603 1558 ἐπιφέροντες,
1640 1497 1702 1541 ὅτι

231 1575 283 1630 δὴ
311 1576 461 1618 δειλίαν
495 1574 569 1629 τὴν
605 1571 732 1615 αὖτοῧ
761 1566 985 1626 εΡωμαίοις
1019 1572 1250 1629 παρρησίας
1274 1571 1486 1624 πεποίηται
1511 1568 1626 1623 ῧλην.
1677 1565 1706 1608 ἃ

175 1658 222 1693 20
230 1644 371 1700 μηκέτι
395 1643 529 1701 φέρειν
553 1642 817 1698 δεδυνημένος
841 1642 987 1691 ἐκεῖνος
1009 1640 1056 1683 τὸ
1078 1638 1310 1696 στράτευμα
1336 1633 1461 1688 αὖθις
1483 1635 1701 1690 ἀναλαβὼν
1725 1646 1756 1681 c

231 1713 306 1767 τὴν
325 1711 543 1766 εΡωμαίων
566 1712 763 1766 ἐξεδέχετο
791 1707 997 1767 στρατιάν.
1069 1709 1162 1752 ἀλλ’
1194 1707 1286 1765 ἄρτι
1311 1725 1353 1750 τε
1377 1709 1432 1757 εἷς
1456 1706 1554 1762 ὄψιν
1577 1701 1706 1760 ’ἦλθεν

236 1781 347 1839 αὐτῷ
373 1782 439 1822 καὶ
468 1780 610 1822 αὖτίκα
638 1782 765 1839 δειλίᾳ
801 1781 973 1835 βληθεὶς
1000 1777 1130 1821 οὐκέτι
1169 1778 1296 1832 ἀλκῆς
1321 1777 1533 1831 ἐμέμνητο.
1605 1771 1706 1831 φεύ-

234 1866 349 1906 γουσι
383 1851 515 1892 τοίνυν
553 1849 690 1899 αὐτοῖς
715 1847 934 1902 ιΡωμαίων
967 1848 1093 1904 ὀλίγοι
1119 1846 1351 1900 ἐπιθέμενοί
1381 1862 1493 1894 τινας
1518 1843 1708 1886 ἔκτειναν.

329 1981 364 2015 6.
390 1976 612 2024 συνέπιπτε]
634 1978 751 2012 Malim
767 1976 1033 2013 συνεισέπιπτε.
1175 1978 1231 2014 16.
1255 1972 1472 2020 διακοσίων]
1495 1973 1551 2009 Ita
1571 1972 1707 2008 Tollius

329 2038 373 2061 ex
389 2026 594 2061 coniectura.
625 2025 711 2060 Cod.
728 2022 901 2070 διάκρων.

240 2144 345 2176 tunae
361 2140 441 2175 elati
457 2140 688 2184 successibus,
716 2151 788 2174 cum
806 2138 992 2185 oppidanos
1006 2137 1142 2183 ingenio
1156 2135 1223 2171 loci
1240 2135 1387 2170 confisos
1401 2138 1496 2171 stare
1511 2136 1611 2170 extra
1625 2145 1710 2180 por-

240 2192 294 2222 tas
309 2187 484 2231 viderent,
510 2199 577 2233 qua
591 2191 691 2232 parte
718 2185 905 2232 oppugnari
920 2184 1050 2218 facilius
1066 2187 1202 2230 poterat
1215 2183 1297 2216 urbs
1307 2208 1318 2225 ‚
1341 2193 1442 2217 cursu
1458 2193 1520 2228 per
1534 2182 1642 2216 ardua
1655 2182 1710 2216 fe-

241 2238 384 2277 runtur3
410 2239 509 2268 tanta
538 2245 653 2267 eorum
676 2233 818 2267 audacia
841 2231 988 2278 perculsi
1013 2230 1127 2264 hostes
1142 2230 1224 2273 fuga
1240 2239 1277 2262 se
1292 2228 1383 2262 intra
1397 2233 1514 2274 portas
1529 2227 1712 2272 recipiunt.

244 2281 367 2326 quibus
391 2280 500 2315 adhuc
524 2279 704 2321 reseratis,
731 2279 959 2312 Romanorum
985 2287 1052 2310 una
1076 2275 1194 2310 incidit
1211 2274 1381 2309 exercitus
1407 2279 1442 2308 et
1466 2274 1552 2308 urbe
1567 2285 1630 2319 per
1643 2272 1713 2306 vim

243 2327 384 2372 potitur.
432 2326 483 2360 his
505 2327 606 2360 rebus
630 2325 796 2359 confectis
822 2334 998 2358 excessere
1014 2321 1092 2356 inde
1107 2321 1261 2356 Romani.
1309 2320 1370 2354 sed
1384 2321 1444 2354 vix
1462 2320 1600 2354 multum
1616 2322 1716 2352 erant

245 2372 372 2407 emensi
397 2372 475 2414 iter,
501 2384 574 2406 cum
591 2372 724 2405 obviam
739 2371 780 2404 fit
794 2381 868 2404 cum
884 2369 1066 2403 numerosis
1082 2367 1188 2413 copiis
1199 2366 1406 2410 Flamingus.
1453 2371 1524 2400 tum
1539 2376 1623 2399 vero
1641 2365 1715 2398 Ro-

244 2419 335 2453 mani
349 2418 480 2464 aliquot
494 2431 536 2453 ex
561 2419 734 2452 ordinibus
757 2416 970 2462 prosilientes
994 2426 1070 2448 cum
1091 2414 1191 2448 hoste
1207 2412 1413 2457 confligunt,
1436 2411 1654 2455 mirandaque
1672 2421 1716 2443 eo

245 2465 281 2499 in
303 2465 488 2499 certamine
514 2464 617 2498 edunt
641 2463 805 2498 facinora.
852 2461 914 2496 sed
938 2473 1012 2495 cum
1038 2461 1155 2495 hostes
1182 2470 1319 2493 numero
1337 2458 1597 2503 praevalerent,
1620 2460 1716 2490 retro

247 2521 392 2545 cessere.
427 2511 518 2544 iuter
533 2511 616 2544 baec
630 2510 745 2544 Ducas
762 2520 838 2542 cum
852 2507 1011 2542 universo
1028 2506 1180 2541 exercitu
1194 2505 1405 2548 Flamingum
1421 2503 1587 2545 adoritur,
1607 2513 1718 2547 eoque

246 2555 282 2590 in
296 2558 409 2601 sugam
437 2557 627 2602 compulso,
651 2555 837 2590 Masasram
859 2554 964 2588 venit.
1012 2564 1080 2598 qua
1102 2552 1210 2597 primo
1226 2551 1354 2596 impetu
1370 2554 1584 2596 expugnata,
1606 2549 1719 2582 incre-

248 2601 380 2638 dibilem
396 2608 600 2637 commeatus
626 2607 662 2636 et
684 2600 949 2635 necessariarum
976 2610 1087 2633 rerum
1103 2597 1308 2631 reconditam
1330 2596 1365 2629 in
1381 2607 1462 2630 arce
1477 2595 1607 2640 copiam
1621 2594 1722 2628 inve-

250 2647 324 2692 nit,
348 2654 385 2683 et
394 2661 487 2683 arma
501 2649 639 2695 insuper
654 2648 777 2691 multa,
802 2657 974 2691 equosque
989 2656 1056 2678 non
1072 2644 1179 2678 minus
1200 2643 1373 2677 ducentos.
1418 2642 1454 2676 id
1481 2641 1539 2675 ubi
1560 2641 1722 2674 viderunt

251 2692 446 2738 Tarentini,
467 2695 606 2729 vicatim
629 2693 851 2737 tributimque
877 2691 1064 2726 maledictis
1080 2689 1252 2735 propalam
1276 2688 1487 2733 Flamingum
1501 2687 1722 2726 insectantur,

251 2737 471 2786 incusantque
483 2766 493 2783 ‚
517 2742 606 2786 quod
634 2740 725 2774 illius
745 2739 908 2772 timiditas
932 2742 968 2771 et
991 2736 1130 2780 ignavia
1146 2734 1305 2770 audaciae
1319 2735 1494 2769 materiam
1508 2733 1723 2779 praebuisset

254 2783 423 2820 Romanis.
470 2798 572 2832 quam
585 2787 644 2821 ille
661 2785 896 2820 contumeliam
913 2794 979 2817 non
1002 2785 1117 2817 ferens
1130 2809 1139 2826 ,
1162 2781 1343 2826 assumptis
1356 2780 1478 2814 iterum
1494 2779 1600 2825 copiis
1611 2806 1621 2822 ‚
1645 2778 1722 2811 Ro-

255 2840 425 2864 manorum
441 2837 622 2878 exspectat
633 2832 832 2866 exercitum.
879 2830 939 2864 sed
954 2830 1011 2863 vix
1024 2829 1058 2862 in
1073 2828 1163 2862 illius
1179 2830 1394 2872 conspectum
1410 2825 1516 2867 venit,
1539 2836 1614 2859 cum
1628 2821 1721 2867 prio-

255 2875 303 2910 ris
318 2876 527 2911 fortitudinis
539 2879 711 2913 immemor
725 2889 856 2924 pavore
870 2877 983 2912 subito
1000 2874 1193 2921 corripitur.
1226 2873 1398 2919 fugientes
1412 2872 1528 2917 itaque
1544 2867 1719 2917 nonnullos
