1878 3262
243 209 340 257 348
696 207 900 251 CAROLI
933 208 1013 251 DU
1047 207 1260 252 FRESNE

239 321 282 360 in
310 319 434 370 Episc.
464 317 635 356 Teatinis
662 331 701 356 n.
723 321 775 359 16
805 331 933 356 comes
960 318 1171 355 comitum.-
1200 317 1398 356 Robertus
1426 317 1463 356 Π
1490 317 1530 355 in
1559 316 1633 355 alia
1661 315 1704 358 A..

244 377 352 420 1115
365 403 375 423 ,
406 387 507 424 quae
524 374 696 413 habetur
717 375 761 412 in
783 374 978 412 Chronico
1004 374 1232 412 Monasterii
1250 375 1288 415 S.
1307 373 1472 426 Sophiae
1492 375 1703 413 Benevent.

239 445 369 470 comes·
394 434 585 469 comitum
608 430 656 468 (le
672 432 913 469 Lauratello
927 463 940 480 ,
971 437 1011 469 et
1034 431 1253 482 palatinus·
1282 443 1407 468 comes
1429 431 1471 468 in
1499 431 1638 469 charta
1659 430 1704 468 A.

239 487 347 530 1125
377 488 484 540 apud
507 487 710 539 Ughellum
729 494 826 529 tom.
848 492 875 531 8
898 502 936 540 p.
958 488 1040 529 357
1053 502 1064 537 ;
1104 487 1273 537 denique
1296 486 1547 538 Guillelmus,
1575 484 1705 525 Lore-

236 545 322 582 tella·
356 559 484 582 comes
516 547 732 592 comitum,
760 545 867 598 apud
894 544 1064 583 eundem
1092 543 1301 595 Ughellum
1332 543 1374 581 in
1400 544 1528 596 Episc.
1554 544 1706 583 Teatin.

236 615 274 642 n.
298 605 348 643 21
373 602 661 642 inscribuntur.
1296 625 1299 629 ¹

348 672 387 710 p.
406 662 485 700 137
504 671 544 698 V.
564 661 603 701 3.
664 654 898 711 Πεσχάραν]
929 657 1124 695 Ρίεοανία
1137 686 1148 707 ,
1164 658 1344 694 Pes-cara
1359 656 1498 706 hodie,
1525 669 1597 694 arx
1612 669 1704 694 mu-

232 714 422 752 nitissima
443 716 485 752 in
504 715 765 763 Samnitibm,
795 715 898 752 inter
918 715 1070 752 Atriam
1089 720 1127 751 et
1146 713 1358 762 Ortonam,
1388 713 1430 751 in
1449 712 1548 751 ostio
1569 712 1703 751 flumi-

231 772 292 809 nis
309 772 548 823 cognominis
566 772 607 810 in
626 785 733 809 mare
754 771 1000 809 Adriaticum
1019 771 1231 818 influentis,
1253 770 1398 810 veteris
1416 769 1551 822 oppidi
1566 769 1703 808 Aterni

231 828 500 866 fundamentis
527 828 795 876 inaedificata,
826 827 934 879 quod
954 830 1146 866 Aternum
1167 827 1284 866 fuisse
1305 828 1427 866 aiunt.
1484 826 1603 865 huius
1621 838 1704 864 me-

234 886 350 924 minit
369 886 512 924 Paulus
531 886 633 924 Diae.
653 885 678 924 l.
691 889 718 926 2
741 885 889 923 Rerum
907 885 1076 935 Langob.
1098 898 1131 922 c.
1144 887 1211 926 20.

349 956 388 981 v.
411 941 450 982 4.
510 940 531 983 ὃ
565 939 713 993 μαθών
744 940 764 982 ὅ
796 939 1099 994 Παλαιολόγος]
1137 940 1438 992 Expeditionem
1462 939 1705 978 Graecorum

234 997 409 1036 Italicam
423 1029 434 1047 ‚
464 1011 580 1048 quam
598 999 726 1036 obiter
746 998 876 1049 attigit
894 998 1045 1036 Nicetas
1063 998 1088 1035 l.
1100 1001 1126 1038 2
1143 1011 1173 1035 c·
1185 1000 1210 1038 8
1222 1026 1231 1044 ,
1258 997 1381 1035 fusius
1397 997 1593 1048 prosecuti
1611 1001 1705 1033 sunt

235 1055 479 1099 Falcandus,
511 1054 616 1093 Otho
636 1055 798 1105 Frising.
814 1055 839 1093 l.
858 1058 899 1095 2.
919 1057 1039 1103 c.29,
1069 1054 1172 1093 Will.
1188 1055 1331 1105 Tyrius
1352 1054 1376 1092 l.
1395 1056 1445 1097 18
1464 1057 1536 1095 c.2
1557 1057 1583 1095 7
1605 1058 1644 1089 et
1665 1055 1704 1102 8,

236 1112 339 1151 Rob.
364 1112 413 1149 de
436 1111 571 1149 Monte
590 1112 636 1153 A.
659 1111 766 1152 1155
790 1111 914 1158 1156,
949 1110 1174 1148 chronicon
1203 1112 1443 1148 Ceecanense
1469 1116 1507 1147 et
1532 1107 1706 1147 Chroni-

237 1182 314 1206 con
332 1168 514 1206 Pisanum
542 1168 585 1206 A.
611 1168 717 1210 1156
740 1173 780 1203 et
803 1170 930 1215 1157,
960 1167 1154 1205 Radulsus
1177 1167 1226 1204 de
1248 1167 1382 1204 Diceto
1401 1167 1444 1204 in
1463 1167 1580 1217 Imag.
1601 1165 1702 1205 Hist-

235 1224 283 1265 A.
307 1225 427 1266 1156.
486 1224 599 1262 addit
620 1225 731 1261 Stero
752 1236 861 1260 caesa
880 1225 922 1261 in
946 1237 990 1261 ea
1012 1222 1066 1266 40
1089 1223 1210 1261 millia
1231 1224 1483 1262 Graecorum.

348 1295 387 1322 v.
415 1285 456 1323 7.
515 1280 707 1331 Βεστίαν]
754 1280 919 1326 Vescia,
959 1293 1039 1318 non
1075 1281 1120 1318 V
1113 1282 1246 1329 ascia,
1286 1286 1334 1318 ut
1370 1279 1542 1330 praefert
1568 1277 1703 1327 editio,

236 1337 332 1376 urbs
351 1338 392 1375 in
412 1337 631 1375 confinibus
657 1338 949 1389 Campanorum
973 1342 1011 1374 et
1034 1337 1314 1387 Hirpinorum,
1342 1336 1449 1373 iuter
1468 1335 1645 1373 Abellam
1663 1340 1704 1372 et

234 1395 472 1442 Vesuvium,
500 1396 619 1432 Besa·
646 1394 743 1431 urbs
775 1393 882 1445 apud
907 1394 1024 1433 Leon.
1051 1393 1136 1431 Ost.
1155 1393 1181 1430 1.
1204 1397 1228 1434 3
1254 1406 1287 1432 c.
1308 1395 1372 1434 13.
1433 1391 1526 1431 vid-e
1556 1391 1703 1430 Cluve-

233 1451 340 1490 rium
357 1452 385 1489 l.
397 1455 421 1493 3
440 1452 575 1489 ltaliae
594 1450 791 1501 Antiquae
808 1456 847 1487 et
860 1449 1066 1501 Ughellum
1085 1456 1179 1490 tom.
1191 1454 1217 1492 7
1235 1449 1368 1487 Italiae
1382 1451 1523 1486 Sacrae
1533 1462 1570 1500 p.
1583 1449 1703 1489 1178.

345 1522 385 1546 v.
410 1511 474 1549 17.
536 1504 771 1559 Φλαβιανή]
802 1507 1037 1545 Flavianum
1067 1506 1171 1544 forte
1192 1506 1380 1558 oppidum
1399 1506 1442 1543 in
1461 1503 1703 1543 Samnitibus

233 1564 337 1602 circa
353 1564 466 1601 littus
486 1563 594 1601 haud
616 1564 757 1614 procul
778 1563 971 1601 Turdino.

345 1633 382 1671 p.
411 1620 490 1661 140
511 1634 548 1661 v.
567 1623 634 1660 21.
694 1619 733 1666 ἐς
765 1618 936 1669 ἔδαφος]
964 1617 1092 1670 Atque
1111 1617 1154 1657 id
1175 1617 1430 1669 postmodum
1455 1629 1594 1655 causae
1615 1615 1701 1664 suit,

229 1690 301 1714 cur
318 1676 540 1716 Willelmus
562 1681 716 1727 recepta
737 1676 850 1724 Bari,
881 1673 1028 1712 castelli
1051 1675 1131 1723 sui,
1165 1674 1273 1724 quod
1291 1688 1313 1711 a
1332 1674 1567 1712 Barensibus
1587 1673 1702 1710 diru-

81 1735 111 1769 Ρ
135 1732 203 1769 456
228 1740 314 1771 tum
332 1733 485 1782 fuerat,
515 1733 650 1771 ruinas
668 1732 855 1780 intuitus,
887 1732 1074 1769 Barenses
1093 1732 1148 1768 sic
1168 1731 1361 1768 allocutus
1379 1730 1448 1770 sit:
1477 1732 1606 1777 iusto,
1635 1729 1702 1766 in-

228 1791 315 1840 quit
331 1822 342 1839 ‚
371 1790 578 1827 vobiscum
604 1803 728 1841 agam
756 1787 937 1827 iudicio:
966 1796 1002 1825 et
1031 1790 1134 1838 quia
1162 1787 1304 1824 domui
1324 1801 1432 1824 meae
1443 1801 1609 1837 parcere
1625 1800 1702 1823 ηο-

231 1848 396 1896 luisti-s,
427 1854 528 1883 certe
553 1860 622 1883 nee
651 1859 721 1897 ego
745 1847 889 1884 restris
906 1858 999 1882 sum
1020 1844 1209 1882 domibus
1224 1845 1477 1895 parciturus.
1534 1842 1642 1893 quod
1661 1847 1701 1879 et

228 1904 380 1942 factum
411 1909 488 1940 est:
521 1903 646 1941 muris
675 1902 777 1939 enim
809 1901 981 1952 primum
1007 1901 1181 1951 aequatis
1202 1901 1305 1947 solo,
1334 1900 1458 1938 totius
1479 1900 1700 1937 insecutum

228 1966 288 1998 est
320 1960 519 1998 excidium
547 1959 728 1998 civitatis.
786 1958 916 1995 Barim
941 1971 1063 2008 porro
1093 1957 1248 1995 Graecis
1279 1957 1481 1994 ademerat
1506 1957 1581 1994 iam
1605 1955 1700 1993 olim

227 2016 492 2067 Guiscardus‚
522 2023 569 2055 ut
588 2022 647 2053 est
666 2016 708 2053 in
728 2014 923 2053 Chronico
945 2014 1072 2051 Casin.
1089 2014 1113 2054 l.
1137 2017 1162 2055 3
1190 2026 1221 2051 e.
1242 2012 1311 2054 44.

340 2086 381 2122 p-
404 2074 482 2116 141
505 2086 543 2113 v.
562 2076 603 2115 2.
669 2071 843 2125 Τρᾶνιν]
878 2071 980 2109 Urbs
998 2076 1092 2108 nota
1112 2070 1154 2108 in
1174 2083 1219 2107 ea
1238 2083 1306 2108 ora
1330 2069 1454 2107 Trani
1474 2067 1593 2105 hodie
1615 2067 1700 2104 fere

228 2128 376 2166 diruta.

341 2197 380 2223 v.
404 2186 441 2224 ὃ,
500 2179 774 2235 Γιβενοὶτζιον]
796 2183 1040 2222 [uvenatium
1059 2182 1104 2220 in-
1120 2182 1283 2234 Apuliae
1301 2180 1503 2219 Peucetiae
1520 2191 1588 2217 ora
1607 2191 1696 2215 ma—

226 2241 380 2288 ritima,
412 2243 465 2280 12
485 2252 536 2276 m.
562 2253 583 2275 a
604 2239 715 2287 Bari,
745 2239 864 2277 hodie
887 2243 1146 2278 Giovenazzo.

338 2310 377 2335 v.
403 2294 442 2335 4.
496 2292 745 2346 “”Ριτζάρδος]
776 2295 868 2332 Fuit
898 2296 964 2332 hic
990 2295 1185 2333 Ricardus
1217 2293 1386 2333 Andriae
1413 2303 1560 2339 comeS,
1590 2290 1694 2329 Wil-

225 2353 332 2392 lelmi
363 2352 462 2402 regis
487 2352 666 2402 partibus
692 2350 886 2388 addictus.
945 2351 1113 2401 proinde
1138 2352 1208 2387 vix
1238 2350 1362 2387 simile
1386 2348 1572 2386 videatur
1597 2360 1697 2385 vero

225 2410 340 2448 illum
362 2422 443 2447 esse
459 2409 526 2457 qui
547 2422 568 2444 a
589 2407 765 2445 Roberto
787 2406 835 2444 de
856 2407 992 2444 Monte
1013 2407 1058 2443 A.
1080 2406 1188 2447 1155
1217 2403 1453 2443 Riclzardas
1476 2403 1525 2440 de
1540 2404 1695 2454 Linges·

227 2481 354 2504 come-s
369 2464 554 2503 Andriae
570 2469 847 2514 nuncupatur,
876 2476 966 2501 cum
984 2462 1202 2500 Robertum
1221 2459 1470 2498 Bassavillam
1487 2460 1519 2496 is
1537 2466 1694 2497 secutus

225 2523 292 2560 sit.
351 2522 493 2560 deinde
519 2520 762 2568 Richardus‚
799 2519 912 2557 cuius
942 2519 1118 2555 meminit
1143 2517 1359 2564 Robertus,
1395 2529 1475 2553 non
1503 2515 1694 2566 Andriae,

223 2578 294 2616 sed
329 2579 453 2616 Andri
480 2579 631 2616 insulae
659 2589 789 2615 comes
819 2575 920 2623 fuit,
950 2575 981 2612 si
1011 2588 1087 2624 qua
1119 2574 1217 2611 fides
1244 2572 1369 2610 eidem
1394 2571 1492 2609 haec
1514 2572 1559 2609 A.
1583 2571 1691 2614 1145

223 2634 429 2672 scribenti:
466 2649 532 2671 rex
568 2636 772 2685 Rogerius
810 2633 978 2670 Siciliae
1023 2631 1315 2681 Tripolitanum
1355 2630 1610 2678 provinciam
1647 2631 1694 2666 in

224 2692 376 2741 Africa
394 2705 513 2741 super
528 2705 718 2742 paganos
734 2692 848 2740 cepit.
907 2690 951 2725 in
970 2688 1051 2724 Ιιασ
1068 2686 1310 2738 expeditione
1332 2686 1425 2736 suit
1455 2693 1490 2722 et
1518 2685 1692 2722 multum

220 2749 384 2800 profuit
411 2746 651 2785 Riclzardas
678 2747 726 2784 de
755 2745 988 2797 Linglzenc,
1019 2744 1132 2780 miles
1159 2744 1354 2793 optimus,
1385 2743 1457 2793 qai
1488 2756 1615 2793 nuper
1642 2740 1691 2778 de

224 2805 445 2843 Baiocensc
476 2805 673 2840 comitatu
702 2803 804 2840 illuc
824 2807 1075 2853 perrexerat,
1107 2806 1141 2835 et
1165 2813 1191 2836 a
1211 2813 1300 2850 rege
1319 2800 1495 2850 Rogerio
1515 2799 1690 2836 comita-

228 2869 316 2900 tum
340 2859 480 2899 Andri
511 2860 689 2909 insulae,
729 2872 851 2911 quam
883 2870 1012 2909 nuper
1037 2854 1143 2893 idem
1170 2869 1237 2893 rex
1261 2868 1382 2907 super
1411 2858 1692 2908 imperatorem
