<?xml version="1.0" encoding="UTF-8"?>
<!DOCTYPE html PUBLIC "-//W3C//DTD XHTML 1.0 Transitional//EN"
    "http://www.w3.org/TR/xhtml1/DTD/xhtml1-transitional.dtd">
<html xmlns="http://www.w3.org/1999/xhtml" xml:lang="en" lang="en">
 <head>
  <title>
</title>
<meta http-equiv="Content-Type" content="text/html;charset=utf-8" />
  <meta name='ocr-system' content='tesseract 3.04.00' />
  <meta name='ocr-capabilities' content='ocr_page ocr_carea ocr_par ocr_line ocrx_word'/>
</head>
<body>
  <div class='ocr_page' id='page_1' title='image "./corpusscriptorum26niebuoft_0419.png"; bbox 0 0 1878 3262; ppageno 0'>
   <div class='ocr_carea' id='block_1_1' title="bbox 360 205 1651 252">
    <p class='ocr_par' dir='ltr' id='par_1_1' title="bbox 360 205 1651 252">
     <span class='ocr_line' id='line_1_1' title="bbox 360 205 1651 252; baseline 0 0"><span class='ocrx_word' id='word_1_1' title='bbox 360 209 420 252; x_wconf 83' lang='lat' dir='ltr'><em>IN</em></span> <span class='ocrx_word' id='word_1_2' title='bbox 441 208 756 252; x_wconf 84' lang='lat' dir='ltr'><strong>HISTORIAM</strong></span> <span class='ocrx_word' id='word_1_3' title='bbox 772 207 998 251; x_wconf 86' lang='lat' dir='ltr'><strong>IOANNIS</strong></span> <span class='ocrx_word' id='word_1_4' title='bbox 1017 205 1250 251; x_wconf 81' lang='lat' dir='ltr'><strong>CINNAMI</strong></span> <span class='ocrx_word' id='word_1_5' title='bbox 1267 206 1466 250; x_wconf 83' lang='lat' dir='ltr'><strong>NOTAE.</strong></span> <span class='ocrx_word' id='word_1_6' title='bbox 1555 205 1651 251; x_wconf 85' lang='lat'><em>387</em></span> 
     </span>
    </p>
   </div>
   <div class='ocr_carea' id='block_1_2' title="bbox 163 313 1652 1667">
    <p class='ocr_par' dir='ltr' id='par_1_2' title="bbox 163 313 1652 1667">
     <span class='ocr_line' id='line_1_2' title="bbox 191 313 1650 372; baseline -0.004 -12"><span class='ocrx_word' id='word_1_7' title='bbox 191 315 406 371; x_wconf 76' lang='grc' dir='ltr'><strong><em>ἑλκομένου</em></strong></span> <span class='ocrx_word' id='word_1_8' title='bbox 432 318 540 370; x_wconf 80' lang='grc' dir='ltr'>βοῶν</span> <span class='ocrx_word' id='word_1_9' title='bbox 560 313 786 372; x_wconf 81' lang='grc' dir='ltr'><strong><em>ζεύγμασιν.</em></strong></span> <span class='ocrx_word' id='word_1_10' title='bbox 844 317 1111 356; x_wconf 88' lang='lat' dir='ltr'><em>carrociorum</em></span> <span class='ocrx_word' id='word_1_11' title='bbox 1135 317 1326 364; x_wconf 84' lang='lat' dir='ltr'><em>sormam,</em></span> <span class='ocrx_word' id='word_1_12' title='bbox 1355 329 1525 367; x_wconf 89' lang='lat' dir='ltr'><em>quorum</em></span> <span class='ocrx_word' id='word_1_13' title='bbox 1554 329 1650 356; x_wconf 83' lang='lat' dir='ltr'><em>usus</em></span> 
     </span>
     <span class='ocr_line' id='line_1_3' title="bbox 190 373 1650 426; baseline -0.001 -12"><span class='ocrx_word' id='word_1_14' title='bbox 190 376 373 426; x_wconf 79' lang='lat' dir='ltr'>frequens</span> <span class='ocrx_word' id='word_1_15' title='bbox 404 374 482 414; x_wconf 88' lang='lat' dir='ltr'><em>suit</em></span> <span class='ocrx_word' id='word_1_16' title='bbox 509 374 550 412; x_wconf 92' lang='lat' dir='ltr'><em>in</em></span> <span class='ocrx_word' id='word_1_17' title='bbox 582 374 714 424; x_wconf 89' lang='lat' dir='ltr'><em>Italia,</em></span> <span class='ocrx_word' id='word_1_18' title='bbox 753 373 932 423; x_wconf 86' lang='lat' dir='ltr'><em>pluribus</em></span> <span class='ocrx_word' id='word_1_19' title='bbox 970 374 1177 425; x_wconf 85' lang='lat' dir='ltr'><strong>descripsit</strong></span> <span class='ocrx_word' id='word_1_20' title='bbox 1202 373 1371 424; x_wconf 81' lang='lat' dir='ltr'>Angelus</span> <span class='ocrx_word' id='word_1_21' title='bbox 1400 374 1650 412; x_wconf 85' lang='lat' dir='ltr'><em>Portenarius</em></span> 
     </span>
     <span class='ocr_line' id='line_1_4' title="bbox 191 428 1651 474; baseline -0.001 -4"><span class='ocrx_word' id='word_1_22' title='bbox 191 431 218 471; x_wconf 91' lang='lat' dir='ltr'><em>l.</em></span> <span class='ocrx_word' id='word_1_23' title='bbox 244 432 271 474; x_wconf 87' lang='lat'><em>5</em></span> <span class='ocrx_word' id='word_1_24' title='bbox 308 430 418 470; x_wconf 84' lang='lat' dir='ltr'><em>della</em></span> <span class='ocrx_word' id='word_1_25' title='bbox 451 431 624 469; x_wconf 85' lang='lat' dir='ltr'><em>Felicita</em></span> <span class='ocrx_word' id='word_1_26' title='bbox 652 429 697 468; x_wconf 85' lang='lat' dir='ltr'><em>di</em></span> <span class='ocrx_word' id='word_1_27' title='bbox 723 428 878 468; x_wconf 76' lang='lat' dir='ltr'><em>Padua</em></span> <span class='ocrx_word' id='word_1_28' title='bbox 905 443 941 467; x_wconf 89' lang='lat' dir='ltr'><em>c.</em></span> <span class='ocrx_word' id='word_1_29' title='bbox 969 433 1010 472; x_wconf 89' lang='grc'><em>6.</em></span> <span class='ocrx_word' id='word_1_30' title='bbox 1066 430 1122 468; x_wconf 86' lang='lat' dir='ltr'><em>sic</em></span> <span class='ocrx_word' id='word_1_31' title='bbox 1147 435 1278 468; x_wconf 85' lang='lat' dir='ltr'><em>autem</em></span> <span class='ocrx_word' id='word_1_32' title='bbox 1304 429 1388 468; x_wconf 85' lang='lat' dir='ltr'><em>ille:</em></span> <span class='ocrx_word' id='word_1_33' title='bbox 1417 444 1486 468; x_wconf 82' lang='lat' dir='ltr'><em>era</em></span> <span class='ocrx_word' id='word_1_34' title='bbox 1518 431 1554 468; x_wconf 85' lang='lat' dir='ltr'><em>il</em></span> <span class='ocrx_word' id='word_1_35' title='bbox 1578 445 1651 468; x_wconf 87' lang='lat' dir='ltr'><em>ca-</em></span> 
     </span>
     <span class='ocr_line' id='line_1_5' title="bbox 191 485 1652 539; baseline -0.001 -14"><span class='ocrx_word' id='word_1_36' title='bbox 191 489 324 526; x_wconf 86' lang='lat' dir='ltr'><em>roccio</em></span> <span class='ocrx_word' id='word_1_37' title='bbox 354 501 410 525; x_wconf 76' lang='lat' dir='ltr'><em>an</em></span> <span class='ocrx_word' id='word_1_38' title='bbox 439 501 556 525; x_wconf 86' lang='lat' dir='ltr'><em>carro</em></span> <span class='ocrx_word' id='word_1_39' title='bbox 581 485 742 539; x_wconf 80' lang='lat' dir='ltr'><strong><em>grande</em></strong></span> <span class='ocrx_word' id='word_1_40' title='bbox 769 500 845 524; x_wconf 91' lang='lat' dir='ltr'><em>con</em></span> <span class='ocrx_word' id='word_1_41' title='bbox 871 493 1020 537; x_wconf 81' lang='lat' dir='ltr'><em>quatro</em></span> <span class='ocrx_word' id='word_1_42' title='bbox 1046 493 1178 536; x_wconf 83' lang='lat' dir='ltr'><em>ruote,</em></span> <span class='ocrx_word' id='word_1_43' title='bbox 1205 500 1330 537; x_wconf 70' lang='lat' dir='ltr'><em>sopra</em></span> <span class='ocrx_word' id='word_1_44' title='bbox 1352 487 1388 523; x_wconf 87' lang='lat' dir='ltr'><em>il</em></span> <span class='ocrx_word' id='word_1_45' title='bbox 1405 488 1528 538; x_wconf 83' lang='lat' dir='ltr'><em>quale</em></span> <span class='ocrx_word' id='word_1_46' title='bbox 1544 487 1652 524; x_wconf 82' lang='lat' dir='ltr'><em>nella</em></span> 
     </span>
     <span class='ocr_line' id='line_1_6' title="bbox 163 541 1651 596; baseline 0.001 -15"><span class='ocrx_word' id='word_1_47' title='bbox 163 575 167 580; x_wconf 93' lang='lat'><em>.</em></span> <span class='ocrx_word' id='word_1_48' title='bbox 185 551 308 596; x_wconf 88' lang='lat' dir='ltr'><em>parte</em></span> <span class='ocrx_word' id='word_1_49' title='bbox 325 542 450 581; x_wconf 87' lang='lat' dir='ltr'><em>dietro</em></span> <span class='ocrx_word' id='word_1_50' title='bbox 475 558 544 582; x_wconf 87' lang='lat' dir='ltr'><em>era</em></span> <span class='ocrx_word' id='word_1_51' title='bbox 560 558 615 582; x_wconf 86' lang='lat' dir='ltr'><em>un</em></span> <span class='ocrx_word' id='word_1_52' title='bbox 632 543 836 582; x_wconf 80' lang='lat' dir='ltr'><em>tribunale</em></span> <span class='ocrx_word' id='word_1_53' title='bbox 855 550 1010 594; x_wconf 87' lang='lat' dir='ltr'><em>coperto</em></span> <span class='ocrx_word' id='word_1_54' title='bbox 1032 541 1078 579; x_wconf 86' lang='lat' dir='ltr'><em>di</em></span> <span class='ocrx_word' id='word_1_55' title='bbox 1096 543 1274 581; x_wconf 75' lang='lat' dir='ltr'><em>scarlato</em></span> <span class='ocrx_word' id='word_1_56' title='bbox 1286 574 1300 591; x_wconf 91' lang='lat'><em>‚</em></span> <span class='ocrx_word' id='word_1_57' title='bbox 1329 557 1352 580; x_wconf 92' lang='lat' dir='ltr'><em>o</em></span> <span class='ocrx_word' id='word_1_58' title='bbox 1373 545 1505 581; x_wconf 67' lang='lat' dir='ltr'><em>veluto</em></span> <span class='ocrx_word' id='word_1_59' title='bbox 1523 558 1651 595; x_wconf 73' lang='lat' dir='ltr'><em>rocco,</em></span> 
     </span>
     <span class='ocr_line' id='line_1_7' title="bbox 184 598 1651 652; baseline 0 -14"><span class='ocrx_word' id='word_1_60' title='bbox 184 601 330 652; x_wconf 79' lang='lat' dir='ltr'><em>perche</em></span> <span class='ocrx_word' id='word_1_61' title='bbox 355 601 402 638; x_wconf 85' lang='lat' dir='ltr'><em>al</em></span> <span class='ocrx_word' id='word_1_62' title='bbox 426 601 626 649; x_wconf 84' lang='lat' dir='ltr'><em>caroccio,</em></span> <span class='ocrx_word' id='word_1_63' title='bbox 657 601 775 652; x_wconf 76' lang='lat' dir='ltr'><em>quasi</em></span> <span class='ocrx_word' id='word_1_64' title='bbox 800 613 827 637; x_wconf 91' lang='lat' dir='ltr'><em>a</em></span> <span class='ocrx_word' id='word_1_65' title='bbox 859 598 1079 648; x_wconf 79' lang='lat' dir='ltr'><em>tribunale,</em></span> <span class='ocrx_word' id='word_1_66' title='bbox 1109 600 1148 636; x_wconf 72' lang='lat' dir='ltr'><em>si</em></span> <span class='ocrx_word' id='word_1_67' title='bbox 1174 598 1367 638; x_wconf 71' lang='lat' dir='ltr'><em>ridaceva</em></span> <span class='ocrx_word' id='word_1_68' title='bbox 1396 600 1432 637; x_wconf 85' lang='lat' dir='ltr'><em>il</em></span> <span class='ocrx_word' id='word_1_69' title='bbox 1459 602 1651 651; x_wconf 87' lang='lat' dir='ltr'><em>capitano</em></span> 
     </span>
     <span class='ocr_line' id='line_1_8' title="bbox 191 653 1651 708; baseline 0.001 -14"><span class='ocrx_word' id='word_1_70' title='bbox 191 658 353 694; x_wconf 69' lang='lat' dir='ltr'><em>insieme</em></span> <span class='ocrx_word' id='word_1_71' title='bbox 371 671 444 695; x_wconf 87' lang='lat' dir='ltr'><em>con</em></span> <span class='ocrx_word' id='word_1_72' title='bbox 459 657 492 694; x_wconf 89' lang='lat' dir='ltr'><em>li</em></span> <span class='ocrx_word' id='word_1_73' title='bbox 511 657 743 708; x_wconf 72' lang='lat' dir='ltr'><em>consiglieri</em></span> <span class='ocrx_word' id='word_1_74' title='bbox 761 654 808 693; x_wconf 85' lang='lat' dir='ltr'><em>di</em></span> <span class='ocrx_word' id='word_1_75' title='bbox 820 669 985 707; x_wconf 81' lang='lat' dir='ltr'><em>guerra,</em></span> <span class='ocrx_word' id='word_1_76' title='bbox 1013 653 1178 706; x_wconf 74' lang='lat' dir='ltr'><em>quando</em></span> <span class='ocrx_word' id='word_1_77' title='bbox 1197 658 1235 692; x_wconf 79' lang='lat' dir='ltr'><em>si</em></span> <span class='ocrx_word' id='word_1_78' title='bbox 1250 655 1461 694; x_wconf 81' lang='lat' dir='ltr'><em>havevano</em></span> <span class='ocrx_word' id='word_1_79' title='bbox 1482 655 1537 694; x_wconf 85' lang='lat' dir='ltr'><em>da</em></span> <span class='ocrx_word' id='word_1_80' title='bbox 1553 671 1651 695; x_wconf 84' lang='lat' dir='ltr'><em>con-</em></span> 
     </span>
     <span class='ocr_line' id='line_1_9' title="bbox 190 711 1651 765; baseline 0.001 -15"><span class='ocrx_word' id='word_1_81' title='bbox 190 714 346 750; x_wconf 71' lang='lat' dir='ltr'><em>sultare</em></span> <span class='ocrx_word' id='word_1_82' title='bbox 365 713 402 751; x_wconf 86' lang='lat' dir='ltr'><em>le</em></span> <span class='ocrx_word' id='word_1_83' title='bbox 420 727 508 751; x_wconf 76' lang='lat' dir='ltr'><em>cose</em></span> <span class='ocrx_word' id='word_1_84' title='bbox 525 712 584 750; x_wconf 88' lang='lat' dir='ltr'><em>ad</em></span> <span class='ocrx_word' id='word_1_85' title='bbox 600 727 690 750; x_wconf 74' lang='lat' dir='ltr'><em>ecca</em></span> <span class='ocrx_word' id='word_1_86' title='bbox 703 726 856 764; x_wconf 79' lang='lat' dir='ltr'><em>guerra</em></span> <span class='ocrx_word' id='word_1_87' title='bbox 864 713 1092 763; x_wconf 77' lang='lat' dir='ltr'><em>pertinenti.</em></span> <span class='ocrx_word' id='word_1_88' title='bbox 1149 712 1216 748; x_wconf 86' lang='lat' dir='ltr'><em>nel</em></span> <span class='ocrx_word' id='word_1_89' title='bbox 1230 725 1357 749; x_wconf 80' lang='lat' dir='ltr'><em>mezzo</em></span> <span class='ocrx_word' id='word_1_90' title='bbox 1378 711 1446 750; x_wconf 83' lang='lat' dir='ltr'><em>del</em></span> <span class='ocrx_word' id='word_1_91' title='bbox 1457 714 1651 765; x_wconf 77' lang='lat' dir='ltr'><em>caroccio,</em></span> 
     </span>
     <span class='ocr_line' id='line_1_10' title="bbox 190 766 1652 821; baseline 0.001 -14"><span class='ocrx_word' id='word_1_92' title='bbox 190 784 259 807; x_wconf 85' lang='lat' dir='ltr'><em>era</em></span> <span class='ocrx_word' id='word_1_93' title='bbox 271 771 462 821; x_wconf 83' lang='lat' dir='ltr'><em>piantato</em></span> <span class='ocrx_word' id='word_1_94' title='bbox 478 783 534 806; x_wconf 80' lang='lat' dir='ltr'><em>un</em></span> <span class='ocrx_word' id='word_1_95' title='bbox 557 770 642 807; x_wconf 87' lang='lat' dir='ltr'><em>alto</em></span> <span class='ocrx_word' id='word_1_96' title='bbox 665 769 812 817; x_wconf 87' lang='lat' dir='ltr'><em>albero,</em></span> <span class='ocrx_word' id='word_1_97' title='bbox 835 768 946 806; x_wconf 84' lang='lat' dir='ltr'><em>nella</em></span> <span class='ocrx_word' id='word_1_98' title='bbox 965 769 1154 805; x_wconf 77' lang='lat' dir='ltr'><em>sommita</em></span> <span class='ocrx_word' id='word_1_99' title='bbox 1174 766 1242 805; x_wconf 83' lang='lat' dir='ltr'><em>del</em></span> <span class='ocrx_word' id='word_1_100' title='bbox 1258 769 1378 819; x_wconf 85' lang='lat' dir='ltr'><em>quale</em></span> <span class='ocrx_word' id='word_1_101' title='bbox 1395 784 1462 806; x_wconf 86' lang='lat' dir='ltr'><em>era</em></span> <span class='ocrx_word' id='word_1_102' title='bbox 1480 770 1524 807; x_wconf 81' lang='lat' dir='ltr'><em>la</em></span> <span class='ocrx_word' id='word_1_103' title='bbox 1544 770 1652 808; x_wconf 84' lang='lat' dir='ltr'><em>ban-</em></span> 
     </span>
     <span class='ocr_line' id='line_1_11' title="bbox 189 823 1650 876; baseline 0.001 -13"><span class='ocrx_word' id='word_1_104' title='bbox 189 824 325 876; x_wconf 86' lang='lat' dir='ltr'><em>diera,</em></span> <span class='ocrx_word' id='word_1_105' title='bbox 356 840 378 864; x_wconf 96' lang='grc' dir='ltr'><strong><em>ο</em></strong></span> <span class='ocrx_word' id='word_1_106' title='bbox 399 824 624 863; x_wconf 72' lang='grc' dir='ltr'><em>εἰαηᾱανιῖο</em></span> <span class='ocrx_word' id='word_1_107' title='bbox 646 824 756 864; x_wconf 76' lang='lat' dir='ltr'><em>della</em></span> <span class='ocrx_word' id='word_1_108' title='bbox 776 826 878 862; x_wconf 79' lang='lat' dir='ltr'><em>citta</em></span> <span class='ocrx_word' id='word_1_109' title='bbox 890 854 900 873; x_wconf 91' lang='lat'><em>‚</em></span> <span class='ocrx_word' id='word_1_110' title='bbox 929 831 966 862; x_wconf 85' lang='lat' dir='ltr'><em>et</em></span> <span class='ocrx_word' id='word_1_111' title='bbox 993 838 1062 862; x_wconf 90' lang='lat' dir='ltr'><em>era</em></span> <span class='ocrx_word' id='word_1_112' title='bbox 1082 826 1207 862; x_wconf 85' lang='lat' dir='ltr'><em>tirato</em></span> <span class='ocrx_word' id='word_1_113' title='bbox 1229 823 1286 861; x_wconf 85' lang='lat' dir='ltr'><em>da</em></span> <span class='ocrx_word' id='word_1_114' title='bbox 1304 833 1451 875; x_wconf 79' lang='lat' dir='ltr'><em>quatro</em></span> <span class='ocrx_word' id='word_1_115' title='bbox 1472 827 1519 863; x_wconf 87' lang='lat' dir='ltr'><em>al</em></span> <span class='ocrx_word' id='word_1_116' title='bbox 1537 841 1650 864; x_wconf 81' lang='lat' dir='ltr'><em>meno</em></span> 
     </span>
     <span class='ocr_line' id='line_1_12' title="bbox 181 879 1651 934; baseline 0.001 -15"><span class='ocrx_word' id='word_1_117' title='bbox 181 883 290 934; x_wconf 87' lang='lat' dir='ltr'><em>paia</em></span> <span class='ocrx_word' id='word_1_118' title='bbox 310 880 358 919; x_wconf 86' lang='lat' dir='ltr'><em>de</em></span> <span class='ocrx_word' id='word_1_119' title='bbox 376 882 474 920; x_wconf 80' lang='lat' dir='ltr'><em>huoi</em></span> <span class='ocrx_word' id='word_1_120' title='bbox 490 881 727 934; x_wconf 80' lang='lat' dir='ltr'><em>gagliardi‚</em></span> <span class='ocrx_word' id='word_1_121' title='bbox 756 883 906 933; x_wconf 88' lang='lat' dir='ltr'><em>coperti</em></span> <span class='ocrx_word' id='word_1_122' title='bbox 933 879 979 918; x_wconf 87' lang='lat' dir='ltr'><em>di</em></span> <span class='ocrx_word' id='word_1_123' title='bbox 1004 882 1109 918; x_wconf 87' lang='lat' dir='ltr'><em>ricco</em></span> <span class='ocrx_word' id='word_1_124' title='bbox 1132 879 1289 932; x_wconf 85' lang='lat' dir='ltr'><em>drappo</em></span> <span class='ocrx_word' id='word_1_125' title='bbox 1308 880 1377 918; x_wconf 83' lang='lat' dir='ltr'><em>del</em></span> <span class='ocrx_word' id='word_1_126' title='bbox 1393 882 1523 919; x_wconf 83' lang='lat' dir='ltr'><em>colore</em></span> <span class='ocrx_word' id='word_1_127' title='bbox 1541 882 1651 921; x_wconf 79' lang='lat' dir='ltr'><em>della</em></span> 
     </span>
     <span class='ocr_line' id='line_1_13' title="bbox 188 937 1649 991; baseline 0 -15"><span class='ocrx_word' id='word_1_128' title='bbox 188 937 396 978; x_wconf 84' lang='lat' dir='ltr'><em>bandiera.</em></span> <span class='ocrx_word' id='word_1_129' title='bbox 450 937 701 977; x_wconf 71' lang='lat' dir='ltr'><em>Mandavasi</em></span> <span class='ocrx_word' id='word_1_130' title='bbox 725 945 859 989; x_wconf 79' lang='lat' dir='ltr'><em>questo</em></span> <span class='ocrx_word' id='word_1_131' title='bbox 890 951 1007 975; x_wconf 89' lang='lat' dir='ltr'><em>carro</em></span> <span class='ocrx_word' id='word_1_132' title='bbox 1039 938 1130 974; x_wconf 85' lang='lat' dir='ltr'><em>alla</em></span> <span class='ocrx_word' id='word_1_133' title='bbox 1153 951 1304 989; x_wconf 82' lang='lat' dir='ltr'><em>guerra</em></span> <span class='ocrx_word' id='word_1_134' title='bbox 1332 951 1405 975; x_wconf 87' lang='lat' dir='ltr'><em>con</em></span> <span class='ocrx_word' id='word_1_135' title='bbox 1424 938 1649 991; x_wconf 79' lang='lat' dir='ltr'><em>l’essercito,</em></span> 
     </span>
     <span class='ocr_line' id='line_1_14' title="bbox 188 993 1651 1049; baseline 0.001 -17"><span class='ocrx_word' id='word_1_136' title='bbox 188 995 277 1032; x_wconf 86' lang='lat' dir='ltr'><em>alla</em></span> <span class='ocrx_word' id='word_1_137' title='bbox 295 996 364 1032; x_wconf 83' lang='lat' dir='ltr'><em>cui</em></span> <span class='ocrx_word' id='word_1_138' title='bbox 376 994 534 1046; x_wconf 83' lang='lat' dir='ltr'><em>gardia</em></span> <span class='ocrx_word' id='word_1_139' title='bbox 552 1009 674 1033; x_wconf 85' lang='lat' dir='ltr'><em>erano</em></span> <span class='ocrx_word' id='word_1_140' title='bbox 695 993 878 1046; x_wconf 86' lang='lat' dir='ltr'><em>diputati</em></span> <span class='ocrx_word' id='word_1_141' title='bbox 892 994 1002 1031; x_wconf 89' lang='lat' dir='ltr'><em>mille</em></span> <span class='ocrx_word' id='word_1_142' title='bbox 1022 1008 1041 1031; x_wconf 91' lang='lat' dir='ltr'><em>e</em></span> <span class='ocrx_word' id='word_1_143' title='bbox 1057 995 1310 1045; x_wconf 82' lang='lat' dir='ltr'><em>cinquecento</em></span> <span class='ocrx_word' id='word_1_144' title='bbox 1328 993 1494 1044; x_wconf 72' lang='lat' dir='ltr'><em>coldati,</em></span> <span class='ocrx_word' id='word_1_145' title='bbox 1522 997 1651 1049; x_wconf 76' lang='lat' dir='ltr'><em>scelti,</em></span> 
     </span>
     <span class='ocr_line' id='line_1_15' title="bbox 189 1049 1649 1104; baseline 0.001 -16"><span class='ocrx_word' id='word_1_146' title='bbox 189 1053 343 1089; x_wconf 87' lang='lat' dir='ltr'><em>armati</em></span> <span class='ocrx_word' id='word_1_147' title='bbox 372 1051 418 1088; x_wconf 85' lang='lat' dir='ltr'><em>di</em></span> <span class='ocrx_word' id='word_1_148' title='bbox 445 1052 595 1101; x_wconf 87' lang='lat' dir='ltr'><em>lorica,</em></span> <span class='ocrx_word' id='word_1_149' title='bbox 624 1065 644 1089; x_wconf 86' lang='lat' dir='ltr'><em>e</em></span> <span class='ocrx_word' id='word_1_150' title='bbox 670 1049 717 1088; x_wconf 83' lang='lat' dir='ltr'><em>di</em></span> <span class='ocrx_word' id='word_1_151' title='bbox 744 1050 949 1103; x_wconf 80' lang='lat' dir='ltr'><em>gambiere</em></span> <span class='ocrx_word' id='word_1_152' title='bbox 976 1049 1022 1087; x_wconf 87' lang='lat' dir='ltr'><em>di</em></span> <span class='ocrx_word' id='word_1_153' title='bbox 1040 1052 1153 1100; x_wconf 86' lang='lat' dir='ltr'><em>ferro</em></span> <span class='ocrx_word' id='word_1_154' title='bbox 1170 1081 1180 1098; x_wconf 98' lang='lat'><em>,</em></span> <span class='ocrx_word' id='word_1_155' title='bbox 1211 1064 1286 1088; x_wconf 88' lang='lat' dir='ltr'><em>con</em></span> <span class='ocrx_word' id='word_1_156' title='bbox 1309 1050 1507 1089; x_wconf 80' lang='lat' dir='ltr'><em>alabarde</em></span> <span class='ocrx_word' id='word_1_157' title='bbox 1531 1067 1649 1104; x_wconf 80' lang='lat' dir='ltr'><em>egre-</em></span> 
     </span>
     <span class='ocr_line' id='line_1_16' title="bbox 184 1105 1650 1159; baseline 0.002 -15"><span class='ocrx_word' id='word_1_158' title='bbox 184 1109 386 1159; x_wconf 84' lang='lat' dir='ltr'><em>giamente</em></span> <span class='ocrx_word' id='word_1_159' title='bbox 402 1108 594 1158; x_wconf 51' lang='lat' dir='ltr'><em>lacerate,</em></span> <span class='ocrx_word' id='word_1_160' title='bbox 624 1114 661 1145; x_wconf 85' lang='lat' dir='ltr'><em>et</em></span> <span class='ocrx_word' id='word_1_161' title='bbox 680 1107 875 1158; x_wconf 85' lang='lat' dir='ltr'><em>alquante</em></span> <span class='ocrx_word' id='word_1_162' title='bbox 895 1109 1131 1158; x_wconf 83' lang='lat' dir='ltr'><em>compagnie</em></span> <span class='ocrx_word' id='word_1_163' title='bbox 1151 1105 1197 1143; x_wconf 84' lang='lat' dir='ltr'><em>di</em></span> <span class='ocrx_word' id='word_1_164' title='bbox 1211 1107 1375 1155; x_wconf 71' lang='lat' dir='ltr'><em>cavalli,</em></span> <span class='ocrx_word' id='word_1_165' title='bbox 1406 1108 1552 1159; x_wconf 86' lang='lat' dir='ltr'><em>laqual</em></span> <span class='ocrx_word' id='word_1_166' title='bbox 1567 1111 1650 1146; x_wconf 85' lang='lat' dir='ltr'><em>mi-</em></span> 
     </span>
     <span class='ocr_line' id='line_1_17' title="bbox 188 1163 1650 1214; baseline 0.002 -14"><span class='ocrx_word' id='word_1_167' title='bbox 188 1164 283 1201; x_wconf 85' lang='lat' dir='ltr'><em>litia</em></span> <span class='ocrx_word' id='word_1_168' title='bbox 307 1165 394 1201; x_wconf 85' lang='lat' dir='ltr'><em>mai</em></span> <span class='ocrx_word' id='word_1_169' title='bbox 418 1163 485 1201; x_wconf 88' lang='lat' dir='ltr'><em>del</em></span> <span class='ocrx_word' id='word_1_170' title='bbox 502 1165 684 1201; x_wconf 84' lang='lat' dir='ltr'><em>caroccio</em></span> <span class='ocrx_word' id='word_1_171' title='bbox 707 1165 746 1200; x_wconf 73' lang='lat' dir='ltr'><em>si</em></span> <span class='ocrx_word' id='word_1_172' title='bbox 761 1164 1053 1212; x_wconf 73' lang='lat' dir='ltr'><em>allontanava,</em></span> <span class='ocrx_word' id='word_1_173' title='bbox 1076 1163 1222 1214; x_wconf 80' lang='lat' dir='ltr'><em>perclze</em></span> <span class='ocrx_word' id='word_1_174' title='bbox 1248 1163 1284 1200; x_wconf 86' lang='lat' dir='ltr'><em>il</em></span> <span class='ocrx_word' id='word_1_175' title='bbox 1294 1163 1478 1213; x_wconf 84' lang='lat' dir='ltr'><em>perderlo</em></span> <span class='ocrx_word' id='word_1_176' title='bbox 1500 1179 1568 1202; x_wconf 84' lang='lat' dir='ltr'><em>era</em></span> <span class='ocrx_word' id='word_1_177' title='bbox 1589 1167 1650 1203; x_wconf 86' lang='lat' dir='ltr'><em>ri-</em></span> 
     </span>
     <span class='ocr_line' id='line_1_18' title="bbox 178 1219 1649 1272; baseline 0.002 -15"><span class='ocrx_word' id='word_1_178' title='bbox 178 1227 328 1272; x_wconf 85' lang='lat' dir='ltr'><em>putato</em></span> <span class='ocrx_word' id='word_1_179' title='bbox 346 1219 630 1271; x_wconf 72' lang='lat' dir='ltr'><em>grandis-sima</em></span> <span class='ocrx_word' id='word_1_180' title='bbox 646 1234 850 1271; x_wconf 72' lang='lat' dir='ltr'><em>vergogna</em></span> <span class='ocrx_word' id='word_1_181' title='bbox 867 1227 902 1257; x_wconf 91' lang='lat' dir='ltr'><em>et</em></span> <span class='ocrx_word' id='word_1_182' title='bbox 919 1219 1108 1269; x_wconf 87' lang='lat' dir='ltr'><em>infamia.</em></span> <span class='ocrx_word' id='word_1_183' title='bbox 1166 1219 1404 1258; x_wconf 83' lang='lat' dir='ltr'><em>describitur</em></span> <span class='ocrx_word' id='word_1_184' title='bbox 1428 1221 1649 1260; x_wconf 87' lang='lat' dir='ltr'><em>carrocium</em></span> 
     </span>
     <span class='ocr_line' id='line_1_19' title="bbox 185 1275 1648 1328; baseline 0.001 -14"><span class='ocrx_word' id='word_1_185' title='bbox 185 1277 458 1314; x_wconf 80' lang='lat' dir='ltr'><em>Florentinum</em></span> <span class='ocrx_word' id='word_1_186' title='bbox 487 1291 508 1314; x_wconf 90' lang='lat' dir='ltr'><em>a</em></span> <span class='ocrx_word' id='word_1_187' title='bbox 539 1278 684 1315; x_wconf 85' lang='lat' dir='ltr'><em>Ioanne</em></span> <span class='ocrx_word' id='word_1_188' title='bbox 713 1277 889 1314; x_wconf 87' lang='lat' dir='ltr'><em>Villaneo</em></span> <span class='ocrx_word' id='word_1_189' title='bbox 919 1275 946 1315; x_wconf 92' lang='lat' dir='ltr'><em>l.</em></span> <span class='ocrx_word' id='word_1_190' title='bbox 977 1278 1002 1316; x_wconf 92' lang='lat'>6</span> <span class='ocrx_word' id='word_1_191' title='bbox 1030 1289 1063 1314; x_wconf 91' lang='lat' dir='ltr'><em>c.</em></span> <span class='ocrx_word' id='word_1_192' title='bbox 1090 1279 1167 1325; x_wconf 90' lang='lat'><em>77,</em></span> <span class='ocrx_word' id='word_1_193' title='bbox 1203 1275 1373 1314; x_wconf 88' lang='lat' dir='ltr'><em>Othonis</em></span> <span class='ocrx_word' id='word_1_194' title='bbox 1407 1276 1587 1328; x_wconf 61' lang='lat' dir='ltr'><em>imperat.</em></span> <span class='ocrx_word' id='word_1_195' title='bbox 1625 1292 1648 1316; x_wconf 87' lang='lat' dir='ltr'><em>a</em></span> 
     </span>
     <span class='ocr_line' id='line_1_20' title="bbox 184 1331 1645 1384; baseline 0.001 -13"><span class='ocrx_word' id='word_1_196' title='bbox 184 1333 380 1372; x_wconf 89' lang='lat' dir='ltr'><em>Willelmo</em></span> <span class='ocrx_word' id='word_1_197' title='bbox 403 1333 565 1371; x_wconf 81' lang='lat' dir='ltr'><em>Britone</em></span> <span class='ocrx_word' id='word_1_198' title='bbox 589 1333 616 1372; x_wconf 88' lang='lat' dir='ltr'><em>l.</em></span> <span class='ocrx_word' id='word_1_199' title='bbox 636 1337 662 1375; x_wconf 80' lang='lat'>2</span> <span class='ocrx_word' id='word_1_200' title='bbox 691 1332 877 1384; x_wconf 63' lang='lat' dir='ltr'><em>Philipp„</em></span> <span class='ocrx_word' id='word_1_201' title='bbox 912 1331 1143 1370; x_wconf 74' lang='lat' dir='ltr'><em>paduanum</em></span> <span class='ocrx_word' id='word_1_202' title='bbox 1165 1345 1187 1369; x_wconf 85' lang='lat' dir='ltr'><em>a</em></span> <span class='ocrx_word' id='word_1_203' title='bbox 1204 1332 1428 1370; x_wconf 88' lang='lat' dir='ltr'><em>Rolandino</em></span> <span class='ocrx_word' id='word_1_204' title='bbox 1446 1332 1472 1371; x_wconf 90' lang='lat' dir='ltr'><em>l.</em></span> <span class='ocrx_word' id='word_1_205' title='bbox 1492 1338 1518 1376; x_wconf 88' lang='lat'><strong>9</strong></span> <span class='ocrx_word' id='word_1_206' title='bbox 1542 1348 1579 1375; x_wconf 65' lang='lat' dir='ltr'><em>c.‘</em></span> <span class='ocrx_word' id='word_1_207' title='bbox 1595 1338 1645 1377; x_wconf 89' lang='lat'><em>11</em></span> 
     </span>
     <span class='ocr_line' id='line_1_21' title="bbox 185 1388 1648 1438; baseline 0.002 -12"><span class='ocrx_word' id='word_1_208' title='bbox 185 1395 226 1426; x_wconf 88' lang='lat' dir='ltr'><em>et</em></span> <span class='ocrx_word' id='word_1_209' title='bbox 245 1389 497 1438; x_wconf 86' lang='lat' dir='ltr'><em>Portenario,</em></span> <span class='ocrx_word' id='word_1_210' title='bbox 527 1388 814 1428; x_wconf 87' lang='lat' dir='ltr'><em>Mediolanense</em></span> <span class='ocrx_word' id='word_1_211' title='bbox 842 1389 891 1426; x_wconf 87' lang='lat' dir='ltr'><em>ab</em></span> <span class='ocrx_word' id='word_1_212' title='bbox 913 1388 1093 1426; x_wconf 84' lang='lat' dir='ltr'><em>Alberico</em></span> <span class='ocrx_word' id='word_1_213' title='bbox 1112 1388 1186 1427; x_wconf 90' lang='lat' dir='ltr'><em>An.</em></span> <span class='ocrx_word' id='word_1_214' title='bbox 1208 1392 1337 1438; x_wconf 76' lang='lat'><strong>1213,</strong></span> <span class='ocrx_word' id='word_1_215' title='bbox 1369 1389 1576 1428; x_wconf 83' lang='lat' dir='ltr'><em>Parmense</em></span> <span class='ocrx_word' id='word_1_216' title='bbox 1598 1391 1648 1429; x_wconf 88' lang='lat' dir='ltr'><em>ab</em></span> 
     </span>
     <span class='ocr_line' id='line_1_22' title="bbox 184 1444 1648 1497; baseline 0.001 -14"><span class='ocrx_word' id='word_1_217' title='bbox 184 1445 324 1483; x_wconf 78' lang='lat' dir='ltr'><em>eodem</em></span> <span class='ocrx_word' id='word_1_218' title='bbox 341 1445 522 1484; x_wconf 85' lang='lat' dir='ltr'><em>Alberico</em></span> <span class='ocrx_word' id='word_1_219' title='bbox 550 1445 622 1486; x_wconf 85' lang='lat' dir='ltr'><em>An.</em></span> <span class='ocrx_word' id='word_1_220' title='bbox 646 1449 774 1495; x_wconf 79' lang='lat'><em>1229,</em></span> <span class='ocrx_word' id='word_1_221' title='bbox 807 1445 1031 1483; x_wconf 88' lang='lat' dir='ltr'><em>Veronense</em></span> <span class='ocrx_word' id='word_1_222' title='bbox 1048 1444 1098 1482; x_wconf 83' lang='lat' dir='ltr'><em>ab</em></span> <span class='ocrx_word' id='word_1_223' title='bbox 1113 1444 1355 1497; x_wconf 86' lang='lat' dir='ltr'><em>Hieronymo</em></span> <span class='ocrx_word' id='word_1_224' title='bbox 1379 1444 1512 1484; x_wconf 80' lang='lat' dir='ltr'><em>d&#39;alla</em></span> <span class='ocrx_word' id='word_1_225' title='bbox 1532 1448 1648 1486; x_wconf 84' lang='lat' dir='ltr'><em>Corte</em></span> 
     </span>
     <span class='ocr_line' id='line_1_23' title="bbox 182 1501 1646 1553; baseline 0.002 -14"><span class='ocrx_word' id='word_1_226' title='bbox 182 1501 211 1541; x_wconf 93' lang='lat' dir='ltr'><em>l.</em></span> <span class='ocrx_word' id='word_1_227' title='bbox 231 1501 258 1543; x_wconf 91' lang='lat'><em>5</em></span> <span class='ocrx_word' id='word_1_228' title='bbox 283 1507 323 1539; x_wconf 89' lang='lat' dir='ltr'><em>et</em></span> <span class='ocrx_word' id='word_1_229' title='bbox 347 1505 373 1543; x_wconf 90' lang='lat'><strong>6</strong></span> <span class='ocrx_word' id='word_1_230' title='bbox 396 1502 544 1543; x_wconf 84' lang='lat' dir='ltr'><em>Histor.</em></span> <span class='ocrx_word' id='word_1_231' title='bbox 565 1502 710 1542; x_wconf 87' lang='lat' dir='ltr'><em>Veron.</em></span> <span class='ocrx_word' id='word_1_232' title='bbox 765 1501 834 1540; x_wconf 88' lang='lat' dir='ltr'><em>sed</em></span> <span class='ocrx_word' id='word_1_233' title='bbox 869 1501 918 1539; x_wconf 82' lang='lat' dir='ltr'><em>de</em></span> <span class='ocrx_word' id='word_1_234' title='bbox 949 1501 1124 1540; x_wconf 81' lang='lat' dir='ltr'><em>carrocio</em></span> <span class='ocrx_word' id='word_1_235' title='bbox 1147 1502 1263 1553; x_wconf 87' lang='lat' dir='ltr'><em>plura</em></span> <span class='ocrx_word' id='word_1_236' title='bbox 1291 1502 1357 1551; x_wconf 91' lang='lat' dir='ltr'><em>qui</em></span> <span class='ocrx_word' id='word_1_237' title='bbox 1381 1503 1512 1550; x_wconf 86' lang='lat' dir='ltr'><em>volet,</em></span> <span class='ocrx_word' id='word_1_238' title='bbox 1547 1517 1646 1542; x_wconf 89' lang='lat' dir='ltr'><em>con-</em></span> 
     </span>
     <span class='ocr_line' id='line_1_24' title="bbox 183 1558 1646 1612; baseline 0.003 -17"><span class='ocrx_word' id='word_1_239' title='bbox 183 1558 288 1596; x_wconf 87' lang='lat' dir='ltr'><em>sulat</em></span> <span class='ocrx_word' id='word_1_240' title='bbox 328 1558 448 1596; x_wconf 87' lang='lat' dir='ltr'><em>velim</em></span> <span class='ocrx_word' id='word_1_241' title='bbox 487 1558 743 1596; x_wconf 76' lang='lat' dir='ltr'><em>Laurentium</em></span> <span class='ocrx_word' id='word_1_242' title='bbox 775 1558 1002 1609; x_wconf 83' lang='lat' dir='ltr'><em>Pignorium</em></span> <span class='ocrx_word' id='word_1_243' title='bbox 1033 1558 1075 1596; x_wconf 89' lang='lat' dir='ltr'><em>in</em></span> <span class='ocrx_word' id='word_1_244' title='bbox 1102 1563 1186 1598; x_wconf 90' lang='lat' dir='ltr'><em>not.</em></span> <span class='ocrx_word' id='word_1_245' title='bbox 1219 1558 1271 1596; x_wconf 84' lang='lat' dir='ltr'><em>ad</em></span> <span class='ocrx_word' id='word_1_246' title='bbox 1298 1558 1447 1597; x_wconf 87' lang='lat' dir='ltr'><em>Histor.</em></span> <span class='ocrx_word' id='word_1_247' title='bbox 1478 1559 1646 1612; x_wconf 84' lang='lat' dir='ltr'><em>August.</em></span> 
     </span>
     <span class='ocr_line' id='line_1_25' title="bbox 183 1614 1000 1667; baseline 0 -13"><span class='ocrx_word' id='word_1_248' title='bbox 183 1614 346 1654; x_wconf 83' lang='lat' dir='ltr'><em>Mussati</em></span> <span class='ocrx_word' id='word_1_249' title='bbox 367 1621 407 1653; x_wconf 89' lang='lat' dir='ltr'><em>et</em></span> <span class='ocrx_word' id='word_1_250' title='bbox 423 1615 633 1667; x_wconf 86' lang='lat' dir='ltr'><em>scriptores</em></span> <span class='ocrx_word' id='word_1_251' title='bbox 654 1614 702 1652; x_wconf 89' lang='lat' dir='ltr'><em>ab</em></span> <span class='ocrx_word' id='word_1_252' title='bbox 721 1614 788 1652; x_wconf 91' lang='lat' dir='ltr'><em>illo</em></span> <span class='ocrx_word' id='word_1_253' title='bbox 806 1614 1000 1654; x_wconf 84' lang='lat' dir='ltr'><em>laudatos.</em></span> 
     </span>
    </p>
   </div>
   <div class='ocr_carea' id='block_1_3' title="bbox 183 1695 1646 1806">
    <p class='ocr_par' dir='ltr' id='par_1_3' title="bbox 183 1695 1646 1806">
     <span class='ocr_line' id='line_1_26' title="bbox 295 1695 1646 1751; baseline 0.001 -14"><span class='ocrx_word' id='word_1_254' title='bbox 295 1711 334 1749; x_wconf 90' lang='lat' dir='ltr'><em>p.</em></span> <span class='ocrx_word' id='word_1_255' title='bbox 353 1698 434 1740; x_wconf 83' lang='lat'><em>275</em></span> <span class='ocrx_word' id='word_1_256' title='bbox 450 1711 488 1737; x_wconf 93' lang='lat' dir='ltr'><em>v.</em></span> <span class='ocrx_word' id='word_1_257' title='bbox 508 1698 548 1740; x_wconf 88' lang='lat'><em>5.</em></span> <span class='ocrx_word' id='word_1_258' title='bbox 597 1695 639 1746; x_wconf 84' lang='grc' dir='ltr'><em>ὃς</em></span> <span class='ocrx_word' id='word_1_259' title='bbox 660 1696 817 1749; x_wconf 81' lang='grc' dir='ltr'><strong>Πέτρα]</strong></span> <span class='ocrx_word' id='word_1_260' title='bbox 849 1697 1027 1735; x_wconf 88' lang='lat' dir='ltr'><em>Meminit</em></span> <span class='ocrx_word' id='word_1_261' title='bbox 1042 1697 1157 1736; x_wconf 86' lang='lat' dir='ltr'><em>istius</em></span> <span class='ocrx_word' id='word_1_262' title='bbox 1175 1697 1365 1735; x_wconf 84' lang='lat' dir='ltr'><em>cisternae</em></span> <span class='ocrx_word' id='word_1_263' title='bbox 1383 1698 1646 1751; x_wconf 88' lang='lat' dir='ltr'><em>Christopho-</em></span> 
     </span>
     <span class='ocr_line' id='line_1_27' title="bbox 183 1754 1064 1806; baseline 0 -15"><span class='ocrx_word' id='word_1_264' title='bbox 183 1766 253 1792; x_wconf 88' lang='lat' dir='ltr'><em>rus</em></span> <span class='ocrx_word' id='word_1_265' title='bbox 270 1754 594 1793; x_wconf 79' lang='lat' dir='ltr'><em>Bondelmontius</em></span> <span class='ocrx_word' id='word_1_266' title='bbox 611 1755 655 1792; x_wconf 88' lang='lat' dir='ltr'><em>in</em></span> <span class='ocrx_word' id='word_1_267' title='bbox 675 1754 865 1806; x_wconf 86' lang='lat' dir='ltr'><em>Descript.</em></span> <span class='ocrx_word' id='word_1_268' title='bbox 886 1754 1064 1806; x_wconf 86' lang='lat' dir='ltr'><em>Cpoleos.</em></span> 
     </span>
    </p>
   </div>
   <div class='ocr_carea' id='block_1_4' title="bbox 183 1832 1780 2906">
    <p class='ocr_par' dir='ltr' id='par_1_4' title="bbox 183 1832 1780 2906">
     <span class='ocr_line' id='line_1_28' title="bbox 296 1832 1645 1889; baseline -0.004 -10"><span class='ocrx_word' id='word_1_269' title='bbox 296 1850 336 1875; x_wconf 80' lang='lat' dir='ltr'><em>V·</em></span> <span class='ocrx_word' id='word_1_270' title='bbox 356 1840 419 1878; x_wconf 85' lang='lat'><em>10.</em></span> <span class='ocrx_word' id='word_1_271' title='bbox 478 1832 595 1884; x_wconf 77' lang='grc' dir='ltr'><strong><em>οὗτος</em></strong></span> <span class='ocrx_word' id='word_1_272' title='bbox 613 1834 636 1878; x_wconf 81' lang='grc' dir='ltr'>ὅ</span> <span class='ocrx_word' id='word_1_273' title='bbox 653 1832 936 1889; x_wconf 66' lang='grc' dir='ltr'>αὐτοκράτωρ]</span> <span class='ocrx_word' id='word_1_274' title='bbox 966 1836 1191 1875; x_wconf 82' lang='lat' dir='ltr'><em>Hauserant</em></span> <span class='ocrx_word' id='word_1_275' title='bbox 1212 1836 1375 1874; x_wconf 85' lang='lat' dir='ltr'><em>indubie</em></span> <span class='ocrx_word' id='word_1_276' title='bbox 1393 1836 1532 1874; x_wconf 83' lang='lat' dir='ltr'><em>Graeci</em></span> <span class='ocrx_word' id='word_1_277' title='bbox 1549 1850 1645 1888; x_wconf 78' lang='lat' dir='ltr'><em>pra·</em></span> 
     </span>
     <span class='ocr_line' id='line_1_29' title="bbox 185 1892 1646 1932; baseline 0 -1"><span class='ocrx_word' id='word_1_278' title='bbox 185 1906 282 1932; x_wconf 85' lang='lat' dir='ltr'><em>vum</em></span> <span class='ocrx_word' id='word_1_279' title='bbox 298 1892 408 1930; x_wconf 87' lang='lat' dir='ltr'><em>hunc</em></span> <span class='ocrx_word' id='word_1_280' title='bbox 422 1893 669 1931; x_wconf 84' lang='lat' dir='ltr'><em>inducendae</em></span> <span class='ocrx_word' id='word_1_281' title='bbox 690 1893 893 1931; x_wconf 87' lang='lat' dir='ltr'><em>servitutis</em></span> <span class='ocrx_word' id='word_1_282' title='bbox 910 1906 1061 1931; x_wconf 88' lang='lat' dir='ltr'><em>morem</em></span> <span class='ocrx_word' id='word_1_283' title='bbox 1077 1893 1126 1930; x_wconf 84' lang='lat' dir='ltr'><em>ab</em></span> <span class='ocrx_word' id='word_1_284' title='bbox 1149 1893 1466 1930; x_wconf 82' lang='lat' dir='ltr'><em>Occidentalibus</em></span> <span class='ocrx_word' id='word_1_285' title='bbox 1484 1906 1552 1930; x_wconf 92' lang='lat' dir='ltr'><em>seu</em></span> <span class='ocrx_word' id='word_1_286' title='bbox 1573 1896 1646 1931; x_wconf 88' lang='lat' dir='ltr'><em>Se-</em></span> 
     </span>
     <span class='ocr_line' id='line_1_30' title="bbox 183 1949 1647 2001; baseline 0.001 -14"><span class='ocrx_word' id='word_1_287' title='bbox 183 1949 512 2001; x_wconf 83' lang='lat' dir='ltr'><em>ptentrionalibus</em></span> <span class='ocrx_word' id='word_1_288' title='bbox 532 1949 664 2000; x_wconf 82' lang='lat' dir='ltr'><em>potius</em></span> <span class='ocrx_word' id='word_1_289' title='bbox 681 1949 847 2000; x_wconf 88' lang='lat' dir='ltr'><em>populis,</em></span> <span class='ocrx_word' id='word_1_290' title='bbox 875 1962 993 2000; x_wconf 87' lang='lat' dir='ltr'><em>penes</em></span> <span class='ocrx_word' id='word_1_291' title='bbox 1012 1962 1110 1999; x_wconf 90' lang='lat' dir='ltr'><em>quos</em></span> <span class='ocrx_word' id='word_1_292' title='bbox 1124 1951 1232 1986; x_wconf 73' lang='lat' dir='ltr'><em>servi</em></span> <span class='ocrx_word' id='word_1_293' title='bbox 1252 1954 1364 1987; x_wconf 82' lang='lat' dir='ltr'><em>erant</em></span> <span class='ocrx_word' id='word_1_294' title='bbox 1382 1949 1460 1986; x_wconf 86' lang='lat' dir='ltr'><em>alii</em></span> <span class='ocrx_word' id='word_1_295' title='bbox 1477 1957 1647 2000; x_wconf 82' lang='lat' dir='ltr'><em>natura,</em></span> 
     </span>
     <span class='ocr_line' id='line_1_31' title="bbox 184 2004 1644 2057; baseline 0.001 -14"><span class='ocrx_word' id='word_1_296' title='bbox 184 2006 264 2045; x_wconf 85' lang='lat' dir='ltr'><em>alii</em></span> <span class='ocrx_word' id='word_1_297' title='bbox 277 2007 419 2056; x_wconf 77' lang='lat' dir='ltr'><em>facte,</em></span> <span class='ocrx_word' id='word_1_298' title='bbox 450 2013 486 2043; x_wconf 88' lang='lat' dir='ltr'><em>et</em></span> <span class='ocrx_word' id='word_1_299' title='bbox 511 2006 589 2043; x_wconf 87' lang='lat' dir='ltr'><em>alii</em></span> <span class='ocrx_word' id='word_1_300' title='bbox 614 2007 827 2057; x_wconf 82' lang='lat' dir='ltr'><em>emptione,</em></span> <span class='ocrx_word' id='word_1_301' title='bbox 857 2006 936 2042; x_wconf 88' lang='lat' dir='ltr'><em>alii</em></span> <span class='ocrx_word' id='word_1_302' title='bbox 955 2004 1239 2056; x_wconf 80' lang='lat' dir='ltr'><em>redemptione,</em></span> <span class='ocrx_word' id='word_1_303' title='bbox 1269 2006 1347 2042; x_wconf 84' lang='lat' dir='ltr'><em>alii</em></span> <span class='ocrx_word' id='word_1_304' title='bbox 1363 2019 1442 2043; x_wconf 77' lang='lat' dir='ltr'><em>Sua</em></span> <span class='ocrx_word' id='word_1_305' title='bbox 1457 2006 1523 2044; x_wconf 75' lang='lat' dir='ltr'><em>vel</em></span> <span class='ocrx_word' id='word_1_306' title='bbox 1538 2007 1644 2044; x_wconf 86' lang='lat' dir='ltr'><em>alte-</em></span> 
     </span>
     <span class='ocr_line' id='line_1_32' title="bbox 185 2060 1643 2113; baseline 0.001 -14"><span class='ocrx_word' id='word_1_307' title='bbox 185 2064 276 2100; x_wconf 74' lang='lat' dir='ltr'><em>rius·</em></span> <span class='ocrx_word' id='word_1_308' title='bbox 294 2061 478 2110; x_wconf 78' lang='lat' dir='ltr'><em>datione,</em></span> <span class='ocrx_word' id='word_1_309' title='bbox 509 2068 555 2100; x_wconf 84' lang='lat' dir='ltr'><em>ut</em></span> <span class='ocrx_word' id='word_1_310' title='bbox 575 2068 634 2099; x_wconf 82' lang='lat' dir='ltr'><em>est</em></span> <span class='ocrx_word' id='word_1_311' title='bbox 653 2062 697 2099; x_wconf 91' lang='lat' dir='ltr'><em>in</em></span> <span class='ocrx_word' id='word_1_312' title='bbox 715 2061 879 2113; x_wconf 88' lang='lat' dir='ltr'><em>Legibus</em></span> <span class='ocrx_word' id='word_1_313' title='bbox 900 2061 1059 2099; x_wconf 89' lang='lat' dir='ltr'><em>Henrici</em></span> <span class='ocrx_word' id='word_1_314' title='bbox 1081 2062 1096 2099; x_wconf 94' lang='lat' dir='ltr'><em>l</em></span> <span class='ocrx_word' id='word_1_315' title='bbox 1115 2061 1214 2112; x_wconf 88' lang='lat' dir='ltr'><em>regis</em></span> <span class='ocrx_word' id='word_1_316' title='bbox 1234 2060 1390 2112; x_wconf 83' lang='lat' dir='ltr'><em>Angliae</em></span> <span class='ocrx_word' id='word_1_317' title='bbox 1410 2075 1445 2104; x_wconf 80' lang='lat' dir='ltr'><em>c,</em></span> <span class='ocrx_word' id='word_1_318' title='bbox 1467 2065 1534 2104; x_wconf 89' lang='lat'><em>76.</em></span> <span class='ocrx_word' id='word_1_319' title='bbox 1594 2063 1643 2101; x_wconf 89' lang='lat' dir='ltr'><em>de</em></span> 
     </span>
     <span class='ocr_line' id='line_1_33' title="bbox 184 2116 1642 2171; baseline 0.001 -15"><span class='ocrx_word' id='word_1_320' title='bbox 184 2119 391 2171; x_wconf 83' lang='lat' dir='ltr'><em>postremis</em></span> <span class='ocrx_word' id='word_1_321' title='bbox 421 2119 498 2170; x_wconf 86' lang='lat' dir='ltr'><em>agit</em></span> <span class='ocrx_word' id='word_1_322' title='bbox 525 2118 759 2168; x_wconf 86' lang='lat' dir='ltr'><em>Cinnamus,</em></span> <span class='ocrx_word' id='word_1_323' title='bbox 796 2117 845 2155; x_wconf 91' lang='lat' dir='ltr'><em>de</em></span> <span class='ocrx_word' id='word_1_324' title='bbox 869 2118 1000 2156; x_wconf 90' lang='lat' dir='ltr'><em>liberis</em></span> <span class='ocrx_word' id='word_1_325' title='bbox 1027 2117 1174 2156; x_wconf 84' lang='lat' dir='ltr'><em>scilicet</em></span> <span class='ocrx_word' id='word_1_326' title='bbox 1203 2116 1447 2166; x_wconf 84' lang='lat' dir='ltr'><em>hominibus,</em></span> <span class='ocrx_word' id='word_1_327' title='bbox 1487 2119 1554 2169; x_wconf 90' lang='lat' dir='ltr'><em>qui</em></span> <span class='ocrx_word' id='word_1_328' title='bbox 1590 2120 1642 2158; x_wconf 90' lang='lat' dir='ltr'><em>ad</em></span> 
     </span>
     <span class='ocr_line' id='line_1_34' title="bbox 184 2174 1642 2226; baseline 0.001 -14"><span class='ocrx_word' id='word_1_329' title='bbox 184 2177 358 2226; x_wconf 87' lang='lat' dir='ltr'><em>pretium</em></span> <span class='ocrx_word' id='word_1_330' title='bbox 394 2174 712 2226; x_wconf 84' lang='lat' dir='ltr'><em>participandum</em></span> <span class='ocrx_word' id='word_1_331' title='bbox 741 2179 810 2212; x_wconf 85' lang='lat' dir='ltr'><em>aut</em></span> <span class='ocrx_word' id='word_1_332' title='bbox 838 2176 1018 2224; x_wconf 81' lang='lat' dir='ltr'><em>angustia</em></span> <span class='ocrx_word' id='word_1_333' title='bbox 1047 2174 1105 2212; x_wconf 91' lang='lat' dir='ltr'><em>rei</em></span> <span class='ocrx_word' id='word_1_334' title='bbox 1132 2174 1331 2213; x_wconf 77' lang='lat' dir='ltr'><em>familiaria</em></span> <span class='ocrx_word' id='word_1_335' title='bbox 1361 2174 1522 2213; x_wconf 86' lang='lat' dir='ltr'><em>alterius</em></span> <span class='ocrx_word' id='word_1_336' title='bbox 1559 2188 1642 2214; x_wconf 88' lang='lat' dir='ltr'><em>sese</em></span> 
     </span>
     <span class='ocr_line' id='line_1_35' title="bbox 184 2230 1643 2284; baseline 0 -14"><span class='ocrx_word' id='word_1_337' title='bbox 184 2231 460 2284; x_wconf 83' lang='lat' dir='ltr'><em>mancipabant</em></span> <span class='ocrx_word' id='word_1_338' title='bbox 478 2231 672 2282; x_wconf 87' lang='lat' dir='ltr'><em>dominio,</em></span> <span class='ocrx_word' id='word_1_339' title='bbox 702 2243 916 2282; x_wconf 76' lang='lat' dir='ltr'><em>operasque</em></span> <span class='ocrx_word' id='word_1_340' title='bbox 938 2244 1026 2269; x_wconf 85' lang='lat' dir='ltr'><em>suas</em></span> <span class='ocrx_word' id='word_1_341' title='bbox 1045 2230 1244 2280; x_wconf 87' lang='lat' dir='ltr'><em>locabant,</em></span> <span class='ocrx_word' id='word_1_342' title='bbox 1276 2231 1325 2269; x_wconf 82' lang='lat' dir='ltr'><em>de</em></span> <span class='ocrx_word' id='word_1_343' title='bbox 1343 2244 1421 2281; x_wconf 90' lang='lat' dir='ltr'><em>qua</em></span> <span class='ocrx_word' id='word_1_344' title='bbox 1439 2231 1643 2271; x_wconf 81' lang='lat' dir='ltr'><em>servitutis</em></span> 
     </span>
     <span class='ocr_line' id='line_1_36' title="bbox 184 2287 1642 2340; baseline 0.002 -16"><span class='ocrx_word' id='word_1_345' title='bbox 184 2288 310 2339; x_wconf 86' lang='lat' dir='ltr'><em>specie</em></span> <span class='ocrx_word' id='word_1_346' title='bbox 325 2294 454 2326; x_wconf 83' lang='lat' dir='ltr'><em>exstat</em></span> <span class='ocrx_word' id='word_1_347' title='bbox 469 2288 637 2327; x_wconf 84' lang='lat' dir='ltr'><em>formula</em></span> <span class='ocrx_word' id='word_1_348' title='bbox 657 2288 763 2340; x_wconf 84' lang='lat' dir='ltr'><em>apud</em></span> <span class='ocrx_word' id='word_1_349' title='bbox 782 2287 1018 2325; x_wconf 85' lang='lat' dir='ltr'><em>Marculfum</em></span> <span class='ocrx_word' id='word_1_350' title='bbox 1034 2287 1063 2325; x_wconf 93' lang='lat' dir='ltr'><em>l.</em></span> <span class='ocrx_word' id='word_1_351' title='bbox 1077 2292 1104 2330; x_wconf 83' lang='lat'><strong>2</strong></span> <span class='ocrx_word' id='word_1_352' title='bbox 1122 2290 1218 2330; x_wconf 81' lang='lat' dir='ltr'><em>c.28</em></span> <span class='ocrx_word' id='word_1_353' title='bbox 1238 2294 1278 2326; x_wconf 89' lang='lat' dir='ltr'><em>et</em></span> <span class='ocrx_word' id='word_1_354' title='bbox 1292 2288 1335 2326; x_wconf 91' lang='lat' dir='ltr'><em>in</em></span> <span class='ocrx_word' id='word_1_355' title='bbox 1353 2288 1552 2327; x_wconf 85' lang='lat' dir='ltr'><em>Formulis</em></span> <span class='ocrx_word' id='word_1_356' title='bbox 1565 2301 1642 2333; x_wconf 67' lang='lat' dir='ltr'><em>,ve-</em></span> 
     </span>
     <span class='ocr_line' id='line_1_37' title="bbox 185 2344 1639 2387; baseline 0 -5"><span class='ocrx_word' id='word_1_357' title='bbox 185 2344 334 2383; x_wconf 85' lang='lat' dir='ltr'><em>teribus</em></span> <span class='ocrx_word' id='word_1_358' title='bbox 355 2359 388 2385; x_wconf 78' lang='grc' dir='ltr'><em>ο.</em></span> <span class='ocrx_word' id='word_1_359' title='bbox 410 2348 472 2387; x_wconf 84' lang='lat'><em>10.</em></span> <span class='ocrx_word' id='word_1_360' title='bbox 517 2344 824 2382; x_wconf 80' lang='lat' dir='ltr'><em>Constitutiones</em></span> <span class='ocrx_word' id='word_1_361' title='bbox 847 2344 1066 2382; x_wconf 85' lang='lat' dir='ltr'><em>Catalaniae</em></span> <span class='ocrx_word' id='word_1_362' title='bbox 1083 2358 1174 2382; x_wconf 89' lang='lat' dir='ltr'><em>mss.</em></span> <span class='ocrx_word' id='word_1_363' title='bbox 1187 2344 1293 2383; x_wconf 87' lang='lat' dir='ltr'><em>inter</em></span> <span class='ocrx_word' id='word_1_364' title='bbox 1312 2344 1490 2382; x_wconf 89' lang='lat' dir='ltr'><em>dominos</em></span> <span class='ocrx_word' id='word_1_365' title='bbox 1508 2349 1546 2382; x_wconf 85' lang='lat' dir='ltr'><em>et</em></span> <span class='ocrx_word' id='word_1_366' title='bbox 1564 2358 1639 2383; x_wconf 86' lang='lat' dir='ltr'><em>va-</em></span> 
     </span>
     <span class='ocr_line' id='line_1_38' title="bbox 187 2400 1639 2444; baseline 0 -5"><span class='ocrx_word' id='word_1_367' title='bbox 187 2401 303 2439; x_wconf 84' lang='lat' dir='ltr'><em>sallos</em></span> <span class='ocrx_word' id='word_1_368' title='bbox 326 2415 357 2439; x_wconf 90' lang='lat' dir='ltr'><em>c.</em></span> <span class='ocrx_word' id='word_1_369' title='bbox 378 2400 431 2444; x_wconf 82' lang='lat'><em>34</em></span> <span class='ocrx_word' id='word_1_370' title='bbox 452 2414 502 2439; x_wconf 91' lang='lat' dir='ltr'><em>ex</em></span> <span class='ocrx_word' id='word_1_371' title='bbox 522 2400 756 2439; x_wconf 85' lang='lat' dir='ltr'><em>bibliotheca</em></span> <span class='ocrx_word' id='word_1_372' title='bbox 780 2400 943 2438; x_wconf 90' lang='lat' dir='ltr'><em>Thuana</em></span> <span class='ocrx_word' id='word_1_373' title='bbox 961 2400 1026 2441; x_wconf 82' lang='lat' dir='ltr'><em>fol.</em></span> <span class='ocrx_word' id='word_1_374' title='bbox 1047 2403 1123 2441; x_wconf 80' lang='lat'><em>62:</em></span> <span class='ocrx_word' id='word_1_375' title='bbox 1156 2401 1247 2438; x_wconf 84' lang='lat' dir='ltr'><em>licet</em></span> <span class='ocrx_word' id='word_1_376' title='bbox 1268 2400 1317 2438; x_wconf 87' lang='lat' dir='ltr'><em>de</em></span> <span class='ocrx_word' id='word_1_377' title='bbox 1340 2404 1429 2438; x_wconf 75' lang='lat' dir='ltr'><em>iare</em></span> <span class='ocrx_word' id='word_1_378' title='bbox 1451 2402 1639 2439; x_wconf 82' lang='lat' dir='ltr'><em>Romano</em></span> 
     </span>
     <span class='ocr_line' id='line_1_39' title="bbox 186 2456 1642 2509; baseline 0.001 -15"><span class='ocrx_word' id='word_1_379' title='bbox 186 2456 302 2502; x_wconf 77' lang='lat' dir='ltr'><em>homo</em></span> <span class='ocrx_word' id='word_1_380' title='bbox 330 2458 430 2495; x_wconf 85' lang='lat' dir='ltr'><em>liber</em></span> <span class='ocrx_word' id='word_1_381' title='bbox 454 2472 533 2496; x_wconf 89' lang='lat' dir='ltr'><em>non</em></span> <span class='ocrx_word' id='word_1_382' title='bbox 562 2459 696 2509; x_wconf 71' lang='lat' dir='ltr'><em>possit</em></span> <span class='ocrx_word' id='word_1_383' title='bbox 723 2471 764 2494; x_wconf 77' lang='lat' dir='ltr'><em>se</em></span> <span class='ocrx_word' id='word_1_384' title='bbox 784 2459 928 2507; x_wconf 88' lang='lat' dir='ltr'><em>facere</em></span> <span class='ocrx_word' id='word_1_385' title='bbox 953 2471 1116 2495; x_wconf 74' lang='lat' dir='ltr'><em>cervum</em></span> <span class='ocrx_word' id='word_1_386' title='bbox 1145 2458 1326 2495; x_wconf 77' lang='lat' dir='ltr'><em>alicuius</em></span> <span class='ocrx_word' id='word_1_387' title='bbox 1355 2471 1430 2508; x_wconf 88' lang='lat' dir='ltr'><em>per</em></span> <span class='ocrx_word' id='word_1_388' title='bbox 1455 2457 1642 2508; x_wconf 84' lang='lat' dir='ltr'><em>aliquam</em></span> 
     </span>
     <span class='ocr_line' id='line_1_40' title="bbox 186 2514 1638 2566; baseline 0.001 -16"><span class='ocrx_word' id='word_1_389' title='bbox 186 2514 406 2564; x_wconf 69' lang='lat' dir='ltr'><em>simplicem</em></span> <span class='ocrx_word' id='word_1_390' title='bbox 414 2516 657 2566; x_wconf 77' lang='lat' dir='ltr'><em>pactionem,</em></span> <span class='ocrx_word' id='word_1_391' title='bbox 685 2528 756 2551; x_wconf 87' lang='lat' dir='ltr'><em>nec</em></span> <span class='ocrx_word' id='word_1_392' title='bbox 776 2516 897 2551; x_wconf 83' lang='lat' dir='ltr'><em>etiam</em></span> <span class='ocrx_word' id='word_1_393' title='bbox 910 2528 981 2564; x_wconf 87' lang='lat' dir='ltr'><em>per</em></span> <span class='ocrx_word' id='word_1_394' title='bbox 995 2515 1278 2564; x_wconf 74' lang='lat' dir='ltr'><em>confessionem</em></span> <span class='ocrx_word' id='word_1_395' title='bbox 1285 2514 1454 2565; x_wconf 84' lang='lat' dir='ltr'><em>factam</em></span> <span class='ocrx_word' id='word_1_396' title='bbox 1476 2515 1520 2551; x_wconf 89' lang='lat' dir='ltr'><em>in</em></span> <span class='ocrx_word' id='word_1_397' title='bbox 1538 2515 1638 2563; x_wconf 79' lang='lat' dir='ltr'><em>inre,</em></span> 
     </span>
     <span class='ocr_line' id='line_1_41' title="bbox 185 2569 1640 2622; baseline 0.001 -16"><span class='ocrx_word' id='word_1_398' title='bbox 185 2576 312 2619; x_wconf 72' lang='lat' dir='ltr'><em>potest</em></span> <span class='ocrx_word' id='word_1_399' title='bbox 327 2577 460 2608; x_wconf 85' lang='lat' dir='ltr'><em>tamen</em></span> <span class='ocrx_word' id='word_1_400' title='bbox 471 2586 547 2622; x_wconf 87' lang='lat' dir='ltr'><em>per</em></span> <span class='ocrx_word' id='word_1_401' title='bbox 561 2572 844 2621; x_wconf 73' lang='lat' dir='ltr'><em>confessionem</em></span> <span class='ocrx_word' id='word_1_402' title='bbox 862 2571 1020 2621; x_wconf 72' lang='lat' dir='ltr'><em>aliquio</em></span> <span class='ocrx_word' id='word_1_403' title='bbox 1036 2584 1156 2607; x_wconf 74' lang='lat' dir='ltr'><em>suam</em></span> <span class='ocrx_word' id='word_1_404' title='bbox 1167 2584 1344 2622; x_wconf 79' lang='lat' dir='ltr'><em>gravare</em></span> <span class='ocrx_word' id='word_1_405' title='bbox 1359 2569 1640 2619; x_wconf 73' lang='lat' dir='ltr'><em>conditionem,</em></span> 
     </span>
     <span class='ocr_line' id='line_1_42' title="bbox 189 2627 1780 2679; baseline 0.001 -17"><span class='ocrx_word' id='word_1_406' title='bbox 189 2627 291 2676; x_wconf 78' lang='lat' dir='ltr'><em>quia</em></span> <span class='ocrx_word' id='word_1_407' title='bbox 318 2640 392 2677; x_wconf 86' lang='lat' dir='ltr'><em>per</em></span> <span class='ocrx_word' id='word_1_408' title='bbox 422 2629 654 2679; x_wconf 83' lang='lat' dir='ltr'><em>pactionem</em></span> <span class='ocrx_word' id='word_1_409' title='bbox 691 2629 970 2666; x_wconf 72' lang='lat' dir='ltr'><em>interveniente</em></span> <span class='ocrx_word' id='word_1_410' title='bbox 1004 2628 1154 2677; x_wconf 71' lang='lat' dir='ltr'><em>scripto</em></span> <span class='ocrx_word' id='word_1_411' title='bbox 1183 2634 1316 2678; x_wconf 73' lang='lat' dir='ltr'><em>potes-t</em></span> <span class='ocrx_word' id='word_1_412' title='bbox 1341 2627 1497 2678; x_wconf 77' lang='lat' dir='ltr'><em>aliqui-s·</em></span> <span class='ocrx_word' id='word_1_413' title='bbox 1521 2627 1638 2664; x_wconf 85' lang='lat' dir='ltr'><em>lzomo</em></span> <span class='ocrx_word' id='word_1_414' title='bbox 1662 2630 1691 2663; x_wconf 89' lang='lat' dir='ltr'>P</span> <span class='ocrx_word' id='word_1_415' title='bbox 1715 2633 1780 2668; x_wconf 77' lang='lat'><em>486</em></span> 
     </span>
     <span class='ocr_line' id='line_1_43' title="bbox 187 2680 1638 2735; baseline 0.003 -18"><span class='ocrx_word' id='word_1_416' title='bbox 187 2680 285 2718; x_wconf 84' lang='lat' dir='ltr'><em>liber</em></span> <span class='ocrx_word' id='word_1_417' title='bbox 303 2695 344 2719; x_wconf 75' lang='lat' dir='ltr'><em>ce</em></span> <span class='ocrx_word' id='word_1_418' title='bbox 359 2685 596 2722; x_wconf 73' lang='lat' dir='ltr'><em>constituere</em></span> <span class='ocrx_word' id='word_1_419' title='bbox 614 2682 932 2735; x_wconf 75' lang='lat' dir='ltr'><em>adscriptitium.</em></span> <span class='ocrx_word' id='word_1_420' title='bbox 975 2683 1307 2733; x_wconf 87' lang='lat' dir='ltr'><em>quemadmodum</em></span> <span class='ocrx_word' id='word_1_421' title='bbox 1328 2689 1461 2721; x_wconf 89' lang='lat' dir='ltr'><em>autem</em></span> <span class='ocrx_word' id='word_1_422' title='bbox 1478 2690 1638 2735; x_wconf 89' lang='lat' dir='ltr'><em>accepto</em></span> 
     </span>
     <span class='ocr_line' id='line_1_44' title="bbox 188 2737 1637 2792; baseline 0.003 -19"><span class='ocrx_word' id='word_1_423' title='bbox 188 2737 314 2788; x_wconf 85' lang='lat' dir='ltr'><em>pretio</em></span> <span class='ocrx_word' id='word_1_424' title='bbox 342 2737 454 2778; x_wconf 88' lang='lat' dir='ltr'><em>liberi</em></span> <span class='ocrx_word' id='word_1_425' title='bbox 477 2740 624 2779; x_wconf 88' lang='lat' dir='ltr'><em>fiebant</em></span> <span class='ocrx_word' id='word_1_426' title='bbox 655 2741 778 2789; x_wconf 84' lang='lat' dir='ltr'><em>servi,</em></span> <span class='ocrx_word' id='word_1_427' title='bbox 808 2740 863 2778; x_wconf 85' lang='lat' dir='ltr'><em>ita</em></span> <span class='ocrx_word' id='word_1_428' title='bbox 881 2739 1010 2792; x_wconf 83' lang='lat' dir='ltr'><em>pretio</em></span> <span class='ocrx_word' id='word_1_429' title='bbox 1027 2739 1188 2778; x_wconf 86' lang='lat' dir='ltr'><em>reddito</em></span> <span class='ocrx_word' id='word_1_430' title='bbox 1210 2746 1251 2778; x_wconf 86' lang='lat' dir='ltr'><em>et</em></span> <span class='ocrx_word' id='word_1_431' title='bbox 1267 2740 1397 2778; x_wconf 89' lang='lat' dir='ltr'><em>soluto</em></span> <span class='ocrx_word' id='word_1_432' title='bbox 1419 2753 1578 2778; x_wconf 88' lang='lat' dir='ltr'><em>rursum</em></span> <span class='ocrx_word' id='word_1_433' title='bbox 1597 2740 1637 2777; x_wconf 93' lang='lat' dir='ltr'><em>in</em></span> 
     </span>
     <span class='ocr_line' id='line_1_45' title="bbox 186 2793 1639 2848; baseline 0.002 -18"><span class='ocrx_word' id='word_1_434' title='bbox 186 2793 408 2831; x_wconf 85' lang='lat' dir='ltr'><em>libertatem</em></span> <span class='ocrx_word' id='word_1_435' title='bbox 435 2797 731 2848; x_wconf 84' lang='lat' dir='ltr'><em>asserebantur,</em></span> <span class='ocrx_word' id='word_1_436' title='bbox 758 2802 804 2835; x_wconf 87' lang='lat' dir='ltr'><em>ut</em></span> <span class='ocrx_word' id='word_1_437' title='bbox 832 2809 882 2835; x_wconf 81' lang='lat' dir='ltr'><em>ex</em></span> <span class='ocrx_word' id='word_1_438' title='bbox 906 2795 1078 2834; x_wconf 88' lang='lat' dir='ltr'><em>Palladio</em></span> <span class='ocrx_word' id='word_1_439' title='bbox 1098 2796 1292 2848; x_wconf 86' lang='lat' dir='ltr'><em>colligitur</em></span> <span class='ocrx_word' id='word_1_440' title='bbox 1309 2797 1351 2835; x_wconf 93' lang='lat' dir='ltr'><em>in</em></span> <span class='ocrx_word' id='word_1_441' title='bbox 1370 2796 1518 2834; x_wconf 86' lang='lat' dir='ltr'><em>Histor.</em></span> <span class='ocrx_word' id='word_1_442' title='bbox 1534 2797 1639 2833; x_wconf 88' lang='lat' dir='ltr'><em>Lau-</em></span> 
     </span>
     <span class='ocr_line' id='line_1_46' title="bbox 187 2850 1637 2906; baseline 0.001 -19"><span class='ocrx_word' id='word_1_443' title='bbox 187 2850 289 2889; x_wconf 83' lang='lat' dir='ltr'><em>siaea</em></span> <span class='ocrx_word' id='word_1_444' title='bbox 316 2862 350 2891; x_wconf 82' lang='lat' dir='ltr'><em>e.</em></span> <span class='ocrx_word' id='word_1_445' title='bbox 371 2851 438 2892; x_wconf 78' lang='lat'><em>83.</em></span> <span class='ocrx_word' id='word_1_446' title='bbox 494 2853 586 2893; x_wconf 78' lang='lat' dir='ltr'><em>vide</em></span> <span class='ocrx_word' id='word_1_447' title='bbox 613 2853 844 2906; x_wconf 86' lang='lat' dir='ltr'><em>Gregorium</em></span> <span class='ocrx_word' id='word_1_448' title='bbox 874 2854 1143 2893; x_wconf 87' lang='lat' dir='ltr'><em>Turonensem</em></span> <span class='ocrx_word' id='word_1_449' title='bbox 1164 2853 1192 2891; x_wconf 89' lang='lat' dir='ltr'><em>l.</em></span> <span class='ocrx_word' id='word_1_450' title='bbox 1219 2858 1245 2896; x_wconf 85' lang='grc'><strong>7</strong></span> <span class='ocrx_word' id='word_1_451' title='bbox 1273 2867 1306 2891; x_wconf 92' lang='lat' dir='ltr'><em>c.</em></span> <span class='ocrx_word' id='word_1_452' title='bbox 1334 2854 1409 2898; x_wconf 86' lang='lat'><em>45,</em></span> <span class='ocrx_word' id='word_1_453' title='bbox 1442 2851 1637 2902; x_wconf 85' lang='lat' dir='ltr'><em>synodum</em></span> 
     </span>
    </p>
   </div>
  </div>
 </body>
</html>
