1878 3262
500 540 645 613 DE
713 538 1296 612 CINNAMO.

169 755 264 826 De
296 783 496 827 Cinnamo
525 785 694 827 huiusce
721 786 941 838 historiae,
977 799 1081 842 quae
1112 783 1428 837 elegantissimis
1457 791 1498 826 et
1527 797 1626 827 vere

170 853 295 906 regiis
312 855 422 910 typis
445 869 550 894 mmc
571 854 729 911 prodit,
764 856 958 912 scriptore
991 853 1193 910 quaedam
1217 854 1524 904 observaturus,
1560 867 1629 893 or-

172 921 263 962 diar
288 935 313 961 a
338 923 475 963 verbis
498 923 650 964 Leonis
673 923 830 975 Allatii,
866 925 935 978 qui
957 924 1002 963 in
1020 922 1190 963 diatriba
1207 920 1259 962 de
1281 922 1557 977 Symeonibus
1576 921 1629 960 il-

170 991 251 1032 lius
274 991 455 1042 elogium
477 992 727 1048 perstrinxit.
797 990 1109 1043 “Cinnamus'’,
1142 992 1275 1046 inquit
1302 992 1368 1033 vir
1400 988 1630 1030 eruditissi-

170 1072 284 1121 mus,
322 1059 494 1100 “nescio
527 1074 606 1115 quo
633 1062 718 1100 fato
745 1073 770 1100 a
795 1059 1040 1116 quibusdam
1072 1060 1293 1102 Sinnamus
1320 1059 1486 1110 dicitur,
1521 1058 1631 1098 relu-

105 1142 112 1145 ⁴
174 1135 308 1168 etante
339 1128 595 1183 apertissime
622 1129 827 1170 Vaticano
859 1128 1032 1180 Codice,
1075 1144 1129 1170 ex
1164 1143 1244 1183 quo
1282 1129 1470 1183 exempla
1499 1134 1631 1166 cetera

175 1195 377 1251 exscripta
403 1203 509 1236 sunt.
577 1195 869 1238 Cinnamorum
892 1199 1050 1238 familia
1082 1196 1135 1238 ad
1161 1197 1262 1237 haec
1295 1210 1424 1252 usque
1449 1204 1632 1251 tempora

173 1278 261 1304 non
300 1263 597 1304 contemnenda
634 1267 678 1306 in
706 1265 878 1308 Graecia
909 1266 1160 1319 agnoscitur,
1205 1265 1497 1306 Sinnamorum
1523 1263 1633 1303 nulla

176 1339 262 1383 est,
299 1345 402 1387 quae
432 1333 558 1373 etiam
583 1333 620 1374 si
649 1342 778 1386 esset,
815 1350 906 1374 cum
926 1337 996 1376 illa
1016 1335 1189 1376 historia
1206 1333 1451 1375 Cinnamum
1471 1333 1634 1388 praefe-

172 1407 239 1441 rat
256 1407 483 1452 auctorem,
518 1403 665 1443 frustra
686 1417 855 1459 operam
872 1403 1035 1454 ludunt,
1072 1404 1142 1459 qui
1161 1404 1275 1443 aliter
1295 1405 1524 1459 proferunt,
1555 1415 1633 1457 po·-

177 1469 359 1509 sterioris
382 1470 643 1526 exscriptoris
661 1472 815 1511 incuria
839 1470 1042 1528 decepti.”
1110 1478 1216 1511 certe
1250 1470 1542 1512 Cinnamorum
1571 1470 1635 1507 fa-

175 1537 335 1577 miliam
351 1538 396 1576 in
416 1537 534 1578 Italia
550 1539 711 1594 pridem
729 1547 871 1580 notam
888 1548 1045 1581 constat
1065 1554 1119 1581 ex
1136 1539 1344 1591 Martiale,
1380 1537 1488 1594 apud
1515 1551 1636 1592 quem

176 1606 349 1646 occurrit
364 1607 503 1646 nescio
521 1608 611 1661 quis
632 1607 854 1650 Cinnamus
876 1616 1036 1659 tonsor,
1074 1622 1198 1664 eques
1217 1609 1432 1650 Romanus
1453 1607 1634 1656 effeetus,

176 1675 344 1715 nomine
362 1674 456 1714 licet
471 1676 594 1717 tacito
619 1684 784 1718 notatus
812 1691 836 1718 a
861 1664 1056 1720 Iuvenale
1077 1677 1164 1720 Sat.
1189 1679 1209 1718 1
1222 1709 1234 1730 ,
1258 1678 1303 1719 in
1322 1690 1445 1733 quem
1463 1676 1520 1716 ita
1539 1675 1635 1716 lusit

173 1742 246 1784 lib.
262 1746 287 1785 7
307 1743 445 1800 Epigr.
459 1745 538 1784 63:

316 1816 390 1866 qui
405 1821 538 1852 tonsor
541 1814 689 1866 fueras
711 1823 792 1855 tota
812 1818 1045 1856 notissimus
1067 1816 1177 1865 urbe,

397 1889 543 1933 etpost
558 1883 656 1922 haec
675 1883 858 1924 dominae
881 1901 1040 1924 munere
1049 1886 1196 1937 sactus·
1217 1897 1333 1936 eques
1346 1899 1360 1922 .·

319 1951 505 1989 suanias
522 1951 656 2002 urbes,
689 1954 951 2007 Aetnaeaque
968 1969 1091 2007 regna
1104 1954 1260 2006 petisti,

405 2020 620 2070 Cinname,
656 2036 749 2060 cum
757 2023 926 2075 fugeres
949 2025 1079 2061 tristia
1098 2021 1302 2072 iurajbri.

318 2100 401 2138 qua
423 2102 530 2126 nunc
546 2097 630 2127 arte
642 2104 787 2141 graves
810 2091 991 2129 tolerabis
1010 2092 1166 2129 inutilis
1186 2102 1313 2127 annos
1325 2087 1348 2125 ‚9

401 2156 504 2207 quid
507 2157 621 2208 jacit
637 2159 779 2210 infilix
798 2168 835 2197 et
840 2160 1030 2211 fugitiva
1053 2159 1194 2211 quies?

319 2237 399 2261 non
418 2224 547 2262 rhetor
559 2254 571 2274 ‚
610 2241 689 2264 non
702 2231 992 2279 grammaticus
1007 2257 1019 2277 ,
1055 2227 1188 2266 ludive
1205 2226 1410 2277 mgister,

403 2307 484 2331 non
499 2296 661 2346 cynicus
675 2324 687 2345 ,
725 2311 806 2334 non
823 2304 868 2335 tu
884 2299 1030 2335 stoicus
1048 2311 1129 2335 esse
1139 2303 1252 2348 potes
1265 2310 1279 2332 .-

319 2361 480 2400 vendere
499 2377 569 2401 neo
587 2378 718 2403 vocem
740 2367 887 2404 Siculis·
901 2367 1175 2418 plausumque
1192 2364 1354 2403 theatris
1366 2377 1384 2411 ,-

404 2431 513 2482 quod
530 2441 707 2484 superest
718 2463 731 2482 ‚
766 2436 907 2473 iterum
919 2464 931 2484 ,
974 2436 1165 2474 Cinname
1179 2463 1190 2483 ,
1230 2441 1362 2470 tonsor
1377 2431 1476 2468 eris:

188 2499 324 2533 exstat
355 2505 566 2551 praeterea
598 2499 761 2541 Romae
794 2509 912 2543 vetus
937 2502 1172 2558 inscriptio,
1215 2513 1318 2555 quae
1348 2497 1641 2539 Cinnamorum

185 2562 387 2604 familiam
412 2564 596 2608 Italicam
621 2570 787 2621 asserit,
820 2570 935 2611 hisce
962 2578 1156 2627 concepta
1183 2569 1342 2610 verbis:
1386 2579 1640 2618 armornm.

189 2643 385 2673 cunum.
417 2650 476 2677 rr.
511 2650 732 2678 CAESARIS.
761 2652 861 2681 Aue.
895 2652 1143 2680 rAusrrAm.
1211 2635 1286 2678 sed
1320 2643 1361 2676 et
1402 2642 1640 2675 senescente

188 2696 359 2741 Graecia
377 2702 519 2744 sedem
537 2705 680 2747 fixisse
698 2707 742 2746 in
759 2706 902 2764 Apulia
922 2707 1041 2748 docet
1058 2706 1227 2748 Ioannis
1245 2704 1538 2759 archiepiscopi
1557 2701 1642 2742 Ba-

188 2768 319 2809 rensis
348 2769 529 2827 diploma
543 2805 554 2825 ‚
590 2774 699 2829 quod
729 2773 942 2833 descripsit
959 2773 1243 2817 Ferdinandus
1261 2773 1456 2826 Ughellus
1475 2772 1518 2811 in
1540 2771 1640 2827 Epi·

190 2836 325 2891 scopis
337 2837 680 2884 Iuvenacensibus
699 2858 740 2888 n.
753 2846 774 2884 1
797 2853 1030 2886 exaratum:
1066 2847 1090 2867 “
1102 2842 1415 2900 quadragesimo
1436 2854 1543 2880 anno
1561 2841 1643 2879 im-

188 2904 294 2959 perii
315 2905 595 2965 Constantini,
630 2913 831 2969 simulque
846 2928 938 2955 cmn
959 2929 1011 2956 eo
1029 2920 1223 2967 regnante
1242 2911 1434 2954 Romano
1457 2908 1646 2965 Porphy-
