1878 3262
266 221 326 263 IN
341 219 646 264 NICEPHORI
662 222 932 266 BRYENNII
950 223 1242 268 COMMENT.
1259 225 1461 269 NOTAE.
1530 226 1629 271 207

167 328 305 379 madi,
335 332 409 382 qui
437 345 482 367 ex
502 332 593 368 suis
622 332 836 369 exercitum
855 333 967 369 misit
986 339 1127 369 contra
1145 333 1294 370 milites
1305 332 1399 383 filii
1410 333 1624 384 Salghuci.
1645 339 1675 374 P
1698 340 1765 375 201

166 387 234 424 hic
263 389 456 425 exercitas
481 401 546 424 eos
575 390 828 440 oppugnavit
856 395 891 425 et
893 388 1040 440 fudit,
1072 388 1317 440 quibasdam
1337 392 1459 427 etiam
1480 393 1625 441 capti-5.

165 444 262 481 laiac
287 451 324 480 et
352 444 535 481 Miclta‘e‘l
549 445 676 495 filius
709 444 910 496 Salglzaei
935 445 1055 491 obiit,
1083 448 1376 497 iunxeruntque
1401 460 1443 483 se
1473 448 1626 486 Tureae

165 499 442 551 Salglzucidae
466 500 556 548 filio
580 502 668 538 eiua
686 500 966 538 Maleammedi
987 501 1229 551 Abutalibi‚
1258 510 1516 554 cognomento
1546 505 1624 542 To-

160 556 371 607 grulbeoo,
402 558 475 608 qui
491 571 729 608 oppugnans
749 559 960 595 exercitum
973 557 1146 595 Mastcdi
1162 559 1209 596 F.
1230 558 1482 608 Malzmudis,
1512 574 1623 598 eum-

164 612 252 649 dem
273 613 415 663 findit,
445 613 692 664 quibusdam
726 615 881 665 captia,
912 621 948 651 et
975 613 1224 665 quibasdam
1255 617 1410 655 caesis.-
1431 630 1623 667 perseeu-

162 676 306 720 tusque
326 684 389 707 eos
415 671 566 707 Tusum
587 684 734 722 usque,
764 669 877 722 qaod
893 669 1085 721 oppidum
1105 670 1298 718 adortus,
1328 674 1444 723 cepit.
1501 681 1621 725 atque

161 724 210 762 id
220 727 404 776 primum
415 727 510 776 fait
529 726 721 777 oppidum
740 726 852 778 quod
869 728 914 763 in
925 734 1164 778 potestatem
1181 727 1528 780 Salglzucidarum
1551 745 1622 768 ve-

160 783 242 819 nit.-
270 789 307 819 et
327 784 371 820 in
392 795 434 819 eo
455 785 691 835 congregati
714 782 1010 835 Tvgrulbecus,
1040 798 1091 820 ae
1108 784 1258 821 milites
1275 787 1385 833 eius,
1414 784 1463 822 id
1479 787 1621 824 muni-

158 845 314 877 verunt.
371 836 513 876 deinde
543 842 720 877 exierunt
745 838 838 877 inde
864 839 1182 889 Naisahun‘am,
1212 849 1247 877 et
1276 856 1320 879 eo
1343 855 1501 893 quoque
1522 849 1620 880 sant

151 897 290 946 potiti.
348 909 415 932 rex
445 903 581 932 antem
605 895 819 935 Ina-sudus
841 898 963 947 fugit
995 897 1040 933 in
1071 896 1254 946 Indiam,
1284 905 1320 934 et
1350 899 1395 935 in
1419 900 1619 949 regionem

158 953 246 988 eiu-5·
266 954 513 1002 penetravit,
553 954 675 1004 inque
705 967 753 990 ea
787 951 861 989 diu
884 954 1129 1003 permansit,
1170 951 1326 990 deserta
1356 953 1622 993 choro-sana.-

158 1021 280 1059 quam
307 1007 585 1059 Salglzueidae
594 1038 608 1056 ,
635 1011 818 1060 graviter
836 1022 878 1045 se
894 1010 938 1045 in
957 1023 1004 1045 ea
1022 1016 1222 1060 gerente-5,
1252 1009 1546 1060 subiugarunt‚
1583 1018 1619 1047 et

158 1064 301 1115 opibus
327 1065 569 1115 spoliarunt.
628 1064 740 1116 quod
767 1079 856 1102 cum
882 1065 1139 1102 intellexisset
1160 1068 1347 1117 princeps
1373 1065 1617 1116 Masuchue,

156 1134 334 1158 reversus
358 1128 437 1170 est,
467 1120 541 1158 sed
563 1121 664 1158 bello
687 1136 773 1160 eum
790 1122 995 1172 petierunt
1015 1121 1308 1173 Salglmcidae,
1339 1128 1376 1158 et
1400 1123 1445 1160 in
1460 1124 1619 1174 fugam

153 1183 367 1216 verterunt.
425 1176 534 1215 unde
556 1177 741 1216 Caiimus
756 1177 986 1216 Biamrilla
1007 1177 1223 1230 (Chalipha
1239 1177 1510 1231 Baldacensis)
1531 1193 1619 1216 mo-

153 1235 248 1270 nuit
275 1240 399 1284 atque
423 1233 611 1271 hortatus
640 1242 697 1271 est
725 1248 814 1282 eos,
847 1241 894 1270 ut
912 1235 1109 1284 regionem
1128 1233 1418 1273 Mos-limorum
1437 1234 1616 1272 custodi-

154 1297 252 1330 rent.
307 1290 404 1327 hinc
433 1289 605 1327 adortus
627 1292 771 1328 iterum
796 1304 861 1327 eos·
882 1297 939 1326 est
955 1290 1182 1338 Masculus,
1214 1290 1287 1328 sed
1303 1291 1371 1330 illi
1389 1298 1426 1328 et
1440 1289 1615 1329 secundo

153 1361 242 1383 eum
261 1347 303 1383 in
320 1347 471 1397 fugam
492 1353 649 1397 turpem
666 1353 880 1396 verterunt,
910 1353 947 1383 et
964 1347 1298 1398 stabilitumsuit
1319 1349 1376 1384 eis
1392 1348 1614 1399 imperium.

151 1401 251 1440 haec
278 1402 350 1440 etsi
374 1402 592 1453 prolixiora
624 1403 676 1440 ad
701 1401 935 1442 illustranda
955 1415 1053 1453 quae
1076 1403 1124 1441 de
1149 1403 1407 1442 Turcicorum
1426 1404 1614 1442 Sthano-

151 1472 243 1496 rum
273 1458 419 1509 origine
447 1457 596 1497 habent
616 1459 755 1498 Graeci
775 1459 1006 1509 scriptores,
1035 1459 1156 1497 hocce
1178 1460 1264 1498 loco
1289 1459 1497 1499 inserenda
1516 1472 1613 1512 ope-

148 1527 218 1553 rae
250 1515 423 1566 pretium
456 1515 653 1555 duximus.
712 1515 814 1554 adde
842 1516 1003 1554 Petrum
1026 1516 1218 1554 Texeram
1242 1516 1270 1558 l.
1293 1519 1321 1558 2
1350 1517 1441 1556 Rer.
1469 1517 1613 1556 Persic.

151 1584 185 1610 c.
206 1569 274 1614 48.

264 1641 303 1680 p.
320 1630 374 1670 27
393 1641 432 1666 v.
456 1631 494 1670 8.
549 1623 798 1681 Ἀρράξιδος]
828 1628 974 1667 Eadem
999 1629 1258 1681 appellatione
1276 1628 1446 1668 donatur
1466 1629 1619 1668 fluvius

149 1684 221 1722 iste
254 1698 277 1721 a
302 1683 493 1735 Scylitze,
524 1685 591 1733 qui
620 1685 716 1722 alius
735 1691 775 1723 et
795 1684 973 1723 diversus
997 1692 1055 1723 est
1072 1700 1234 1737 prorsus
1252 1686 1301 1723 ab
1318 1685 1450 1723 Araxe
1468 1686 1612 1723 Arme-

148 1740 238 1778 niae
263 1740 422 1778 maioris
441 1739 565 1778 fluvio
578 1769 589 1789 ,
618 1741 686 1791 qui
704 1742 745 1778 in
765 1741 948 1791 Caspium
968 1755 1075 1780 mare
1099 1743 1287 1780 illabitur.
1344 1755 1437 1779 nam
1454 1741 1611 1790 Araxis,

150 1797 223 1834 etsi
250 1797 292 1834 in
318 1795 420 1833 idem
449 1809 556 1833 mare
583 1797 733 1847 pariter
751 1797 915 1846 influat,
944 1797 1099 1836 Araxae
1118 1799 1278 1837 omnino
1299 1797 1501 1849 oppositus
1522 1797 1609 1846 suit,

148 1858 197 1890 ut
229 1853 295 1903 qui
322 1851 520 1889 Persidem
549 1865 571 1888 a
596 1853 817 1890 Turcorum
836 1853 1097 1891 Asiaticorum
1117 1855 1275 1904 regione
1301 1853 1500 1903 diviserit,
1529 1865 1616 1904 quo

146 1921 219 1960 per
245 1914 407 1960 pontem
430 1907 596 1958 desuper
622 1914 791 1946 stratum
814 1909 982 1947 transito
999 1910 1041 1947 in
1059 1922 1143 1947 eam
1162 1909 1406 1961 provinciam
1422 1915 1608 1961 penetra-

146 1971 246 2003 runt
269 1964 387 2003 Turci
398 1992 412 2013 ,
442 1964 510 2014 qui
528 1977 574 2001 eo
596 1977 692 2003 aevo
711 1965 907 2016 regionem
931 1965 1178 2016 incolebant,
1205 1979 1323 2016 quam
1345 1966 1563 2005 etiamnum
1585 1979 1612 2003 a

145 2021 332 2073 primaria
352 2033 488 2058 eorum
505 2020 615 2070 sede,
645 2021 958 2072 Turquestanam
975 2028 1134 2061 vocant.
1190 2021 1298 2060 unde
1318 2022 1478 2062 videtur
1502 2023 1608 2061 Ara-

145 2078 208 2116 xis
225 2077 372 2116 fluvius
389 2077 454 2114 ille
471 2089 551 2114 esse
562 2106 573 2125 ,
603 2090 720 2126 quem
737 2078 870 2115 Oxum
891 2083 1041 2117 veteres
1060 2079 1326 2130 appellabant,
1355 2079 1423 2129 qui
1439 2078 1480 2116 in
1495 2091 1605 2117 mare

147 2135 330 2185 Caspium
354 2133 532 2171 illabitur
549 2138 589 2170 et
609 2133 756 2172 Persidi
780 2134 943 2186 propior
968 2140 1045 2184 est,
1075 2149 1192 2186 quam
1212 2135 1311 2173 alter
1326 2148 1489 2186 magnus
1507 2147 1604 2185 per-

146 2190 240 2228 inde
267 2191 434 2238 fluvius,
463 2189 531 2239 qui
556 2191 868 2241 Septentrionem
893 2203 1030 2229 versus
1056 2191 1097 2229 in
1127 2192 1230 2230 idem
1260 2204 1367 2229 mare
1390 2191 1604 2240 evolvitur,

145 2247 321 2285 Iaxartes
349 2246 594 2294 Ptolemaeo,
623 2247 827 2295 Straboni,
856 2246 1062 2285 Ammiano
1092 2248 1118 2285 l.
1139 2252 1213 2297 23,
1244 2247 1443 2298 Gregorae
1463 2247 1491 2287 1.
1514 2250 1541 2288 2
1563 2252 1603 2284 et

147 2303 232 2341 aliis
259 2303 410 2350 dictus,
440 2308 607 2352 uterque
628 2303 676 2340 ab
696 2303 909 2341 Occidente
932 2304 1143 2355 profectus
1202 2316 1328 2353 neque
1347 2303 1395 2341 ab
1413 2302 1489 2341 hac
1507 2315 1601 2341 sen-

146 2361 269 2397 tentia
303 2358 470 2396 discedit
499 2358 765 2411 El-Macinus,
806 2359 873 2410 qui
901 2373 945 2397 ea
976 2365 1205 2411 tempestate
1234 2360 1384 2398 Turcos
1411 2359 1601 2397 Asiaticos

147 2422 320 2454 tractum
344 2414 550 2452 incoluisse
577 2421 732 2464 narrat,
762 2429 878 2466 quem
904 2416 1113 2467 geographi
1140 2416 1287 2454 Arabes
1306 2416 1601 2454 Maurahana-

146 2485 258 2520 ram,
289 2484 356 2509 seu
373 2476 420 2509 ut
435 2471 547 2509 effert
570 2470 736 2509 loannes
753 2472 939 2521 Gravius,
967 2471 1388 2510 Mawaradnalzaram
1400 2503 1418 2522 ,v
1445 2471 1601 2511 tabulae

144 2528 422 2579 geographicae
451 2528 742 2577 Maurenalzer‚
781 2534 948 2575 vocant,
988 2528 1096 2578 quod
1127 2529 1366 2567 vocabulum
1398 2530 1601 2581 regionem

146 2585 260 2621 ultra
267 2586 452 2636 fluvium
469 2586 594 2621 sitam
612 2590 745 2633 sonat,
773 2591 821 2623 ut
837 2590 975 2623 auctor
991 2591 1051 2622 est
1068 2585 1205 2623 Petrus
1222 2585 1405 2623 Vaterius
1420 2586 1462 2623 in
1478 2597 1602 2637 prae-

146 2640 215 2678 sat.
244 2641 295 2678 ad
320 2641 499 2678 eumdem
527 2641 775 2692 scriptorem:
813 2654 930 2691 quam
959 2641 1117 2691 quidem
1140 2641 1384 2693 provinciam
1411 2641 1598 2694 peculiari

145 2699 430 2735 commentario
464 2698 697 2746 illustravit,
737 2698 1018 2749 descripsitque
1051 2697 1244 2736 Abulseda
1281 2698 1417 2736 Ismael
1459 2698 1596 2736 Arabs.

144 2752 261 2790 fluvii
282 2759 413 2790 autem
432 2754 728 2792 nomenclatura
746 2754 907 2805 intelligi
924 2754 1064 2792 debere
1088 2754 1321 2804 Ghaionem‚
1350 2767 1420 2793 seu
1443 2753 1594 2792 Gicho-

145 2822 254 2858 nem,
283 2809 368 2859 vel,
396 2815 444 2848 ut
469 2810 533 2847 alii
562 2810 730 2860 denique
761 2824 898 2850 vocem
925 2810 1030 2848 hanc
1057 2811 1242 2859 efferunt,
1273 2810 1417 2859 Iihun,
1446 2809 1512 2860 qui
1541 2807 1592 2844 ad

145 2865 348 2906 Meridiem
363 2865 715 2919 Mauranaharam,
742 2881 765 2906 a
786 2866 1030 2920 Chorosana,
1059 2880 1128 2908 seu
1147 2867 1303 2908 Perside
1326 2866 1513 2906 interiore
1531 2875 1594 2902 se-
