1878 3262
591 228 982 280 HISTORIARUM
1017 238 1062 280 L.
1094 237 1168 281 III.
1514 239 1608 285 131

156 369 196 396 τε
218 348 379 404 Τζέχων
405 351 474 393 καὶ
501 347 692 402 Σαξόνων
721 350 855 395 ἄλλων
882 369 924 395 τε
940 353 1134 396 πλείστων
1155 350 1288 412 ἐαυτῷ
1308 350 1606 409 συστησάμενος

153 422 286 463 ἐθνῶν
316 420 372 468 εἷς
398 419 472 474 τὴν
492 418 768 476 Βρανιτζόβης
790 422 1023 478 πολιορκίαν
1050 424 1300 474 καθίστατο,
1333 423 1526 479 ἐπαρθεὶς
1544 422 1604 466 οῗ-
1660 459 1662 461 ,

153 506 230 544 μαι
250 485 312 538 οἷς
323 486 572 545 Ἀνδρόνικος
591 489 702 546 αὐτῷ
722 487 1110 544 διομολογησάμενος
1130 490 1255 545 ἔτυχε.
1310 489 1463 534 τούτων
1480 496 1604 545 βασι-

153 557 247 607 λεὺς
261 554 438 607 ἀκούσας
465 557 768 612 καταπέπληκτο
787 557 861 611 μὲν
884 557 986 614 πρὸς
1013 557 1086 612 τὴν
1108 558 1231 614 ἀκοὴν
1250 561 1318 602 καὶ
1346 559 1420 614 τὴν
1442 559 1606 603 Οὕννων
1626 578 1656 613 B

121 630 142 667 5
155 623 384 681 ἐθαύμαζεν
402 626 601 678 ἀπιστίαν,
630 627 665 668 εἶ
681 629 761 668 τῶν
778 624 942 681 ἔναγχος
960 626 1098 682 σφίσιν
1114 626 1411 681 ὀμωμοσμένων
1430 629 1472 679 ἐξ
1490 628 1606 672 οῧδε-

151 697 250 750 μιάς
280 693 516 750 ἀλογήσειαν
545 694 688 744 αῗτίας.
758 692 947 749 ὀξύτητος
975 694 1016 736 δ’
1048 692 1158 748 ὅμως
1188 697 1349 737 δεῖσθαι
1376 696 1421 739 τὸ
1439 702 1607 755 πρᾶγμα

152 761 492 818 βουλευσάμενος,
529 762 673 805 αὐτίκα
699 762 772 818 τὴν
801 764 862 805 ἐπὶ
889 763 959 805 τὸν
977 762 1135 820 Ἴστρον
1164 763 1340 823 ἐφέρετο.
1416 767 1533 817 -εῗδώς
1564 767 1608 810 δὲ
1643 759 1645 762 ’

151 833 249 882 τοὺς
266 832 340 875 σὺν
364 832 475 889 αὐτῷ
496 831 567 873 οὐκ
592 829 838 886 ἀξιομάχους
863 830 983 882 ὄντας
1001 836 1051 888 τῇ
1073 830 1237 874 Οἰίννων
1255 837 1427 892 στρατιᾷ
1447 835 1511 888 (αἱ
1529 836 1606 893 γὰρ

148 899 357 955 Ῥωμαίων
379 898 567 954 δυνάμεις
590 900 762 955 μηδενὸς
783 899 880 942 ὅθεν
905 898 1050 956 δήποτε
1074 905 1132 959 τῷ
1161 901 1259 952 τέως
1276 902 1606 954 ἀντιστατοῦντος
1628 921 1661 956 v
1683 923 1728 959 39

99 970 216 1012 1Οέπὶ
234 967 376 1027 χώρας
396 968 543 1024 ἑκάστη
573 968 729 1023 Ξζιιενον)
742 1001 756 1020 ,
787 966 927 1012 ἐνενόει
954 968 1101 1012 τοιάδε.
1171 969 1253 1012 ἔστι
1280 988 1343 1021 τις
1359 974 1498 1028 χῶρος
1516 972 1610 1028 ἐρυ-

152 1037 349 1093 μνότητος
377 1038 523 1088 ἱκανῶς
546 1036 647 1092 ἔχων
671 1036 839 1093 Σμήλης
865 1037 1005 1092 ὄνομα.
1073 1042 1216 1081 τοῦτον
1239 1038 1337 1095 ἔγνω
1366 1041 1611 1094 καταλαβών

154 1105 398 1164 ὁρμητήριον
417 1110 489 1160 τῆς
517 1107 579 1147 ἐπὶ
600 1106 694 1157 τοὺς
726 1106 904 1157 Οὕννους
928 1108 1084 1150 θέσθαι
1105 1108 1316 1165 ἐκδρομῆς.
1385 1106 1494 1159 ὅπως
1513 1109 1611 1164 με’ν-

153 1193 216 1218 τοι
245 1175 555 1231 Βρανιτζοβΐται
584 1175 657 1230 τὴν
687 1173 802 1218 πόλιν
828 1180 886 1234 τῷ
914 1177 1012 1226 τέως
1042 1176 1153 1234 αὐτῷ
1177 1175 1405 1234 τηρήσωσι,
1440 1176 1611 1234 γράμμα

151 1241 336 1301 χαράξας
363 1241 458 1286 ὅσον
483 1243 555 1285 οὐκ
584 1243 662 1299 ἤδη
687 1245 906 1302 ἀφίξεσθαι
925 1249 1068 1287 τοῦτον
1083 1250 1236 1300 μηνῦον
1251 1250 1331 1288 τῶν
1354 1251 1612 1303 στρατιωτῶν
1634 1262 1666 1298 c

102 1317 230 1356 15τινι
247 1313 478 1370 ἐνεχείρισε,
509 1311 698 1363 κελεύσας
725 1315 787 1355 ἐπὶ
805 1314 877 1368 τὴν
898 1311 1014 1355 πόλιν
1038 1314 1137 1356 αὐτὸ
1166 1316 1368 1371 διαφεῖναι
1394 1315 1502 1369 βέλει
1520 1318 1615 1367 ξυν-

155 1380 352 1437 δήσαντα.
418 1379 439 1423 ὃ
471 1382 544 1435 μὲν
577 1377 648 1423 οὖν
678 1382 783 1424 κατὰ
807 1382 853 1425 τὸ
879 1383 1094 1425 κελευσθὲν
1119 1383 1253 1425 ἐποίει.
1330 1383 1376 1426 τὸ
1418 1384 1462 1425 δὲ
1497 1385 1615 1439 βέλος

154 1450 396 1508 πορρωτέρω
413 1448 439 1504 ἢ
459 1451 578 1505 ἐχρῆν
599 1451 754 1507 ἇφεθέν
777 1450 944 1502 Οὕννοις
964 1454 1020 1502 εἷς
1033 1458 1175 1509 χεῖρας
1190 1446 1329 1506 ἦλθεν.
1398 1451 1524 1502 εὐθὺς
1544 1447 1616 1494 οὖν

153 1518 363 1577 ταραγμὸς
384 1521 571 1573 εἰσῆλθεν
590 1518 757 1571 αὐτούς,
794 1522 861 1561 καὶ
882 1520 931 1575 δὴ
957 1519 1032 1570 τάς
1051 1537 1090 1562 τε
1110 1519 1308 1569 ἑλεπόλεις
1330 1521 1397 1561 καὶ
1417 1518 1494 1563 ὅσα
1515 1520 1617 1580 πρὸς

154 1589 414 1643 τειχομαχίαν
446 1588 583 1638 αὐτοῖς
615 1587 912 1645 παρεσκεύαστο
938 1590 1034 1645 πυρὶ
1062 1589 1277 1646 φλέξαντες
1295 1589 1358 1630 ἐπὶ
1375 1587 1615 1647 τὸνἼστρου
1640 1601 1643 1603 ’

102 1657 347 1715 2οπορθμὸν
362 1655 498 1714 ᾔεσαν.
566 1655 765 1712 πλήθοντι
788 1658 832 1699 δὲ
850 1656 961 1714 αὗτιῇ
982 1655 1304 1711 ἐντετυχηκότες,
1341 1657 1519 1712 (χειμών
1537 1657 1616 1714 γὰρ

158 1727 202 1768 ἐκ
223 1730 303 1767 τῶν
324 1724 482 1767 ἄνωθεν
504 1724 706 1782 ἤπειγεν),
743 1724 798 1776 ὥς
819 1727 880 1768 ἐπὶ
901 1727 1134 1782 Βελέγραδα
1151 1724 1266 1767 πόλιν
1288 1726 1491 1782 ἐφέροντο.
1545 1720 1618 1768 οὗ·

158 1811 233 1851 περ
267 1791 510 1847 αῗσθόμενος
538 1793 750 1848 βασιλεύς,
785 1792 1016 1848 πυθόμενος
1046 1795 1088 1836 δὲ
1110 1796 1176 1835 καὶ
1198 1792 1253 1843 ὡς
1273 1796 1470 1850 Βορίτζης
1489 1792 1510 1836 ὅ
1530 1793 1618 1836 Βό-
1649 1842 1658 1851 ,

160 1867 292 1917 σθνης
313 1860 454 1919 χώρας
474 1861 652 1920 ἐξάρχων
668 1863 936 1917 Λαλματικῆς
963 1866 1017 1912 εἷς
1036 1861 1276 1916 συμμάχους
1295 1866 1352 1920 τῷ
1374 1861 1614 1919 Παιονάρχῃ
1638 1886 1671 1921 D

251 1948 286 1982 6.
322 1944 521 1990 ὀξύτητος]
554 1946 610 1979 Ita
632 1947 777 1981 Tollius.
812 1947 899 1980 cod.
928 1945 1118 1989 ὀξύτατος.
1270 1946 1323 1980 10.
1348 1942 1619 1991 ἐρυμνότητος]

253 1992 339 2028 Cod.
366 1989 622 2036 ἐρυμνότατος.
761 1991 814 2026 15.
847 1990 1057 2038 ἐνεχείρισε]
1092 1993 1143 2025 Ita
1166 1990 1307 2027 Tollius.
1345 1991 1432 2026 Cod.
1457 1989 1618 2035 ε’χείρισε.

251 2038 573 2130 ιέἓιῖἒγιῖιιὲιὲἐῖναι]
599 2037 683 2074 eod·
708 2037 910 2076 διαθεῖναι.
1017 2040 1073 2075 21.
1097 2035 1330 2084 Βελέγραδα]
1356 2037 1411 2072 Ita
1425 2037 1511 2073 Duc.
1530 2037 1618 2073 eod.

162 2155 199 2188 et
225 2152 298 2188 aliis
321 2155 478 2198 gentibus
499 2153 721 2200 compluribus
744 2155 915 2198 exercitu,
940 2154 1160 2190 Branizobam
1182 2154 1300 2189 urbem
1323 2165 1521 2201 oppugnare
1535 2165 1618 2189 con-

161 2199 274 2234 tendit
284 2225 294 2241 ‚
321 2201 432 2245 pactis
447 2202 538 2234 forte
553 2201 737 2243 confidens,
762 2213 850 2246 quae
866 2213 938 2235 cum
954 2201 1144 2235 Andronico
1159 2201 1347 2246 pepigerat.
1379 2202 1451 2236 eius
1466 2201 1516 2235 rei
1532 2212 1619 2235 nun-

161 2245 211 2279 tio
229 2246 484 2291 obstupefactus
509 2246 665 2292 princeps
689 2247 827 2281 miratus
850 2253 901 2281 est
927 2247 1102 2292 perfidiam
1125 2247 1383 2291 Hungarorum‚
1414 2247 1506 2292 quod
1531 2257 1620 2291 quae

162 2292 382 2326 sacramentis
399 2292 488 2326 haud
504 2292 634 2337 pridem
649 2292 864 2326 sanciverant
879 2293 968 2326 nulla
982 2293 1026 2326 de
1041 2303 1143 2326 causa
1157 2293 1412 2337 posthaberent.·
1445 2293 1621 2327 celeritate

162 2337 271 2381 igitur
286 2349 387 2383 egere
401 2350 470 2372 rem
486 2338 642 2383 opinatus
655 2364 665 2380 ‚
689 2350 806 2372 versus
822 2339 944 2372 Istrum
962 2339 1116 2372 continuo
1130 2339 1197 2372 iter
1210 2339 1365 2373 intendit.
1412 2342 1450 2373 at
1466 2349 1539 2373 cum
1555 2337 1622 2372 sci-

163 2388 219 2417 ret
234 2394 313 2417 suos
328 2395 538 2429 nequaquam
555 2395 631 2418 esse
647 2385 816 2427 Hungaris
832 2396 930 2430 pares
957 2384 1099 2430 (quippe
1115 2385 1342 2418 Romanorum
1357 2383 1468 2426 vires,
1490 2383 1621 2417 nemine

164 2433 236 2463 tum
254 2429 437 2463 obsistente
449 2458 459 2474 ‚
481 2431 514 2464 in
530 2430 710 2477 provinciis
724 2430 897 2475 dispersae
913 2430 1172 2475 considebant),
1195 2430 1275 2464 talia
1294 2430 1477 2473 excogitat.
1524 2430 1620 2463 locus

167 2478 220 2508 est
234 2475 316 2509 satis
339 2476 483 2509 munitus
507 2475 638 2509 nomine
653 2476 796 2511 Smeles.
843 2477 930 2510 hunc
957 2487 1124 2521 occupare
1144 2475 1309 2519 instituit,
1330 2480 1371 2509 ut
1399 2478 1491 2509 esset
1519 2474 1620 2508 sedes

165 2520 255 2555 unde
270 2526 464 2556 excurreret
475 2521 509 2555 in
533 2522 722 2566 nungaros.
767 2525 806 2556 ut
825 2533 907 2556 vero
922 2521 1093 2556 civitatem
1116 2521 1180 2556 sibi
1203 2525 1443 2555 conservarent
1456 2521 1622 2554 Branizo-

167 2565 258 2600 bitae
274 2594 284 2611 ‚
316 2567 451 2609 literas,
483 2567 605 2612 quibus
629 2579 666 2601 se
690 2567 818 2602 iamiam
845 2568 1066 2602 adventurum
1092 2567 1156 2601 illis
1171 2567 1356 2611 significat,
1380 2566 1475 2600 militi
1491 2566 1635 2600 cuidam-

167 2612 283 2654 tradit,
305 2613 518 2659 imperatque
534 2618 571 2647 ut
585 2613 654 2647 telo
670 2613 824 2658 alligatas
835 2614 869 2648 in
885 2615 1001 2648 urbem
1017 2613 1210 2647 coniiceret.
1257 2612 1346 2657 quod
1361 2612 1418 2646 ille
1432 2612 1482 2646 uti
1494 2612 1620 2646 iussum

170 2661 245 2690 erat
257 2659 350 2693 fecit.
397 2658 455 2693 sed
471 2659 555 2693 enim
570 2659 688 2693 literae
710 2659 842 2703 longius
865 2670 964 2704 quam
980 2660 1162 2704 oportebat
1177 2658 1353 2703 proiectae
1376 2658 1410 2691 in
1426 2669 1542 2692 manus
1558 2669 1621 2691 ve·-

171 2713 251 2736 nere
265 2703 511 2750 Hungarorum.
558 2705 716 2739 continuo
730 2705 834 2748 igitur
846 2705 970 2739 invasit
986 2705 1062 2738 illos
1077 2709 1202 2747 metm,
1227 2703 1454 2748 machinisque
1469 2710 1505 2738 et
1518 2704 1620 2737 rebus

172 2747 264 2790 aliis,
287 2760 373 2794 quae
395 2751 438 2784 ad
458 2751 552 2784 urbis
578 2751 861 2797 oppugnationem
884 2755 1067 2796 apparatae
1088 2750 1244 2792 fuerant,
1268 2749 1414 2784 incensis
1429 2750 1474 2783 ad
1497 2750 1621 2784 Istrum

171 2793 346 2828 transituri
366 2797 617 2831 contenderunt.
664 2797 724 2831 sed
745 2797 970 2833 exundantem
982 2795 1191 2830 invenientes
1206 2795 1344 2830 fluvium
1360 2795 1379 2840 (
1388 2795 1513 2841 quippe
1527 2793 1620 2829 venti

172 2838 361 2884 imbresque
376 2841 468 2875 caelo
487 2842 584 2876 effusi
597 2843 757 2888 ruebant)
773 2854 891 2878 versus
905 2842 1125 2888 Belegradam
1137 2841 1205 2876 iter
1217 2846 1365 2875 vertere.
1411 2841 1463 2875 his
1479 2838 1622 2883 cognitis

172 2885 379 2929 imperator,
408 2892 615 2932 acceptoque
637 2886 794 2924 Borlzem
824 2889 986 2924 Bossinae
1014 2887 1160 2934 regionis
1191 2886 1410 2922 Dalmaticae
1428 2885 1623 2932 principem,
