1878 3262
220 204 319 251 380
671 198 875 243 CAROLI
907 198 989 241 DU
1022 198 1235 242 FRESNE

437 306 539 363 πρὸς
558 306 630 350 τᾶν
650 308 772 350 οἴκων
789 303 951 356 φύλακα
971 309 1054 347 ταῖν
1075 305 1118 347 ἐν
1135 310 1221 355 τοῖς
1239 302 1482 362 ἀνακτόροις.

438 366 595 407 naniam
615 364 777 419 λέγομεν
794 361 917 405 αὐτόν
935 361 1033 404 nocto}
1052 362 1253 416 Ῥωμαίων
1273 367 1460 417 γλῶτταν.

220 422 328 462 unde
353 423 462 474 apud
488 423 707 460 Cedrenum
738 422 891 469 παπίας
916 423 989 461 τοῦ
1017 421 1212 460 παλατίου
1242 419 1283 458 in
1310 421 1438 458 Leone
1468 421 1678 471 Coprony-

219 480 275 519 mi
301 479 343 518 F.
377 486 417 517 et
444 481 612 518 Leonem
647 478 945 530 grammaticum
983 477 1025 514 in
1053 477 1180 514 Leone
1208 476 1394 515 Armenio
1425 484 1466 515 et
1491 476 1680 515 Michaele

77 534 109 569 P
132 533 201 570 480
225 535 433 588 Theophili
453 537 497 575 F.
510 549 558 587 ‚p-
578 535 659 577 447
680 535 776 585 469,
811 542 944 573 custo-s
959 534 1138 584 palatii,
1165 535 1319 585 papia-s·
1340 540 1376 570 et
1392 535 1612 581 ostiarius,
1637 533 1679 570 in

222 597 248 636 8
269 593 431 644 Synodo
452 594 538 632 Act.
557 594 583 635 5
613 597 880 644 nuncupatur.
947 590 1193 641 proindeque
1222 604 1304 628 non
1335 589 1453 627 modo
1476 589 1680 628 habitabat

219 650 260 688 in
278 650 361 701 ipso
379 650 547 702 palatio,
591 650 651 688 uti
679 650 890 687 observare
918 653 975 684 est
1009 660 1059 684 ex
1076 647 1244 698 Scylitze
1273 647 1315 684 in
1333 646 1523 684 Michaele
1541 645 1682 684 Rhan-

219 707 315 758 gabe
335 721 374 758 p.
397 706 480 748 492
501 712 541 744 et
555 703 658 757 495,
697 706 766 744 sed
794 711 834 743 et
861 717 979 756 penes
1001 703 1157 755 papiam
1183 717 1365 752 reorum,
1396 703 1462 753 qui
1486 705 1526 741 in
1547 702 1683 754 palatii

221 764 445 801 carceribus
463 763 755 812 detinebantur,
784 776 878 799 cura
897 762 1124 812 praesertim
1142 766 1238 809 erat,
1268 760 1375 810 quod
1391 759 1468 798 hoc
1487 761 1574 798 loco
1594 759 1683 811 plue

220 821 313 858 satis
333 821 464 858 innuit
484 820 709 865 Cinnamus,
737 825 784 857 ut
804 825 843 856 et
861 820 1033 855 Zonaras
1051 817 1092 854 in
1115 816 1302 855 Michaele
1322 817 1455 856 Baibo.
1501 817 1577 854 suit
1592 829 1684 854 sane

220 877 342 915 simile
357 884 676 928 gauarretorzcm
699 876 873 914 officium
893 875 935 912 in
959 874 1047 911 aula
1066 886 1201 925 regum
1223 874 1374 911 Siciliae
1395 873 1466 911 sub
1487 873 1684 911 Norman-

220 933 301 983 nis,
341 946 459 984 penes
485 947 584 983 quos
613 947 693 970 non
716 946 811 970 cura
831 932 1030 970 duntaxat
1052 937 1091 968 et
1111 931 1288 968 custodia
1303 931 1436 981 palatii
1455 930 1526 968 sub
1548 930 1685 968 castel-

219 990 311 1028 lano
329 990 600 1039 incumbebat,
631 989 699 1027 sed
729 995 767 1027 et
794 1002 882 1038 eos,
926 988 994 1038 qui
1027 1000 1098 1037 per
1135 987 1312 1025 diversos
1345 987 1480 1038 palatii
1511 999 1683 1024 carceres

220 1047 461 1085 tenebantur
481 1046 636 1096 inclusi,
665 1047 892 1096 frequenter
910 1046 1101 1095 inspicere
1134 1056 1348 1094 eorumque
1376 1049 1523 1081 statum
1551 1043 1684 1080 mitius

223 1104 460 1154 asperiusve,
491 1108 612 1154 prout
630 1103 664 1139 ei
682 1103 811 1140 visum
828 1107 926 1150 erat,
958 1105 1199 1139 commutare
1218 1106 1257 1138 et
1274 1106 1397 1151 prout
1415 1100 1534 1138 vellet
1550 1105 1686 1138 custo-

223 1159 291 1197 des
316 1160 475 1210 singulis
494 1159 694 1209 designare
716 1159 957 1205 carceribus,
999 1164 1046 1195 ut
1075 1162 1213 1195 auctor
1235 1162 1294 1194 est
1320 1157 1434 1207 Hugo
1453 1156 1686 1195 Falcandus.

222 1222 524 1267 gauarretorum
553 1215 731 1252 meminit
761 1216 879 1252 etiam
897 1212 1117 1251 Richardus
1141 1213 1189 1251 de
1211 1215 1248 1251 S.
1273 1213 1469 1251 Germano
1491 1212 1535 1251 A.
1561 1215 1684 1254 1232.

225 1273 274 1311 de
299 1273 430 1324 magni
465 1272 603 1324 papiae
632 1271 760 1309 officio
793 1272 908 1322 plura
932 1269 1053 1307 habet
1074 1270 1288 1318 meursius,
1334 1269 1444 1307 cuius
1473 1269 1685 1320 dignitatis,

224 1343 342 1380 quam
363 1329 476 1367 simili
493 1358 505 1379 ,
535 1341 634 1379 quae
650 1328 726 1366 fuit
749 1328 842 1365 olim
862 1328 902 1365 in
923 1339 1058 1377 regum
1075 1332 1302 1364 nostrorum
1325 1326 1494 1376 palatio,
1525 1339 1688 1376 compa-

224 1399 314 1424 rare
332 1393 402 1434 est,
435 1397 630 1436 quamque
649 1386 866 1422 etiamnum
885 1386 1088 1434 conciet-ge
1112 1382 1169 1420 da
1183 1384 1325 1433 Palaia
1344 1388 1503 1430 vocant,
1539 1382 1688 1419 mentio

224 1449 283 1481 est
303 1449 505 1495 praeterea
524 1442 629 1494 apud
653 1441 932 1492 Pachymerem
951 1441 975 1478 1.
999 1440 1024 1481 5
1044 1454 1076 1477 e.
1096 1439 1136 1489 5,
1161 1440 1479 1477 Cantacuzenum
1497 1438 1522 1476 l.
1545 1444 1563 1480 1
1587 1452 1621 1476 c.
1634 1441 1689 1479 26

223 1500 302 1550 52,
332 1499 358 1541 L
377 1503 404 1540 2
426 1512 458 1537 e.
479 1503 533 1541 22
556 1503 610 1541 27
629 1504 667 1535 et
687 1497 954 1548 Nicephorum
975 1497 1190 1547 Gregoram
1211 1496 1236 1534 l.
1259 1498 1299 1536 8.

333 1569 373 1606 p.
396 1555 477 1597 235
499 1568 538 1593 v.
559 1559 594 1596 1.
654 1552 763 1606 παρὰ
785 1552 1118 1605 Πριμίσθλαβον]
1149 1552 1284 1591 Varios
1309 1550 1471 1588 Russiae
1493 1563 1562 1588 seu
1579 1550 1688 1588 Mos-

223 1611 371 1661 coviae‚
401 1625 519 1661 quam
540 1610 902 1660 Tauroscytharum
920 1610 1119 1660 regionem
1139 1614 1269 1658 vocat,
1294 1607 1491 1658 principes
1508 1612 1688 1644 recenset

223 1670 458 1718 Cinnamus,
488 1674 607 1717 atque
632 1668 673 1705 in
699 1666 761 1705 his
776 1666 1045 1715 Vladimerum
1065 1671 1105 1702 et
1122 1665 1338 1703 Iaroslaum
1360 1663 1557 1708 Galitzae,
1587 1676 1688 1713 quae

220 1725 428 1776 provincia
458 1731 517 1762 est
534 1724 696 1762 Russiae
723 1723 908 1771 minoris,
932 1721 1165 1773 toparchas:
1202 1726 1405 1771 praeterea
1427 1719 1688 1768 Primislaum,

220 1782 443 1831 Roeilaum,
484 1781 722 1828 Iaroslaum‚
764 1779 975 1829 Georgium
1007 1778 1190 1815 Basilicae
1221 1777 1348 1814 filium
1378 1781 1417 1813 et
1446 1775 1688 1814 Vladislaum

221 1839 290 1889 qui
319 1852 408 1876 cum
437 1850 565 1876 uxore
585 1843 624 1875 et
641 1836 773 1875 liberis
791 1836 842 1873 ad
865 1836 1082 1874 Manuelem
1105 1833 1286 1881 transiit,
1315 1846 1337 1870 a
1359 1846 1437 1883 quo
1457 1832 1614 1883 regione
1636 1832 1689 1869 ad

220 1896 369 1934 Istrum
387 1895 462 1932 sita
486 1894 655 1932 donatus
674 1899 747 1932 est.
805 1898 923 1942 atque
943 1891 984 1930 hi
1002 1891 1160 1941 quidem
1181 1903 1316 1928 omnes
1333 1889 1512 1937 Iaroslai,
1541 1889 1609 1940 qui
1624 1902 1689 1926 so-

221 1952 284 1990 lus
302 1952 465 1989 Russiae
486 1950 753 2002 principatum
776 1949 968 1998 obtinuit,
996 1948 1065 1985 filii
1089 1947 1283 1986 videntur
1301 1947 1418 1984 fuisse
1438 1951 1505 1983 aut
1524 1958 1573 1983 ex
1598 1945 1688 1982 filiis

223 2014 405 2058 nepotes,
436 2007 503 2058 qui
523 2007 737 2045 ditionibus
755 2006 834 2043 suis
850 2019 932 2043 non
953 2005 1140 2055 contenti,
1163 2004 1260 2042 dum
1277 2003 1344 2041 alii
1361 2002 1455 2041 alios
1475 2001 1687 2050 invadunt,

224 2064 373 2104 mutuis
394 2077 476 2102 sese
501 2065 701 2102 confecere
723 2063 967 2102 vulneribus.

339 2134 379 2171 p·
411 2123 494 2162 236
526 2134 566 2159 v.
597 2119 637 2161 4.
708 2115 868 2171 Κιάμα]
902 2119 1024 2156 Forte
1052 2115 1201 2168 Κιοβία
1229 2120 1297 2153 aut
1323 2111 1476 2166 Κιόβα,
1518 2112 1686 2162 Kiowia,

226 2177 389 2216 Russiae
412 2177 504 2214 olim
522 2176 750 2228 metropolis
769 2176 820 2213 ad
839 2174 1124 2226 Borysthenem
1138 2203 1149 2222 ,
1182 2169 1342 2223 Κιοοὶβα
1364 2171 1468 2209 dicta
1490 2170 1688 2207 Constan-

227 2234 314 2272 tino
338 2233 387 2271 de
411 2233 525 2271 Adm.
543 2233 643 2284 Imp.
668 2247 700 2273 c.
723 2235 767 2281 9,
799 2232 911 2270 cuius
934 2229 1151 2283 amplitudo
1173 2227 1406 2267 describitur
1421 2233 1462 2265 et
1481 2225 1688 2277 praedica-

227 2297 297 2328 tur
318 2304 340 2327 a
358 2289 535 2327 Ditmaro
558 2290 585 2328 l.
603 2293 629 2332 7
658 2295 859 2338 extremo,
890 2288 1040 2327 Adamo
1059 2285 1259 2324 Bremensi
1285 2298 1317 2323 e.
1339 2287 1416 2333 66,
1444 2282 1592 2321 Mathia
1611 2283 1688 2321 Mi-

226 2346 429 2385 choviensi
450 2346 476 2384 l.
494 2349 522 2387 2
552 2359 585 2383 c.
608 2348 679 2389 18,
728 2346 836 2386 Alex,
859 2345 1036 2396 Gagnino
1057 2349 1096 2382 et
1118 2343 1167 2380 al.
1224 2353 1429 2392 perperam
1463 2339 1586 2378 Clzios
1613 2353 1688 2391 pro

232 2403 362 2453 Clziof
392 2403 469 2441 dici
503 2403 545 2440 in
569 2402 661 2441 Vita
682 2403 719 2440 S.
738 2401 904 2439 Mariani
925 2402 1057 2440 abbat.
1076 2400 1282 2450 Ratispon.
1301 2410 1335 2436 c,
1356 2395 1383 2438 4
1402 2396 1586 2435 observat
1606 2397 1690 2435 Bo-

225 2460 369 2498 landus
389 2462 414 2502 9
431 2459 547 2499 Febr.

338 2529 378 2554 V·
417 2515 483 2558 14.
537 2511 738 2569 Ἐρρίκος]
784 2513 979 2552 Hem-icus
1007 2511 1189 2550 Austriae
1221 2511 1316 2551 dux.
1373 2508 1468 2548 vide
1503 2508 1605 2547 infra
1636 2508 1688 2547 ad

226 2585 254 2625 P
338 2630 473 2678 p.237
491 2640 533 2668 v.
544 2628 582 2668 7.
640 2625 898 2676 Βαλδουῑνος]
919 2624 1124 2663 Exstincto
1135 2621 1327 2662 Balduino
1342 2620 1395 2659 ΙΙΙ
1416 2621 1494 2672 regi
1504 2621 1689 2660 Hieroso-

226 2683 417 2736 lymitano
442 2682 627 2720 successit
649 2684 732 2721 eius
756 2684 878 2720 frater
898 2681 1115 2720 Amalricus
1136 2692 1265 2718 comes
1285 2678 1504 2730 Ioppensis:
1534 2678 1603 2730 qui
1623 2677 1691 2716 di-

225 2740 388 2793 remptis
411 2739 647 2790 apostolicae
675 2739 776 2777 sedis
805 2738 1039 2777 auctoritate
1065 2750 1154 2775 cum
1173 2734 1346 2787 Agnete‚
1375 2735 1551 2773 loscelini
1570 2735 1690 2773 Edes-

226 2798 311 2836 sani
343 2796 493 2836 comitis
523 2795 622 2844 filia,
652 2795 820 2847 nuptiis,
848 2794 1012 2833 Mariam
1031 2794 1290 2840 Comuenmn,
1326 2791 1482 2830 Ioannis
1501 2790 1689 2830 eomneni

227 2853 490 2908 protosebasti
520 2851 664 2904 filiam,
705 2850 923 2891 Andronici
954 2849 1294 2900 sebastocratoris‚
1333 2848 1523 2889 Manuefis
1543 2846 1688 2897 stettin,
