1878 3262
265 232 364 281 394
637 240 640 249 '
703 231 907 275 GAROLI
938 232 1019 275 DU
1051 230 1263 275 FRESNE

266 341 476 394 magnifice
495 338 690 379 dimissus
708 348 778 382 est.
833 339 924 380 vide
947 340 1067 393 Epist.
1086 340 1140 383 35
1160 352 1211 379 ex
1228 339 1289 391 iis,
1317 354 1412 394 quas
1433 343 1711 396 Tengnagelius

264 398 389 437 edidit
409 411 497 436 cum
517 398 766 437 Domnizone.

377 467 416 506 p.
432 457 514 496 287
532 468 570 493 v.
589 457 628 495 2.
684 451 867 506 ἐτύγχανε
884 451 926 494 δὲ
946 451 967 494 ὅ
982 453 1126 504 Βελᾶς]
1156 452 1309 491 Nicetas
1325 454 1351 493 l.
1370 454 1396 496 5
1418 468 1456 495 n.
1477 459 1539 498 10.

375 523 415 549 v.
432 511 473 553 5.
528 508 603 562 τήν
631 507 867 565 Αὕγούστης
894 506 1094 561 ἀδελφήν]
1127 509 1334 559 Agnetem‚
1362 511 1525 549 Renaldi
1547 518 1588 550 et
1602 513 1709 551 Con-

264 566 430 605 stantiae
449 567 672 618 principum
691 566 920 606 Antiochiae
939 566 1057 603 filiam
1070 595 1080 614 ,
1111 566 1256 603 Mariae
1281 579 1350 604 seu
1367 568 1502 605 Xenae
1516 567 1710 621 Augustae

263 635 437 662 sororem
456 625 661 662 uterinam.
715 623 874 662 'consule
893 622 1073 660 Familias
1089 628 1243 660 nostras
1263 622 1453 661 Hierosol.

376 684 501 722 v.12.
558 679 623 719 ἐπὶ
651 677 696 720 τό
724 681 903 732 Σερβίων
931 675 1115 732 ἐτράπετο
1145 678 1290 730 ἔθνος]
1321 679 1558 728 Bellum‚·ni
1580 680 1708 730 fallor,

261 735 438 786 intelligit
458 736 686 785 Cinnamus,
716 736 822 786 quod
843 736 915 773 sub
936 748 979 772 ea
999 741 1176 786 tempora
1199 741 1334 772 contra
1353 735 1593 787 Stephanum
1609 737 1709 775 Nee-

261 805 414 830 manem
437 793 662 830 Serviorum
682 792 913 844 toparcham
939 793 1148 842 suscepisse
1167 792 1385 829 Manuelem
1410 793 1545 830 scribit
1559 793 1711 831 Nicetas

257 848 284 886 l.
307 848 333 888 5
354 862 390 885 n.
407 848 456 894 4,
483 849 591 899 quod
618 849 682 886 ille
706 862 844 899 nempe
863 849 1058 886 Croatiam
1076 848 1300 896 infestaret,
1330 854 1369 886 et
1387 849 1616 887 Catarorum
1633 848 1710 887 do-

260 905 453 942 minatum
486 905 558 942 sibi
589 918 756 943 asserere
783 911 1002 943 conaretur.
1060 904 1173 941 aliam
1207 904 1296 942 belli
1324 905 1437 942 istius
1464 906 1647 956 originem
1670 911 1710 943 et

260 974 415 998 causam
430 961 608 1012 pluribus
629 962 855 1012 exsequitur
871 962 1031 999 Iacobus
1051 961 1184 999 Petrus
1200 961 1394 1000 Luecarus
1407 961 1508 999 libro
1523 966 1543 1003 1
1565 961 1706 1003 Annal.

256 1017 463 1068 Ragusin.‚
491 1030 604 1068 quem
623 1024 794 1069 praestat
814 1018 968 1056 audire:
998 1019 1143 1054 ricerco
1171 1019 1377 1068 Nemagna
1397 1017 1466 1055 clze
1487 1018 1519 1054 li
1541 1018 1584 1055 V
1577 1020 1707 1055 esc-ovi

256 1072 302 1110 di
329 1075 493 1123 Servia,
523 1074 776 1126 suffraganei
802 1073 908 1112 della
929 1074 1062 1111 chiesa
1082 1073 1127 1110 (li
1146 1075 1295 1111 Raasa
1303 1075 1466 1125 jussero
1482 1076 1709 1125 sottopositi

256 1130 304 1166 al
326 1130 535 1180 metropoli
562 1130 607 1167 di
638 1132 721 1168 San
746 1132 881 1168 Pietro
904 1129 948 1168 di
970 1131 1135 1169 Bassia.
1193 1138 1331 1182 questa
1352 1131 1505 1179 chiesa,
1534 1129 1708 1182 lioggidi

258 1187 447 1223 rovinata
479 1184 547 1223 da’
578 1186 766 1235 barbari,
797 1188 836 1223 si
868 1186 962 1224 vede
986 1188 1051 1224 nel
1078 1187 1274 1224 territorio
1294 1185 1339 1223 di
1359 1189 1607 1237 Nbvipoear,
1637 1186 1708 1224 che

245 1242 416 1293 fabrico
436 1244 516 1279 Ese
531 1242 747 1280 Macedone
764 1243 843 1280 alle
862 1248 945 1280 rive
962 1241 1028 1279 del
1039 1243 1170 1292 fiume
1194 1244 1345 1280 Bacca.
1402 1244 1445 1280 la
1461 1244 1644 1294 signoria
1660 1242 1708 1280 di

258 1299 409 1336 Rausa
437 1298 614 1336 temendo
646 1298 749 1336 dello
774 1306 882 1336 stato
904 1301 1090 1350 proprio,
1120 1300 1264 1348 ἰκρίοις-ιο
1291 1298 1400 1336 dalle
1424 1301 1619 1337 scurran'e
1644 1297 1704 1336 de’

258 1354 447 1405 barbari,
471 1355 533 1406 sii
560 1363 747 1393 costretta
766 1369 793 1393 a
810 1357 1003 1393 ricercare
1022 1369 1096 1392 con
1111 1355 1258 1406 preglzi
1269 1383 1279 1403 ‚
1313 1362 1350 1392 et
1368 1369 1439 1392 con
1458 1369 1583 1392 nuove
1597 1355 1705 1392 obli-

254 1413 419 1462 gationi
444 1413 550 1461 ajuti
577 1411 632 1449 da
664 1414 879 1451 ciascuno:
907 1411 1006 1450 onde
1033 1425 1113 1449 non
1139 1412 1242 1449 volle
1266 1412 1432 1449 risolver
1454 1412 1497 1449 la
1513 1425 1632 1460 cosa,
1656 1426 1705 1449 ne

257 1467 477 1505 mandarla
509 1470 593 1505 cosi
618 1484 645 1506 a
677 1470 833 1507 Roma.-
861 1483 929 1506 ma
956 1467 1069 1505 diede
1098 1475 1224 1519 tempo
1251 1469 1295 1505 in
1327 1482 1455 1517 mezo,
1487 1468 1613 1519 affine
1635 1467 1706 1506 che

257 1525 387 1575 questi
405 1531 590 1575 portasse
613 1539 699 1561 seco
721 1525 890 1576 qualche
911 1525 1044 1562 buona
1067 1526 1273 1562 occasione
1281 1539 1356 1575 per
1375 1532 1511 1562 trovar
1534 1525 1570 1560 il
1586 1538 1703 1562 reme-

255 1579 339 1618 dio.
398 1594 467 1617 ma
498 1581 709 1632 ,Nemagna
739 1579 928 1618 instando
956 1580 1252 1631 superbamente
1271 1595 1346 1631 per
1381 1581 1424 1617 la
1452 1581 1703 1630 risolatione,
1739 1577 1747 1587 ⁰

254 1636 272 1672 i
297 1636 455 1674 Baua-ei
476 1637 541 1688 gli
565 1639 759 1688 ris-posero
793 1637 861 1674 elie
889 1644 1029 1688 questa
1061 1639 1283 1688 cognitione
1301 1644 1484 1687 speltava
1507 1637 1552 1673 al
1561 1650 1702 1688 papa.-

253 1691 356 1730 onde
383 1707 510 1730 mosee
534 1694 577 1730 la
600 1707 766 1745 guerra.
828 1707 896 1730 ma
924 1692 1156 1730 soccorendo
1184 1693 1226 1729 la
1249 1701 1370 1743 parte
1397 1700 1558 1742 nostra,
1594 1706 1702 1730 come

252 1749 389 1800 quella
419 1750 548 1787 clz’era
569 1751 647 1800 piu
668 1752 831 1801 giusta,
869 1749 1066 1788 Theodoro
1094 1748 1293 1797 Padiate,
1323 1764 1342 1785 e
1365 1751 1437 1800 poi
1463 1751 1507 1785 in
1526 1763 1701 1799 persona

249 1805 528 1856 l'imperadore
553 1807 798 1856 Emanue'lo,
830 1806 1043 1857 N'emagna
1063 1819 1134 1842 con
1155 1805 1359 1842 Miroslau
1369 1806 1431 1856 fii
1447 1812 1569 1853 rotto,
1600 1812 1636 1842 et
1659 1820 1702 1843 se

108 1865 136 1897 P
160 1863 226 1899 491
252 1876 299 1899 ne
317 1861 544 1914 fuggirono
563 1864 579 1898 i
598 1865 736 1902 monti.
792 1862 949 1899 lzavuta
965 1863 1040 1913 poi
1058 1862 1101 1898 la
1107 1861 1228 1911 fede,
1257 1876 1359 1899 scese
1380 1860 1487 1899 dalle
1504 1861 1634 1910 balze,
1663 1869 1700 1899 et

247 1920 286 1955 si
302 1920 408 1969 gillo
429 1919 504 1956 alli
516 1917 614 1970 pedi
631 1918 722 1956 dell’
745 1917 1012 1970 imperadore,
1041 1918 1076 1955 il
1102 1918 1221 1969 quale
1241 1917 1419 1969 perdono
1445 1918 1529 1955 loro
1555 1932 1698 1969 errore,

247 1974 465 2025 obligando
487 1975 519 2012 li
541 1989 566 2011 α
574 1977 656 2025 far
675 1976 718 2012 la
729 1989 833 2026 pace
852 1989 923 2012 con
944 1977 959 2011 i
981 1976 1145 2013 Rousei.
1204 1987 1329 2025 neque
1351 1974 1398 2012 de
1419 1974 1512 2021 alio,
1544 1975 1698 2024 opinor,

246 2030 350 2069 bello
375 2031 531 2069 locutus
559 2032 720 2070 videtur
751 2031 894 2083 Tyrius
922 2031 948 2070 l.
976 2034 1030 2073 20
1066 2045 1101 2073 c.
1129 2030 1156 2073 4
1188 2031 1262 2068 sub
1293 2031 1366 2069 An.
1402 2032 1508 2072 1167
1535 2035 1605 2068 aut
1631 2042 1696 2067 se-

247 2093 454 2137 quentem:
486 2086 734 2126 detinebatur
754 2102 882 2139 porro
911 2102 951 2125 eo
982 2089 1170 2138 temporis
1203 2088 1376 2124 articulo
1409 2088 1624 2138 imperator
1650 2088 1696 2124 in

249 2145 411 2192 Set-via,
441 2157 544 2194 quae
574 2147 682 2196 regio
712 2152 896 2182 montosa
923 2151 959 2181 et
985 2144 1214 2181 nemoribus
1237 2143 1384 2192 obsita,
1414 2142 1602 2194 difficiles·
1621 2142 1700 2179 Ιια-

247 2199 342 2237 bens
362 2198 520 2249 aditus,
550 2202 651 2238 inter
673 2202 934 2238 Dalmatiam
949 2207 984 2237 et
1002 2202 1267 2252 Hungariam
1288 2209 1322 2237 et
1339 2201 1544 2250 Illyricum
1561 2197 1696 2236 media

247 2257 377 2304 iacet,
417 2256 700 2294 rebellantibus·
727 2259 879 2295 Servii&
906 2265 942 2295 et.
969 2257 1257 2308 considentibus
1284 2255 1332 2293 de
1358 2257 1599 2293 introituum
1637 2253 1697 2293 ad

247 2326 288 2349 se
316 2314 522 2364 angustiis
551 2320 586 2349 et
615 2312 662 2350 de
692 2315 887 2364 impervia
916 2328 1051 2351 eorum
1073 2315 1240 2365 regione.
1297 2318 1337 2350 et
1365 2312 1482 2363 paulo
1509 2317 1615 2362 post:
1644 2311 1694 2349 ab

245 2368 344 2406 lzaec
372 2383 463 2420 ergo
494 2369 770 2407 intolerabilia
797 2372 943 2408 vicinis·
968 2384 1101 2408 eorum
1132 2369 1333 2420 maleficia
1363 2370 1569 2419 ingressus
1606 2374 1692 2405 erat

245 2424 305 2461 acl
321 2439 383 2462 eos·
403 2427 446 2463 in
465 2427 614 2463 virtute
633 2426 761 2464 multa
778 2434 814 2463 et
831 2429 1042 2475 innumera
1066 2425 1255 2463 dominu-5·
1276 2427 1510 2475 imperator,
1542 2423 1692 2475 quibus
1734 2416 1742 2426 Κ

244 2482 426 2520 subactis
451 2489 487 2519 et
513 2484 732 2534 praecipuo
766 2496 901 2520 eorum
934 2485 1118 2534 principe
1152 2483 1382 2532 mancipato
1408 2479 1590 2518 redeunti
1620 2479 1690 2517 clo-

244 2539 352 2575 mino
370 2540 604 2588 imperatori
620 2540 878 2579 occurrimus.
934 2539 1025 2578 vide
1045 2541 1235 2577 Sanutum
1255 2538 1280 2575 l.
1299 2541 1323 2578 3
1346 2542 1447 2587 part.
1465 2539 1490 2577 6
1514 2550 1545 2574 c.
1564 2539 1632 2578 22.
1704 2572 1706 2575 .

354 2607 391 2644 P·
413 2596 495 2636 288
514 2608 553 2635 V.
575 2599 616 2638 8.
666 2590 925 2649 ’Λγκυραναῖν
946 2593 1155 2647 ἄρχοντος]
1185 2593 1396 2643 Sanisanis,
1427 2592 1688 2631 Clitziesthla-

242 2648 302 2687 nis
322 2649 529 2688 Iconiensis
548 2651 701 2690 Sultani
719 2652 862 2691 fratris.
919 2652 1010 2690 vide
1026 2652 1212 2690 Nicetam.

351 2719 393 2745 V.
414 2709 476 2747 17.
533 2701 586 2758 ἦν
606 2706 649 2747 δέ
669 2724 727 2756 τις
747 2706 873 2762 γυνὴ]
905 2708 965 2745 An
993 2707 1185 2746 comitissa
1211 2705 1294 2752 illa,
1337 2705 1446 2743 cuius
1474 2704 1620 2742 mentio
1643 2703 1688 2742 in

242 2759 437 2799 Chronico
467 2761 696 2801 Ceccanensi
726 2764 802 2804 An.
831 2767 958 2812 1162,
997 2765 1058 2802 cui
1093 2777 1181 2801 cum
1211 2761 1403 2800 willelmo
1429 2774 1518 2812 rege
1542 2761 1687 2799 bellum

240 2815 359 2856 erat?
387 2818 581 2856 comitissa
602 2820 704 2857 sorte
729 2820 956 2867 calacensis,
987 2832 1086 2869 quae
1108 2819 1158 2857 ad
1173 2819 1390 2857 Robertum
1410 2819 1590 2857 comitem
1606 2817 1687 2856 Lo-

239 2874 357 2912 ritem
377 2873 593 2925 defecerat,
621 2880 669 2914 ut
691 2882 749 2914 est
767 2876 874 2928 apud
887 2875 919 2914 F
921 2875 1124 2915 oleandum
1140 2890 1178 2928 p.
1195 2877 1288 2918 667.
