1878 3262
227 157 320 203 136
702 155 926 198 IOANNIS
960 155 1187 198 CINNAMI

225 269 370 320 αὐτοὺς
396 267 533 310 λοιπὸν
563 268 630 309 καὶ
659 267 762 309 καθ’
793 264 960 318 ἑαυτοὺς
990 267 1162 317 Ἰταλίας
1183 273 1506 321 μεταποιεῖσθαι.
1574 267 1671 326 ὅπερ

225 341 327 393 δῆτα
348 338 414 378 καὶ
431 336 573 390 γέγονε.

107 409 135 443 V
158 410 204 445 62
361 405 405 447 2.
447 401 632 460 Ῥογερίῳ
651 402 727 458 γὰρ
746 406 804 461 τῷ
825 405 1000 444 Σικελῶν
1018 399 1198 459 τυράννῳ
1221 402 1461 460 ἀδελφιδοῦς
1479 398 1529 460 ἦν
1546 404 1675 458 ὄνομα

222 471 473 526 Βασαβίλας.
542 465 659 520 οὗτος
682 468 880 526 Ῥογερίου
907 471 980 524 μὲν
1005 469 1061 511 ἔτι
1078 468 1281 527 περιόντος
1301 471 1374 524 τὴν
1387 472 1559 523 Ἰταλίας
1577 475 1675 514 διεῖ-

222 558 292 583 πεν
322 537 472 596 ἀρχήν,
507 538 654 580 ἐκείνου
682 538 725 580 ds}
757 536 1078 593 τετελευτηκότος
1102 539 1166 580 ἐπὶ
1194 539 1264 580 τὸν
1286 536 1374 580 υἱόν
1394 557 1435 582 τε
1462 541 1504 581 Γ
1501 541 1710 594 ιλιέλμον5

172 622 203 655 c
226 612 298 663 τῆς
324 607 451 664 ἀρχῆς
469 603 766 661 μετελθούσης,
800 604 1026 661 ἠνάγκαστο
1050 605 1188 648 λοιπὸν
1220 608 1261 649 ἐν
1279 604 1584 664 ὗποστρατήγου
1605 606 1677 650 λό-

221 693 278 732 γῳ
299 677 514 727 διατελεΐν,
550 673 683 731 ἑτέρου
708 675 780 729 τὴν
801 675 974 717 Ἰταλίαν
1005 674 1219 725 διέποντος.
1286 676 1354 717 καὶ
1381 677 1431 730 δη
1458 675 1531 730 τὴν
1560 674 1678 733 ὕβριν

222 745 295 786 οὐκ
318 742 483 799 ἐνεγκὼν
502 745 557 793 εἰς
574 743 822 785 ἀποστασίαν
842 741 931 785 εἶδε.
983 744 1205 785 τοίνυνκαὶ
1226 743 1288 784 ἐπὶ
1309 744 1553 801 Φρεὸερίκον
1575 744 1678 798 πέμ-

221 824 309 867 ψας
333 812 506 854 Ἰταλίαν
530 828 571 853 τε
596 814 731 853 πᾶσαν
758 813 826 853 καὶ
853 812 1038 853 Σικελίαν
1076 811 1202 866 αὐτὴν
1233 813 1434 869 ἐγχειριεῖν
1467 810 1689 868 ἐπήγγελλε

221 879 364 938 τούτῳ.
436 880 680 936 Φρεὸερίκου
702 879 744 921 δὲ
761 879 862 936 πρὸς
883 879 928 922 τὸ
948 880 1135 936 δυσχερὲς
1151 878 1309 934 ὀκνήσει
1339 880 1527 934 ἐχομένου
1534 912 1548 932 ,
1584 895 1682 923 συν·
1694 890 1739 925 10

223 949 376 1003 ἔβαινεν
405 946 634 1005 ἀπράκτους
659 947 755 997 τοὺς
777 948 998 1003 Βασαβίλα
1032 949 1217 1004 πρέσβεις
1250 946 1484 1000 ἐπανιόντας
1497 946 1684 998 Ἀλεξάν-

224 1018 308 1073 δρῳ
337 1017 631 1070 συνηντηκέναι.
709 1015 788 1070 ἤδη
817 1015 894 1073 γὰρ
928 1018 995 1058 καὶ
1025 1011 1143 1066 οὗτος
1177 1016 1292 1058 οὐδὲν
1334 1010 1390 1058 ὧν
1432 1017 1546 1059 ἕνεκα
1572 1016 1687 1073 παρὰ

226 1085 468 1141 Φρεδερίκον
494 1079 598 1138 ἦλθε
631 1083 771 1139 πέρατι
798 1082 915 1135 δούς,
951 1084 1024 1127 σὺν
1051 1088 1109 1141 τῷ
1136 1082 1281 1143 Λούκα
1301 1084 1453 1126 ἐκεῖθεν
1475 1082 1686 1139 ἀπηλλάτ-

222 1169 326 1195 τετο.
395 1150 450 1201 ὡς
473 1146 544 1193 οὖν
578 1152 633 1200 εἷς
662 1150 806 1207 λόγους
838 1149 1027 1206 ἀλλήλοις
1051 1147 1183 1207 ἦλθον
1205 1150 1465 1210 Ἀλέξανδρός
1497 1170 1539 1195 τε
1560 1154 1627 1194 καὶ
1648 1152 1688 1193 οἱ

174 1223 207 1259 D
230 1221 449 1274 Βασαβίλα
464 1219 668 1276 πρέσβεις,
698 1219 848 1273 μαθών
860 1220 1119 1277 Ἀλέξανδρος
1142 1219 1236 1262 ὅτου
1265 1220 1377 1263 ἕνεκα
1397 1220 1511 1278 παρὰ
1531 1222 1687 1276 Φρεδε-
1700 1228 1744 1264 15

225 1289 335 1345 ρίκον
352 1282 521 1342 ἦλθονῖε
536 1287 649 1343 ἔγγὺς
659 1287 706 1339 ,”
744 1287 822 1344 ἔφη
841 1287 943 1344 πρὸς
958 1287 1106 1338 αὖτοὺς
1119 1285 1145 1301 “
1161 1286 1304 1345 ἄνδρες
1321 1290 1455 1345 φίλοι,
1482 1287 1527 1339 ὃς
1545 1288 1690 1346 πέρατι

225 1356 369 1398 αὖτίκα
401 1355 473 1410 τὴν
499 1356 714 1412 πρεσβείαν
740 1354 835 1410 ὑμῖν
867 1355 1031 1399 δώσει.”
1104 1359 1184 1398 τῶν
1201 1356 1244 1398 δὲ
1262 1360 1412 1410 μαθεῖν
1432 1358 1690 1410 βουλομένων

218 1421 245 1439 “
259 1424 450 1478 βασιλεὺς
477 1421 717 1477 Ῥωμαίων”
744 1422 962 1479 ὑπολαβών
991 1422 1094 1467 εἶπεν
1120 1422 1141 1466 ὃ
1164 1424 1450 1482 Ἀλέξανδρος,
1493 1426 1562 1467 καὶ
1599 1423 1692 1479 ἑξῆς

226 1490 358 1534 πάντα
380 1493 560 1546 κατέλεγε
586 1495 820 1548 προστιθεὶς
844 1491 906 1535 ὅτι
934 1493 984 1547 δὴ
1012 1495 1079 1534 καὶ
1101 1492 1386 1548 Παλαιολόγος
1417 1493 1520 1549 ἀνὴρ
1538 1496 1692 1547 βουλῆς

227 1561 300 1613 μὲν
317 1564 389 1613 τῆς
403 1558 612 1612 Ῥωμαίων
633 1558 689 1600 ὢν
713 1562 768 1609 εἷς
791 1560 833 1600 δὲ
859 1560 904 1601 τὸ
925 1565 1005 1602 τῶν
1026 1565 1234 1614 σεβαστιῦν
1262 1561 1420 1614 ἀξίωμα
1442 1561 1687 1614 [ἀναχθεὶς]
1699 1573 1748 1608 20

228 1627 301 1669 σὺν
325 1625 510 1684 χρήμασι
540 1625 729 1683 μεγάλοις
757 1626 939 1670 ἐνταῦθά
971 1645 1049 1670 που
1087 1629 1201 1685 παρὰ
1228 1627 1357 1678 πόδας
1396 1629 1503 1681 ἔστί,
1544 1627 1690 1671 τούτου

318 1781 354 1814 9.
379 1777 569 1824 ἐπήγγελλε
581 1777 715 1824 τούτῳ]
739 1780 854 1814 Malim
870 1778 1104 1824 ἐπηγγέλλετο
1116 1780 1237 1828 τούτῳ
1253 1782 1309 1815 vel
1323 1778 1554 1824 ἐπηγγέλλετο
1576 1779 1694 1828 αὐτῷ.

322 1826 375 1860 17.
399 1822 514 1869 ὑμῖν]
540 1826 596 1858 Ita
618 1826 763 1860 Tollius.
797 1825 882 1859 cod.
914 1824 1015 1869 ἡμῖν.
1152 1829 1209 1862 20.
1240 1825 1408 1870 ἀξίωμα]
1432 1827 1519 1860 Post
1547 1822 1694 1870 οἷξίωμοι

319 1870 355 1903 in
372 1870 458 1905 cod.
485 1876 562 1904 octo
585 1870 773 1904 litterarum
789 1871 933 1927 spatium
956 1876 1029 1915 est,
1053 1872 1145 1916 quod
1168 1884 1235 1906 non
1258 1872 1394 1906 videtur
1412 1872 1617 1907 commodius
1631 1884 1692 1906 ex-

320 1915 408 1960 pleri
427 1927 528 1961 posse
542 1927 642 1960 quam
659 1917 773 1951 addito
792 1916 980 1960 αυαχθείς.

231 2050 373 2094 ligaret,
405 2053 476 2085 tum
503 2062 586 2085 vero
611 2062 706 2086 suam
731 2051 797 2097 ipsi
822 2052 866 2087 ad
891 2052 1023 2087 Italiam
1038 2053 1303 2098 recuperandam
1326 2065 1465 2099 operam
1481 2053 1690 2089 conferrent:

232 2095 323 2140 quod
341 2101 375 2129 et
390 2097 517 2130 factum
534 2101 586 2130 est
599 2124 608 2140 ,
633 2098 697 2131 hac
713 2110 800 2141 quae
818 2110 895 2132 sese
920 2099 1008 2133 ultro
1027 2099 1150 2132 obtulit
1171 2099 1360 2134 occasione.

322 2142 355 2175 2.
400 2141 588 2175 Bassavilla
605 2143 742 2186 Rogerii
759 2144 897 2177 Siciliae
911 2144 1048 2187 tyranni
1063 2156 1105 2178 ex
1121 2156 1239 2178 sorore
1255 2155 1373 2189 nepos,
1389 2145 1554 2180 avunculo
1570 2155 1692 2188 super-

232 2185 334 2228 stite,
367 2197 478 2219 rerum
505 2198 663 2220 summam
687 2189 721 2220 iu
745 2189 845 2222 Italia
860 2190 1061 2226 obtinuerat.
1109 2190 1168 2223 sed
1184 2195 1312 2223 mortuo
1328 2190 1386 2224 illo
1403 2190 1632 2233 translataque
1646 2188 1690 2222 ad

233 2231 434 2264 Gulielmum
458 2231 553 2275 regia
577 2232 760 2275 dignitate,
792 2245 866 2267 cum
894 2235 979 2269 alter
998 2235 1119 2269 Italiae
1142 2235 1462 2269 administrationem
1479 2234 1691 2276 obtinuisset,

232 2276 306 2320 ipse
322 2276 502 2310 secundum
527 2277 570 2310 ab
587 2289 628 2310 eo
642 2278 751 2311 locum
769 2279 922 2313 obtinere
948 2286 1086 2314 coactus
1102 2286 1166 2315 est.
1214 2281 1300 2314 hanc
1315 2281 1371 2314 ille
1385 2291 1451 2313 non
1467 2290 1588 2324 passus
1602 2279 1692 2312 iniu-

232 2322 314 2355 riam
328 2321 373 2355 ad
390 2322 612 2355 defectionem
629 2334 704 2356 sese
720 2325 943 2368 comparavit,
967 2326 1143 2370 missisque
1157 2325 1202 2358 ad
1217 2326 1450 2370 imperatorem
1465 2323 1599 2368 legatiS‚
1620 2325 1692 2358 Ita-

233 2366 312 2400 liam
335 2367 524 2401 universam
541 2368 758 2412 Siciliamque
782 2369 889 2413 ipsam
916 2370 949 2402 in
973 2382 1090 2404 manus
1114 2382 1190 2405 sese
1216 2371 1414 2404 traditurum
1442 2370 1612 2414 pollicitus
1628 2374 1691 2403 est.

234 2412 296 2445 sed
313 2412 399 2445 enim
415 2413 621 2446 Bassavillae
645 2413 747 2457 legati
758 2442 768 2457 ,
792 2415 849 2458 qui
862 2415 1045 2449 Frederico
1062 2417 1097 2449 in
1119 2428 1159 2449 re
1174 2416 1279 2449 ardua
1293 2427 1334 2449 ac
1347 2416 1475 2449 difficili
1490 2416 1599 2448 adhuc
1616 2426 1691 2448 ces-

234 2462 330 2490 sante
341 2482 352 2499 ,
376 2469 413 2491 re
437 2458 565 2491 infecta
581 2459 736 2492 redibant
748 2484 758 2502 ‚
789 2459 825 2492 in
839 2460 1063 2494 Alexandrum
1086 2462 1274 2495 inciderunt
1285 2487 1296 2504 ,
1316 2461 1370 2506 qui
1392 2460 1471 2494 nihil
1488 2461 1615 2504 pariter
1630 2471 1691 2494 eo-

234 2513 308 2535 rum
325 2514 465 2546 quorum
481 2515 580 2537 causa
594 2509 736 2538 venerat
751 2504 794 2537 ad
808 2505 1023 2539 Fredericum
1039 2512 1201 2540 executus
1217 2518 1280 2540 una
1297 2518 1369 2539 cum
1381 2506 1478 2539 Duca
1493 2506 1693 2540 reverteba-

236 2551 302 2580 tur.
341 2548 397 2580 ubi
412 2548 514 2591 igitur
529 2549 562 2582 in
578 2550 775 2594 colloquium
791 2562 918 2584 venere
931 2551 1123 2585 Alexander
1138 2557 1174 2585 et
1187 2552 1392 2586 Bassavillae
1405 2551 1520 2594 legati,
1542 2551 1694 2584 Alexan-

237 2592 300 2625 der
313 2617 323 2635 ,
347 2593 403 2636 qui
419 2605 577 2637 quorsum
593 2596 633 2628 ad
652 2595 869 2630 Fredericum
885 2597 1070 2638 venissent,
1096 2598 1201 2642 probe
1216 2602 1359 2631 noverat
1375 2598 1396 2615 “
1403 2608 1510 2642 prope
1528 2600 1581 2630 cst
1593 2596 1614 2612 ’'
1638 2596 1692 2630 in-

238 2636 311 2682 quit
327 2637 456 2671 “amici
471 2663 481 2677 ,
505 2639 562 2683 qui
578 2640 735 2684 legationi
750 2646 884 2675 vestrae
900 2647 1080 2676 extremam
1097 2654 1227 2677 manum
1244 2642 1400 2686 imponet.
1411 2641 1430 2657 ''
1478 2641 1552 2686 quis
1563 2641 1620 2675 ille
1635 2652 1693 2676 es-

240 2686 317 2724 set,
340 2685 539 2726 rogantibus
553 2685 594 2718 iis
609 2685 826 2730 “imperator
842 2687 1067 2722 Romanorum
1079 2688 1100 2703 '’
1121 2687 1233 2721 subdit
1243 2687 1450 2720 Alexander:
1477 2699 1620 2732 moxque
1635 2699 1692 2721 re-

242 2738 316 2762 rum
340 2733 498 2762 enarrato
522 2734 630 2771 statu,
654 2731 784 2764 addidit
807 2732 1064 2776 Palaeologum,
1099 2732 1204 2766 virum
1219 2731 1350 2777 quidem
1366 2745 1408 2766 ex
1431 2733 1545 2767 euriae
1565 2734 1693 2766 Roma-

240 2784 305 2807 nae
321 2775 550 2819 magnatibus,
569 2775 629 2810 sed
652 2777 778 2811 sebasti
798 2777 986 2822 insignitum
1011 2778 1190 2822 dignitate,
1213 2789 1287 2812 cum
1308 2778 1466 2812 immensa
1479 2778 1694 2823 pecuniarum
