1878 3262
633 209 1027 253 HISTORIARUM
1061 212 1108 254 L.
1134 210 1214 254 IV.
1574 211 1667 258 181

214 317 542 380 πολιορκήσοντα.
611 321 704 366 ἀλλ’
725 323 838 367 οὕπω
858 321 1073 382 Θεόδωρος
1091 326 1146 376 εἷς
1164 324 1236 380 τὴν
1255 321 1370 368 πόλιν
1386 324 1550 384 ἀφίκετο
1559 359 1573 378 ,
1605 329 1673 370 καὶ

214 394 255 436 οἱ
274 394 334 435 ἐπὶ
354 396 434 434 τῶν
450 392 650 443 ἐπάλξεων
668 395 839 448 βασιλέα
857 394 1061 450 προσιέναι
1080 396 1313 448 νομίσαντες
1332 381 1504 445 ἐξαίσιόν
1521 396 1567 438 τέ
1581 412 1671 438 τινα

213 461 485 518 πεφοβημένοι
508 460 639 519 φόβον
657 463 867 519 ἐρρίπτουν
887 461 966 504 ἀπὸ
993 466 1072 504 τῶν
1092 461 1254 519 πύργων
1273 462 1441 514 ἑαυτοὺς
1459 465 1671 507 δυσθανα-

211 533 372 580 τοῦντες
401 530 440 572 οἶ
468 532 738 588 ταλαίπωροι,
775 529 803 585 ἥ
830 547 872 573 τε
897 528 1012 580 πόλις
1042 529 1250 587 εὐθύωρον
1274 536 1415 574 τοῦτον
1444 530 1576 590 ᾑρέθη
1603 532 1673 575 τὸν

176 607 200 643 5
211 595 372 655 τρόπον.
1710 650 1718 658 „

348 667 425 712 18.
496 666 661 724 Ταρσὸς
678 667 751 721 μὲν
773 665 822 720 δὴ
842 664 970 717 οὕτως
996 664 1124 710 ἑάλω·
1163 665 1340 722 Τερόζης
1360 668 1404 710 δὲ
1423 669 1490 710 καὶ
1510 666 1670 711 Ῥενάλ-
1694 672 1727 706 V
1750 672 1796 707 82

210 737 281 785 δος
300 733 321 776 ὃ
343 737 514 793 πρίγκιψ
531 739 660 777 ταῦτα
678 733 851 791 δρῶντες
864 739 1029 789 βασιλεῖ
1039 736 1113 790 μὲν
1131 735 1292 790 οὐδαμῆ
1308 735 1675 792 διαπρεσβεύεσθαι

210 802 390 857 ἐτόλμων
419 803 488 846 ἅτε
519 801 676 859 μεγάλα
705 802 923 854 ξυνειδότες
946 802 1102 854 ἑαυτοῖς
1120 802 1248 855 κακά,
1286 804 1399 860 παρὰ
1419 806 1462 847 δὲ
1479 810 1559 846 τῶν
1576 823 1674 861 γνη-

208 871 417 915 σιωτάτων
435 872 547 929 αὐτῷ
563 889 675 922 τινας
693 872 912 927 πέμποντες
931 873 1104 916 ἱκέτευον
1123 871 1348 914 ἱλάσασθαι
1371 874 1486 930 σφίσι
1506 873 1576 914 τὸν
1592 879 1675 927 βα-

154 948 200 982 10
209 941 334 983 σιλέα.
404 939 459 990 ὥς
494 943 518 983 δ
523 941 535 956 ’
570 939 840 996 ἀπετύγχανον
867 945 941 983 τοῦ
970 945 1144 993 σκοποῦ,
1175 939 1384 990 Ῥενάλδος
1416 939 1672 995 πανταχόθεν
1693 949 1724 984 P
1751 948 1816 984 105

209 1008 530 1066 ἐξαπορούμενος
547 1010 620 1064 τὴν
630 1010 870 1063 Ἀντιοχείας
889 1008 1107 1066 ἀκρόπολιν
1125 1010 1327 1067 ἐγχειριεῖν
1343 1013 1510 1064 βασιλεῖ’
1522 1010 1676 1063 διωμο-

207 1077 316 1134 λόγει
327 1111 340 1130 ,
377 1080 412 1120 εἲ
439 1083 573 1120 κακῶν
599 1076 886 1133 ἀμνηστήσειεν
913 1078 1037 1136 αὐτῷ.
1106 1080 1230 1121 συνίει
1248 1078 1325 1134 γὰρ
1347 1080 1415 1119 καὶ
1435 1082 1509 1120 τοῦ
1521 1078 1676 1120 Ἀντιο-

204 1149 319 1201 χείας
343 1146 578 1203 ἀρχιερέως,
617 1146 662 1188 ὃν
697 1147 811 1189 αὐτοὶ
838 1145 1008 1203 ὁμογενῆ
1037 1148 1175 1204 σφίσιν
1206 1148 1394 1204 ἐφιστᾶσι
1420 1145 1674 1204 πατριάρχην

209 1217 336 1269 δῆθεν
356 1215 477 1257 αὐτὸν
495 1217 734 1268 κλεΐζοντες,
774 1214 1009 1269 δυσμένειάν
1027 1233 1116 1258 τινα
1135 1217 1202 1257 καὶ
1221 1213 1338 1257 κότον
1364 1214 1429 1256 ἐπ’
1452 1215 1564 1273 αὐτῷ
1583 1216 1674 1271 τρέ-

153 1293 196 1329 15
209 1300 356 1341 φοντος
373 1285 416 1334 ἐξ
436 1285 566 1334 αἰτίας
583 1286 759 1327 τοιᾶσδε.
819 1282 1030 1334 Ῥενάλδος
1040 1317 1054 1335 ,
1094 1283 1190 1340 ὅπερ
1210 1283 1288 1338 ἤδη
1308 1284 1513 1340 ἐλέγομεν,
1553 1282 1676 1337 ἐσχά-

207 1370 279 1407 την
311 1351 443 1410 ἒαυτῷ
469 1355 605 1395 πενίαν
635 1351 823 1403 ξυνειδὼς
847 1351 1018 1410 Κύπρον
1037 1370 1078 1395 τε
1098 1354 1370 1409 καταδραμεῖν
1395 1350 1586 1406 διενοήθη]
1607 1354 1677 1394 καὶ

206 1421 277 1464 τὸν
297 1420 484 1478 ἀρχιερέα
502 1426 645 1463 τοῦτον
663 1423 747 1481 ἰδίᾳ
767 1421 1020 1478 παραλαβὼν
1034 1419 1228 1478 χρήματα
1247 1421 1359 1479 αὐτῷ
1378 1421 1518 1462 δοῦναι
1536 1420 1649 1473 ἠξίου
1661 1433 1675 1444 ·

207 1491 250 1531 ἐν
273 1490 440 1549 εὐπορία
457 1490 536 1546 γὰρ
557 1488 653 1532 εἶναι
673 1494 804 1548 πολλῇ
823 1494 965 1532 τοῦτον
986 1492 1207 1545 ἐγίνωσκεν.
1274 1487 1331 1539 ὥς
1360 1488 1402 1530 δ’
1426 1488 1499 1530 οὐκ
1523 1487 1676 1540 ἔπειθε,

205 1563 288 1601 τῶν
307 1559 471 1615 ἀμφίων
492 1557 740 1615 ἀφελόμενος
760 1558 829 1600 τὸν
848 1558 1067 1615 ἄνθρωπον
1086 1558 1240 1607 πολλὰς
1257 1558 1331 1611 μὲν
1350 1556 1462 1613 αὐτῷ
1480 1556 1584 1598 κατὰ
1602 1561 1676 1603 τοῦ
1699 1564 1730 1598 Β

152 1626 398 1681 Ξοσώματος
426 1626 554 1677 ἕξαινε
580 1626 795 1684 πρότερον,
832 1628 984 1684 θέρους
1003 1627 1046 1669 δὲ
1065 1625 1314 1682 ἀκμάζοντος
1330 1625 1460 1679 μέλιτι
1480 1625 1532 1666 τὰ
1549 1623 1678 1680 τραύ-

206 1713 319 1750 ματα
339 1697 547 1752 ἐπιχρίσας
564 1694 664 1754 ἡλίῳ
683 1697 885 1752 θέρεσθαι
917 1696 1062 1753 ἀφῆκε.
1130 1695 1283 1751 σφῆκές
1300 1711 1342 1736 τε
1363 1687 1434 1734 οὖν
1454 1695 1520 1734 καὶ
1539 1694 1678 1746 μέλιτ-

207 1781 276 1806 ται
318 1766 386 1806 καὶ
421 1770 537 1818 μυῖαι
579 1766 646 1806 καὶ
684 1759 814 1807 τᾶλλα
849 1769 929 1809 τῶν
963 1761 1197 1821 αἶμοβόρων
1227 1763 1412 1820 ζωυφίων
1442 1761 1548 1803 καθ’
1580 1760 1676 1804 ὅλου

862 1845 873 1858 =

299 1895 334 1930 8.
358 1904 412 1928 ποι
437 1892 486 1938 ὰ]
509 1893 600 1932 Tou.
626 1891 697 1928 ἐπί.
746 1893 833 1927 Cod.
857 1859 896 1928 σετ.
941 1892 1044 1939 παρὰ
1069 1893 1198 1938 Heyse.
1316 1893 1372 1928 10.
1397 1887 1678 1935 ἀπετύγχανον]

300 1939 389 1975 eod.
430 1937 671 1984 πετύγχανον.
716 1939 864 1972 correxit
885 1939 973 1976 Duc.

209 2030 383 2066 sidendam
410 2030 509 2065 misit.
555 2029 614 2063 sed
640 2028 787 2062 nondum
802 2028 846 2062 ad
861 2028 978 2062 urbem
994 2027 1179 2061 advenerat
1190 2026 1416 2069 Theodorus,
1447 2036 1522 2060 cum
1545 2026 1678 2067 milites,

209 2075 267 2121 qui
281 2076 315 2109 in
332 2075 594 2121 propugnaculis
610 2075 745 2108 stabant
757 2102 768 2118 ‚
799 2073 987 2110 adventare
1003 2073 1240 2118 imperatorem
1264 2072 1350 2116 rati,
1379 2072 1510 2117 ingenti
1529 2072 1677 2117 perculsi

209 2126 301 2156 metu
315 2122 360 2155 de
374 2121 524 2157 turribus
539 2131 617 2155 sese
632 2120 758 2154 dedere
773 2119 977 2165 praecipites
989 2144 1001 2163 ‚
1027 2124 1238 2163 mortemque
1252 2118 1302 2152 sic
1316 2118 1426 2154 miseri
1440 2118 1598 2152 acerbam
1614 2129 1679 2163 op-

235 2167 352 2201 etiere.

207 2179 231 2213 p
305 2214 360 2248 18.
405 2212 460 2246 Ita
483 2211 617 2256 quidem
642 2213 744 2255 capta
769 2213 822 2244 est
847 2210 990 2244 Tarsus.
1038 2220 1113 2244 cum
1127 2209 1210 2243 haec
1225 2208 1446 2244 adverterent
1468 2208 1624 2242 Torosus
1643 2212 1679 2242 et

209 2258 385 2293 Renaldus
401 2258 557 2303 princeps
567 2285 578 2302 ‚
608 2256 652 2290 ad
666 2257 901 2302 imperatorem
916 2256 1049 2300 legatos
1063 2256 1197 2289 mittere
1210 2266 1277 2288 non
1293 2254 1388 2297 ausi,
1419 2258 1540 2299 utpote
1554 2254 1677 2288 multo-

209 2316 284 2339 rum
306 2315 328 2338 a
349 2315 387 2338 se
412 2307 682 2349 perpetratorum
709 2302 870 2335 malorum
896 2301 1043 2344 conscii,
1071 2301 1160 2334 illius
1187 2304 1332 2344 agnatos
1354 2300 1518 2345 quosdam
1541 2300 1676 2343 misere,

210 2350 273 2395 qui
296 2361 358 2395 pro
381 2350 422 2383 iis
445 2349 596 2383 eumdem
620 2348 897 2393 deprecarentur.
943 2347 979 2383 id
993 2347 1051 2381 ubi
1065 2350 1255 2380 recusatum
1271 2351 1342 2388 est,
1375 2345 1547 2380 Renaldus
1568 2345 1677 2378 animo

210 2395 359 2440 undique
387 2395 506 2429 anxius
532 2394 680 2439 quidque
705 2398 823 2437 ageret
845 2393 1017 2436 incertus,
1047 2403 1158 2427 arcem
1173 2391 1415 2426 Antiochenam
1431 2390 1624 2436 imperatori
1640 2401 1679 2424 se

210 2441 411 2476 traditurum
441 2441 604 2486 spondet,
635 2440 664 2474 si
690 2439 888 2474 delictorum
917 2450 1052 2473 suorum
1081 2438 1325 2472 concederetur
1348 2436 1487 2471 oblivio.
1534 2442 1680 2470 noverat

0 2488 13 2513 ¹
211 2487 298 2520 enim
322 2487 568 2521 Antiochenum
591 2485 786 2531 pontificem
798 2510 809 2525 ‚
839 2495 938 2529 quem
954 2497 998 2519 ex
1012 2495 1075 2518 sua
1089 2489 1192 2528 gente
1207 2483 1271 2517 sibi
1284 2483 1331 2516 illi
1345 2481 1546 2527 praeficiunt
1561 2493 1602 2517 ac
1618 2492 1678 2525 pa·-

210 2532 378 2566 triarchae
403 2532 535 2566 nomine
551 2532 696 2572 donant,
726 2530 894 2564 inimicum
909 2530 973 2564 sibi
985 2530 1220 2573 infensumque
1236 2539 1312 2562 esse
1329 2539 1371 2561 ea
1387 2539 1428 2561 ex
1445 2538 1557 2560 musa.
1605 2527 1678 2560 Re·-

3 2587 12 2613 ?
214 2577 334 2613 ualdus
345 2603 356 2620 ,
389 2582 429 2611 ut
455 2582 534 2612 ante
560 2578 703 2612 diximus
713 2602 723 2617 ‚
752 2587 826 2610 cum
839 2576 927 2610 sein
940 2581 1091 2610 extrema
1105 2586 1218 2608 rerum
1233 2573 1374 2619 penuria
1390 2572 1609 2606 constitutum
1624 2572 1677 2606 vi-

3 2615 14 2699 f
213 2621 330 2664 deret,
361 2635 428 2658 non
452 2623 551 2657 modo
574 2623 726 2668 Cyprum
751 2622 952 2667 depraedari
977 2620 1172 2662 constituit,
1202 2620 1264 2654 sed
1280 2624 1316 2653 et
1329 2618 1523 2664 pontificem
1539 2619 1627 2652 hunc
1643 2618 1677 2652 in

215 2673 381 2702 secretum
408 2670 589 2704 abductum
614 2679 820 2712 aggressuS‚
851 2668 1011 2713 pecunias
1037 2666 1101 2700 sibi
1127 2667 1170 2700 ab
1196 2665 1254 2699 illo
1279 2665 1351 2698 dari
1375 2664 1581 2710 postulavit,
1610 2675 1677 2696 non

215 2711 353 2755 ignarus
375 2715 485 2749 multis
507 2714 598 2748 illum
623 2713 797 2748 abundare
823 2714 954 2759 opibus.
998 2713 1035 2746 id
1058 2723 1132 2746 cum
1157 2711 1347 2751 renuisset,
1377 2709 1530 2743 vestibus
1553 2708 1677 2742 homini

217 2757 400 2802 detractis,
431 2771 553 2804 corpus
577 2760 689 2794 multis
712 2760 853 2804 primum
875 2758 1077 2794 verberibus
1102 2768 1256 2799 caesum,
1289 2756 1429 2790 ardente
1448 2764 1519 2789 tum
1533 2760 1679 2794 aestate,

217 2802 412 2837 vulneribus
434 2805 532 2840 melle
552 2805 664 2848 illitis,
695 2805 858 2840 urendum
883 2805 946 2839 soli
967 2803 1137 2849 exposuit.
1182 2803 1231 2838 ibi
1253 2807 1326 2838 tum
1348 2813 1478 2846 vespae
1494 2805 1529 2835 et
1543 2810 1625 2844 apes
1642 2803 1678 2831 et

218 2858 372 2891 muscae,
403 2854 440 2883 et
458 2855 576 2887 cetera
599 2851 795 2897 sanguinem
817 2851 988 2887 ebibentia
1001 2848 1220 2893 animalcula,
1248 2848 1375 2884 nudato
1391 2857 1528 2894 prorsus
1544 2842 1679 2888 corpori
