1878 3262
635 179 1026 243 fflSTomAin
1058 200 1107 243 L.
1135 199 1214 243 VI.
1434 228 1436 230 -
1556 199 1653 246 273

195 313 276 353 τῶν
301 306 478 367 κεράτων
509 308 616 353 οὕτω
641 308 853 366 Ῥωμαίοις
884 311 986 368 πρὸς
1015 310 1232 369 ὗπαγωγὴν
1250 309 1395 365 ἔκλινε,
1429 312 1483 356 τὰ
1504 313 1548 356 δὲ
1569 317 1650 357 τῶν

196 381 335 433 δεξιῶν
373 385 457 429 τοῖς
493 380 535 421 ἓν
568 379 760 439 ἀριστερᾷ
791 380 1006 433 ε’πιθέμενα
1038 380 1205 432 Οὕννοις
1234 383 1455 437 ἐτρέψαντο
1483 380 1650 433 τούτους

195 451 435 503 περιφανῶς.
502 447 718 498 Διονύσιος
737 443 807 490 οὖν
825 448 959 502 ἐπειδὴ
975 453 1103 492 ταῦτα
1122 448 1198 492 εἶδε
1220 457 1303 501 τοῖς
1322 452 1410 507 περὶ
1430 449 1501 492 τὸν
1518 445 1644 507 στρα-
1667 461 1698 497 c

193 515 314 570 τηγόν
326 513 576 571 Ἀνδρόνικον
592 518 809 559 ἐπιθέσθαι
835 514 1040 571 διενοήθη.
1109 518 1213 560 ἀλλὰ
1231 523 1312 560 τῶν
1328 518 1402 560 σὺν
1419 519 1531 576 αὐτῷ
1547 523 1647 561 πολ-

160 581 257 625 5λοὶ
284 583 515 627 ἀποδειλιᾶν
545 584 740 641 ἤρξαντο,
775 584 872 627 ὅθεν
903 586 968 626 καὶ
998 585 1248 642 ἄνεσείραζον
1277 588 1392 644 σφίσι
1416 586 1489 641 τὴν
1508 589 1647 630 ἵππον.

190 651 310 707 γνοὺς
332 653 375 694 δὲ
392 651 608 703 Διονύσιος
627 654 795 705 ὠνείδιζε
817 654 891 707 μὲν
912 653 983 708 τὴν
1003 654 1220 710 ἀνανδρίαν
1239 655 1397 706 αὐτοῖς,
1431 654 1646 712 παρεκάλει

192 721 234 762 δ’
268 720 376 774 ὅμως
403 722 527 763 αὐτοῦ
549 723 769 773 ἵστασθαι,
800 720 855 772 ὥς
871 721 930 776 μὴ
947 726 1162 779 καταφανῆ
1180 722 1252 777 τὴν
1273 724 1422 764 δειλίαν
1434 722 1647 778 Ῥωμαίοις

190 787 421 843 ποιήσωσιν.
482 789 732 846 Ἀνδρόνικος
761 791 804 832 δὲ
834 789 855 832 ὃ
881 792 1152 847 Λαμπαρδιῖς
1179 791 1230 833 τὰ
1250 789 1511 848 πρασσόμενα
1531 811 1644 835 κατι-

191 857 273 898 δών
302 859 437 908 δείσας
463 874 504 901 τε
536 858 593 912 μὴ
615 859 659 900 τὸ
680 859 753 901 σὺν
771 863 830 916 τῷ
845 860 1048 917 Διονυσίῳ
1075 863 1253 914 πλῆθος,
1288 859 1415 901 αὐτοῦ
1439 860 1508 916 ἔφ’
1531 862 1647 917 ἕτερα

137 927 180 965 10
186 923 447 982 χωρήσαντος
456 958 468 978 ,
505 927 742 985 Ἀνδρονίκῳ
770 927 909 970 λοιπὸν
945 929 1169 982 ἐμπεσεῖται
1198 932 1256 986 τῷ
1281 932 1518 985 στρατηγῷ,
1564 932 1645 971 δεῖν

189 993 288 1049 ἔγνω
307 994 510 1052 Διονυσίῳ
531 994 724 1052 πρότερον
743 997 854 1052 αὐτῷ
873 1000 1166 1052 συμπλακῆναι.
1236 995 1486 1049 ἐμπεσόντων
1507 997 1550 1038 δὲ
1569 997 1643 1039 ἆλ-

188 1061 325 1116 λήλοις
354 1067 486 1119 θροῦς
512 1063 666 1119 ἠγέρθη
697 1066 762 1106 καὶ
789 1063 968 1121 πάταγος
996 1067 1122 1119 ἐπεῖχε
1151 1062 1283 1107 πάντα
1310 1067 1378 1107 καὶ
1410 1064 1462 1106 τὰ
1489 1063 1643 1121 δόρατα

187 1130 290 1187 πρὸς
318 1138 406 1180 ταῖς
435 1132 596 1174 ἀσπίσιν
623 1132 965 1186 ἀποκαυλιζόμενα
990 1136 1122 1188 χαμαὶ
1151 1134 1324 1176 ἔπιπτον.
1386 1131 1577 1186 Ῥωμαῖοι
1595 1135 1638 1177 δὲ
1659 1139 1692 1175 D

186 1200 314 1240 καίτοι
346 1203 426 1241 τῶν
455 1198 533 1242 ἰἷ-πό
561 1202 725 1259 θατέρῳ
754 1204 898 1260 Βρανᾷ
927 1207 985 1259 τῷ
1013 1205 1053 1243 Γ
1050 1204 1199 1260 εωργίῳ
1227 1202 1479 1255 ταττομένων
1501 1206 1642 1244 συνελ-

132 1265 345 1309 15θόντων
374 1267 510 1318 αὐτοῖς
540 1268 710 1323 ἔκαμνον
735 1269 856 1323 ὅμως.
919 1269 1168 1327 Ἀνδρόνικος
1205 1272 1338 1312 τοίνυν
1363 1268 1384 1312 ὅ
1418 1271 1640 1326 στρατηγὸς

185 1335 319 1390 ἐπειδὴ
348 1341 466 1378 τοῦτο
499 1340 694 1390 συνεῖδεν,
726 1337 781 1388 ὡς
795 1339 851 1392 μὴ
872 1339 976 1380 κατὰ
993 1338 1140 1396 κράτος
1155 1340 1220 1380 καὶ
1243 1344 1322 1381 τῶν
1339 1338 1412 1380 σὺν
1432 1343 1490 1397 τῷ
1505 1341 1638 1394 Λαμ-

184 1406 323 1463 παρδᾷ
346 1402 573 1459 ἡττημένων
602 1407 666 1447 ἔπ’
700 1407 811 1464 αὐτῷ
835 1405 860 1462 ἡ
893 1406 1077 1463 ἀγώνισις
1103 1406 1290 1462 στήσεται
1319 1411 1452 1458 πᾶσα,
1483 1406 1637 1464 συρρήκ

183 1489 322 1527 γνυται
352 1480 435 1522 τοῖς
456 1476 680 1527 πολεμίοις,
715 1477 780 1517 καὶ
811 1477 957 1530 γίνεται
981 1476 1155 1533 καρτερὰ
1183 1474 1414 1532 προσβολή,
1450 1473 1505 1525 ὥς
1527 1477 1639 1532 παρὰ

182 1540 255 1594 τὴν
275 1539 437 1597 πρώτην
451 1540 658 1595 Ῥωμαίων
678 1544 752 1597 μὲν
773 1542 1016 1598 ὀγδοήκοντα
1044 1551 1197 1595 πεσεῖν,
1231 1542 1454 1600 βαρβάρων
1472 1545 1515 1585 δὲ
1534 1548 1635 1586 πολ-
1658 1565 1661 1567 ·

127 1612 243 1666 Ξολῷ
281 1608 434 1667 τούτων
471 1612 641 1661 πλείους.
711 1612 815 1653 ἀλλὰ
841 1610 1030 1666 Ῥωμαῖοι
1060 1613 1133 1654 σὺν
1165 1611 1311 1669 ἇφάτῳ
1342 1614 1416 1654 τινὶ
1446 1615 1638 1673 καρτερία

181 1677 250 1720 ’τὸν
264 1678 397 1733 ἀγῶνα
409 1676 672 1735 ὑφιστάμενοι
691 1681 803 1730 τέλος
817 1681 1044 1737 ’ἐτρέψαντο
1061 1679 1228 1731 τούτους
1250 1681 1372 1737 ἀρετῇ
1385 1684 1434 1736 τῇ
1445 1682 1631 1740 σφετέρᾳ.
1655 1690 1686 1725 Ρ
1712 1693 1778 1728 160

181 1750 371 1795 ’τοσοῦτος
390 1748 523 1800 μέντοι
542 1747 763 1804 βαρβάρων
784 1747 906 1805 φόνος
924 1751 1071 1805 ἐγένετο
1081 1781 1093 1800 ,
1129 1747 1184 1799 ὡς
1205 1741 1279 1799 τὰς
1298 1751 1477 1790 ἐνταῦθα
1494 1749 1636 1791 πεδιά-

182 1815 258 1863 δας
280 1818 428 1870 μικροῦ
446 1821 770 1872 περιστρωθῆναι
797 1824 879 1867 τοῖς
900 1820 1170 1873 θνησιμαιόις.
1239 1822 1319 1859 τῶν
1344 1817 1420 1873 γὰρ
1453 1816 1635 1874 δοράτων

271 1921 305 1956 9.
325 1917 375 1966 μὴ
400 1918 443 1955 τὸ
469 1918 563 1967 σὺν]
588 1922 673 1956 Cod.
696 1920 745 1967 μὴ
772 1922 852 1958 σύν.
990 1923 1043 1959 15.
1068 1919 1189 1968 ὅμως]
1214 1923 1299 1958 Cod.
1325 1920 1432 1967 ὁμοῦ.

180 2012 229 2047 sic
256 2011 390 2056 quidem
416 2011 550 2045 sinistra
576 2012 798 2046 Romanorum
815 2013 904 2046 acies
919 2013 951 2046 in
966 2013 1079 2057 fugam
1097 2013 1286 2047 inclinavit:
1317 2013 1437 2048 dextra
1452 2025 1536 2048 vero
1551 2014 1634 2050 sini-

180 2064 284 2092 stram
308 2058 545 2102 Hungarorum
567 2057 730 2092 invadens
757 2059 888 2092 omnino
909 2059 995 2092 hanc
1010 2059 1106 2093 fudit.
1154 2064 1191 2092 at
1206 2059 1389 2103 Dionysius
1404 2060 1460 2093 ubi
1475 2061 1560 2094 haec
1572 2061 1635 2095 ad-

179 2103 283 2138 vertit
307 2114 366 2137 eos
391 2103 446 2148 qui
473 2103 698 2138 Andronicum
714 2104 830 2137 ducem
847 2105 1104 2139 circumstabant
1116 2105 1239 2138 adoriri
1254 2106 1384 2140 statuit.
1430 2106 1492 2139 sed
1508 2118 1550 2140 ex
1564 2107 1635 2142 suis

179 2149 366 2194 complures
388 2149 563 2183 conterriti
585 2149 626 2183 ad
655 2161 692 2183 se
713 2151 898 2194 equitatum
923 2151 1080 2184 continuo
1102 2155 1296 2184 evocarunt.
1341 2162 1427 2196 quae
1445 2156 1484 2185 ut
1497 2153 1635 2188 rescivit

178 2194 362 2239 Dionysius
374 2219 383 2233 ,
414 2195 622 2229 timiditatem
637 2195 718 2240 ipsis
734 2197 917 2240 exprobrat
930 2196 1090 2241 simulque
1106 2198 1294 2231 obtestatur
1311 2203 1348 2230 ut
1366 2197 1414 2230 ibi
1432 2198 1631 2243 consistant,

177 2251 221 2274 ne
245 2252 404 2285 pavorem
430 2253 525 2274 suum
550 2241 707 2275 Romanis
735 2241 935 2287 proderent.⁴
971 2242 1179 2276 Andronicus
1194 2248 1305 2276 autem
1319 2243 1525 2287 Lampardas
1542 2255 1631 2289 quae

177 2287 382 2330 parabantur
406 2287 544 2328 videns,
575 2287 704 2320 veritus
719 2299 760 2320 ne
775 2287 804 2320 si
818 2287 883 2321 alio
899 2287 1008 2323 abiret
1022 2288 1174 2333 Dionysii
1190 2288 1309 2333 copiae
1324 2288 1547 2323 Andronicum
1563 2290 1628 2323 du-

179 2343 250 2366 cem
269 2332 514 2378 opprimerent,
544 2333 768 2373 necessarium
788 2333 884 2366 duxit
908 2333 1067 2378 cumipse
1085 2334 1222 2379 primum
1236 2334 1401 2377 Dionysio
1416 2346 1531 2368 manus
1545 2347 1630 2368 con-

177 2387 301 2414 serere.
348 2389 487 2423 cumque
508 2379 651 2413 invicem
674 2383 930 2421 concurrerent,
960 2379 1111 2415 sublatus
1125 2380 1282 2414 continuo
1300 2385 1352 2413 est
1365 2381 1489 2413 clamor
1503 2381 1629 2414 tumul-

177 2426 298 2468 tusque
321 2424 446 2468 passim
466 2425 599 2458 factus:
628 2425 860 2470 impactaeque
874 2425 939 2460 iam
953 2424 986 2458 in
1001 2425 1127 2471 clipeos
1142 2427 1259 2460 hastae
1274 2426 1454 2459 frustratim
1469 2426 1630 2460 discissae

177 2467 376 2503 decidebant
399 2469 433 2503 in
459 2475 594 2504 terram.
641 2471 785 2504 Romani
812 2475 944 2514 autem,
976 2471 1039 2505 etsi
1065 2471 1121 2516 qui
1147 2472 1209 2505 sub
1226 2472 1333 2504 altero
1350 2471 1461 2504 Brana
1475 2472 1629 2515 Georgio

177 2518 272 2548 erant
294 2515 358 2549 iam
384 2516 624 2558 accessissent,
655 2516 858 2550 fatiscebant
878 2521 1002 2551 tamen.
1049 2523 1087 2550 ut
1100 2517 1134 2550 id
1150 2517 1301 2561 percepit
1319 2517 1386 2550 dux
1401 2517 1626 2560 Andronicus,

177 2570 221 2592 ne
233 2559 273 2593 iis
288 2560 345 2614 qui
362 2572 435 2594 cum
451 2562 639 2607 Lamparda
657 2562 858 2596 dimicabant
871 2562 1001 2596 omnino
1015 2563 1099 2596 fusis
1115 2574 1155 2595 ac
1170 2562 1327 2603 devictis,
1347 2566 1421 2596 tota
1439 2563 1473 2596 iu
1493 2574 1531 2596 se
1547 2563 1625 2597 belli

178 2604 282 2638 moles
301 2608 530 2650 incumberet,
559 2620 632 2653 curn
657 2606 808 2642 hostibus
831 2619 980 2653 pugnare
996 2608 1159 2642 instituit:
1189 2607 1343 2652 adeoque
1360 2612 1460 2641 atrox
1475 2609 1626 2642 concita-

177 2655 233 2683 tur
247 2651 426 2694 praelium,
454 2658 493 2687 ut
507 2653 612 2698 primo
632 2654 786 2687 conflictu
801 2654 1025 2688 Romanorum
1041 2653 1172 2698 quidem
1189 2655 1382 2696 octoginta,
1407 2654 1626 2688 barbarorum

178 2699 290 2730 autem
305 2697 406 2731 multo
420 2699 533 2743 plures
548 2700 737 2734 ceciderint.
784 2700 842 2734 sed
860 2700 944 2734 enim
962 2699 1103 2734 Romani
1117 2699 1303 2733 incredibili
1319 2700 1508 2733 constantia
1523 2701 1628 2733 susti·

178 2748 296 2774 nentes
310 2747 476 2778 certamen
486 2769 496 2786 ,
519 2746 652 2780 tandem
669 2757 727 2780 eos
741 2746 878 2791 propria
893 2746 1019 2779 virtute
1033 2746 1066 2779 in
1081 2747 1193 2789 sugam
1209 2749 1394 2779 verterunt.
1430 2750 1528 2779 tanta
1541 2756 1626 2779 vero

178 2787 394 2821 barbarorum
415 2790 542 2825 exstitit
564 2791 706 2835 caedes,
736 2796 774 2826 ut
796 2795 952 2826 contecta
973 2803 1080 2836 prope
1103 2791 1285 2825 occisorum
1301 2791 1519 2825 cadaveribus
1535 2803 1607 2825 carn

179 2843 297 2878 porum
323 2832 476 2877 planities
498 2837 611 2872 fuerit.
648 2837 764 2872 'hastis
790 2849 932 2883 namque
953 2837 1023 2872 suis
1037 2838 1071 2871 in
1085 2837 1192 2872 frusta
1214 2837 1414 2879 conscissis,
1443 2837 1628 2880 fractisque

234 2885 429 2921 Cinnamus.
1306 2887 1355 2926 18
