1878 3262
363 222 423 266 IN
442 220 759 266 HISTORIAM
776 221 1002 266 IOANNIS
1022 222 1255 268 CINNAMI
1271 224 1472 268 NOTAE.
1555 225 1655 271 339

183 331 359 383 Alpinos
391 330 554 371 vocavit
590 342 640 368 ex
666 331 816 371 Catone
848 331 1008 372 Gellius.
1066 332 1196 373 Adam
1229 334 1449 373 Bremensis
1482 347 1516 372 o.
1545 336 1652 376 229:

185 389 464 438 Normannia,
494 401 597 439 quae
628 389 719 425 suis·
735 388 916 440 Alpibus
938 389 1170 429 circumdat
1187 393 1420 430 Sueoniam.
1475 391 1653 430 occurrit

182 445 330 489 iterum
362 444 469 497 apud
492 443 662 483 eundem
689 458 724 484 c.
753 447 851 487 239.
907 446 978 484 sed
1008 446 1057 485 de
1087 448 1198 487 vocis
1229 447 1463 500 primigenia
1486 447 1652 487 notione

183 501 367 542 dissentit
396 515 560 553 prorsus
586 515 609 538 a
628 501 769 541 Servio
800 507 841 540 et
865 501 954 541 aliis.
975 502 1191 556 Procopius
1218 505 1294 548 1.1
1325 505 1374 544 de
1395 504 1504 543 Bello
1526 503 1649 544 Goth.

182 558 252 609 qui
278 557 322 604 id
349 558 518 597 nominis
542 558 744 597 veteribus
769 557 892 597 Gallis
927 561 1123 611 angustias
1153 558 1351 600 montium
1386 575 1457 600 seu
1491 561 1654 600 collium

181 614 416 666 significasse
436 614 593 654 scribit·
629 612 793 663 ’Ἀλπεις
812 612 856 656 δὲ
874 619 1009 656 καλεῖν
1028 614 1104 668 τὴν
1126 617 1169 658 ἐν
1189 619 1429 675 στενοχωρία
1452 618 1593 659 δίοδον
1611 617 1655 660 οἱ

179 668 304 727 ταύτῃ
325 669 572 724 νενομήκασι
590 668 815 723 α’νθρωποι.
843 672 916 710 id
905 686 1034 725 ipsum
1051 674 1178 712 tradit
1195 660 1453 714 Eustathius
1442 689 1484 713 ιιι
1494 675 1651 727 Diony-

178 728 226 766 sii
244 729 496 780 Periegesim:
534 727 648 796 φασὶ
657 727 701 768 δὲ
718 744 794 780 την
814 727 920 778 λέξιν
937 727 1088 782 ταύτην
1104 728 1204 771 κατοέ
1224 747 1299 784 την
1327 733 1385 781 εἰς
1406 729 1451 772 vd
1466 731 1649 784 Ἑλληνι-

178 800 254 826 κον
283 781 532 838 μετάληψιν,
570 780 719 827 ταῦτον
746 781 954 827 δύνασθαι,
978 788 1030 843 τῇ
1051 783 1279 843 κλεισουρα.
1338 794 1457 840 atque
1488 801 1533 826 ea
1564 789 1651 840 ipsa

178 841 342 880 notione
370 854 508 882 vocem
536 839 643 879 hanc
666 855 876 894 usurpasse
907 843 1070 883 videtur
1087 829 1372 896 Philostorgius
1402 845 1430 884 1.
1460 848 1486 887 8
1512 858 1545 884 c.
1574 843 1653 887 24:

166 896 352 947 ’Ἀλπεις,
391 898 440 939 αἴ
461 913 504 939 τε
531 894 704 947 Σούκεις
729 896 994 951 καλούμεναι,
1036 900 1104 942 καὶ
1123 901 1169 941 αἱ
1189 897 1377 951 Ἰουλίαι,
1410 901 1543 942 δίοδοί
1571 901 1651 942 εἰσι

178 954 313 996 στεναὶ
325 956 538 1022 μεγίστων
571 951 675 1008 ὀρῶν
703 954 973 1009 ἑκατέρωθεν,
1011 957 1080 998 καὶ
1107 953 1189 1009 ὑφ’
1210 957 1254 998 ἕν
1271 959 1418 1016 χωρίον
1436 955 1554 1013 ἐγγύς
1571 960 1650 998 τοῦ

177 1008 480 1079 συμπτύσεσθαι
506 1011 831 1065 συγκλειομένων.
885 1012 1038 1054 ἐοίκασι
1070 1012 1115 1054 δὲ
1147 1013 1193 1055 αἱ
1209 1015 1340 1056 δίοδοι
1360 1016 1479 1055 αὗται
1501 1017 1586 1062 τοῖς
1603 1013 1649 1055 ἔν

177 1064 457 1121 Θερμοπύλαις
476 1072 638 1116 στενοῖς.
683 1074 787 1107 certe
810 1069 1004 1120 quidquid
1023 1071 1144 1109 suerit
1158 1072 1295 1122 primis
1312 1071 1476 1110 saeculis
1497 1070 1547 1109 de
1570 1084 1650 1109 vo-

177 1125 306 1163 cabuli
325 1125 557 1190 significem,
585 1125 628 1162 id
647 1132 802 1164 constat
820 1127 1071 1165 inferioribus
1089 1120 1205 1179 Alpes
1222 1128 1412 1180 appellari
1436 1127 1650 1178 convalles,

175 1187 216 1219 et
239 1194 339 1232 quae
358 1182 401 1219 in
423 1182 469 1219 iis
487 1187 581 1220 sunt
598 1195 745 1233 pascua
761 1212 772 1231 ,
800 1197 880 1233 quo
900 1190 1047 1222 aestate
1064 1198 1207 1236 pecora
1227 1190 1412 1236 aguntur.
1451 1185 1509 1224 ita
1529 1197 1651 1223 usur-

172 1239 294 1290 'patur
311 1239 454 1290 passim
471 1237 516 1276 in
534 1238 815 1278 donationibus
835 1240 948 1278 sactis
966 1241 1148 1279 ecclesiae
1165 1241 1449 1293 salisburgensi
1467 1254 1500 1279 c.
1514 1243 1539 1284 1
1554 1246 1594 1278 et
1606 1243 1648 1290 7,

174 1295 283 1346 apud
303 1295 502 1334 canisium
519 1300 617 1333 tom.
629 1299 656 1338 6
674 1296 882 1347 Antiquar.
902 1298 1023 1348 Lect.‚
1039 1298 1080 1335 in
1098 1297 1237 1336 charta
1251 1298 1446 1338 Ludovici
1462 1297 1521 1336 Pii
1542 1310 1648 1336 anno

172 1353 256 1394 888
290 1365 365 1404 pro
398 1352 636 1390 monasterio
671 1353 865 1402 Anianae,
914 1355 956 1392 in
992 1354 1142 1394 chartis
1172 1354 1437 1394 Alamannicis
1467 1353 1651 1393 Goldasti

171 1420 212 1446 n.
228 1410 285 1449 27
301 1414 342 1446 et
359 1411 427 1457 86,
455 1408 562 1461 apud
581 1409 809 1448 Conradum
828 1410 877 1448 de
895 1411 1062 1450 Fabaria
1084 1412 1134 1450 de
1153 1413 1314 1451 Casibus
1335 1414 1376 1451 S.
1398 1412 1503 1450 Galli
1521 1424 1557 1454 c.
1577 1414 1646 1462 20,
1669 1414 1699 1451 P
1721 1415 1791 1451 449

169 1463 432 1503 Bertboldum
459 1466 690 1504 Zuisaltens.
718 1467 898 1505 abbatem
929 1468 979 1506 de
1011 1469 1160 1520 origine
1192 1470 1253 1508 sui
1282 1468 1532 1519 monasterii,
1561 1467 1650 1507 Au-

169 1522 370 1572 gustinum
398 1520 447 1559 de
478 1523 523 1560 la
548 1523 695 1561 Clziesa
722 1524 764 1561 in
788 1524 889 1565 Hist.
911 1525 1066 1563 Pedem.
1098 1539 1130 1567 c.
1160 1529 1240 1576 26,
1277 1526 1454 1565 Marcam
1479 1525 1521 1563 in
1541 1524 1649 1566 Hist.

168 1576 391 1617 Beneharn.
413 1579 438 1616 l.
458 1578 485 1620 5
503 1593 535 1618 c.
555 1581 611 1621 29
634 1585 707 1618 ete.
747 1579 841 1618 hinc
864 1580 1118 1634 Alpagium,
1149 1582 1211 1621 ius
1231 1583 1420 1634 pascendi
1440 1594 1587 1633 pecora
1604 1582 1649 1619 iu

166 1634 357 1686 Alpibus,
386 1637 428 1673 in
457 1635 596 1674 charta
623 1636 662 1675 b.
690 1637 910 1676 comitissae
935 1639 1157 1678 Sabaudiae
1180 1639 1228 1677 A.
1253 1642 1362 1683 1218
1379 1641 1423 1679 in
1446 1638 1648 1677 tabulario

167 1692 351 1730 ecclesiae
385 1693 705 1732 Tarentasiensis.

281 1762 321 1800 p.
343 1750 425 1790 115
445 1763 484 1790 v.
507 1750 573 1792 15
634 1750 822 1803 Γαλίτζης
843 1747 996 1804 χώρας]
1031 1752 1176 1790 Galitia
1195 1765 1287 1804 pars
1309 1752 1458 1790 dicitur
1481 1751 1648 1790 Russiae

167 1804 351 1854 Minoris,
382 1804 504 1859 μέρος
519 1809 595 1858 τῆς
611 1810 755 1860 μικρᾶς
771 1806 965 1857 Ῥωσίας,
994 1809 1036 1847 in
1055 1809 1199 1847 notitia
1217 1808 1457 1847 Andronici:
1485 1809 1648 1847 Nicetae

167 1873 265 1900 vero
286 1861 331 1899 in
349 1861 455 1900 Man·
473 1862 499 1903 l.
521 1862 548 1905 4
572 1877 614 1901 n·
633 1868 683 1906 2·
714 1864 786 1916 μία
816 1867 897 1905 τῶν
925 1881 1034 1919 παρα
1058 1870 1142 1914 τοῖς
1161 1863 1264 1913 Ῥως
1285 1880 1539 1918 τοπαρχιων,
1572 1879 1647 1912 ους

167 1917 238 1958 καὶ
256 1915 428 1966 Σκύθας
448 1917 723 1972 ὖπερβορέους
746 1922 883 1971 φασίν.
945 1923 1107 1960 θαῖίιω
1134 1922 1254 1960 hodie
1282 1927 1478 1968 vocatur,
1508 1926 1647 1972 estque

168 1974 362 2024 ducatus,
391 1988 534 2026 magno
563 1976 786 2015 Moseoviae
817 1977 910 2016 duci
939 1978 1162 2028 obnoxius,
1205 1979 1273 2029 qui
1297 1991 1348 2016 ex
1373 1978 1576 2017 Moscovia
1602 1977 1647 2015 in

166 2031 374 2070 Orientem
391 2044 462 2082 per
482 2032 843 2084 Castronowgorod
864 2035 1048 2073 euntibus
1067 2036 1256 2077 occurrit.
1313 2035 1410 2073 huic
1423 2034 1647 2087 imperabat

164 2100 212 2126 eo
240 2101 339 2127 aevo
370 2088 619 2127 Vladimerus
648 2102 718 2127 seu
742 2090 1006 2140 Lodomerus‚
1037 2097 1084 2130 ut
1114 2091 1265 2130 habent
1287 2092 1461 2130 Annales
1478 2091 1647 2141 Hunga-

165 2145 262 2195 rici,
305 2144 374 2197 qui
402 2144 637 2184 Chunorum
658 2146 785 2184 fretus
819 2147 967 2186 auxilio
996 2148 1235 2187 Minoslaum
1261 2149 1484 2186 Russorum
1513 2160 1646 2198 regem

163 2213 234 2240 seu
272 2202 494 2254 principem
522 2215 644 2253 regno
678 2204 941 2254 proturbare,
988 2205 1321 2256 tyrannidemque
1359 2204 1435 2242 sibi
1471 2216 1644 2243 asserere

165 2271 309 2308 ausus,
341 2272 365 2296 a
388 2259 506 2297 Geiza
527 2259 688 2298 tandem
707 2260 933 2312 Hungariae
955 2274 1069 2311 rege,
1100 2262 1169 2312 qui
1187 2261 1369 2300 Minoslai
1386 2261 1511 2300 filiam
1532 2274 1643 2300 uxo-

163 2328 251 2355 rem
272 2315 468 2365 duxerat,
499 2317 597 2355 inito
622 2317 770 2368 praelio
796 2319 905 2356 fusus
924 2330 970 2354 ac
994 2317 1148 2356 deletus
1170 2324 1248 2367 est,
1277 2324 1325 2357 ut
1343 2318 1526 2370 pluribus
1544 2331 1643 2356 nar-

165 2378 260 2411 rant
284 2372 543 2411 Thwroczius
570 2374 614 2411 in
630 2374 760 2410 -Geiza
790 2387 825 2414 c.
843 2376 898 2415 66
929 2379 970 2412 et
988 2373 1195 2413 Bonfinius
1215 2374 1352 2413 decad.
1377 2378 1404 2417 2
1423 2375 1450 2413 l.
1472 2378 1510 2416 6.
1567 2387 1643 2412 nec

166 2428 288 2468 alium
315 2429 381 2468 vel
412 2429 614 2468 diversum
641 2429 914 2468 Vladimerum
940 2429 1048 2469 hunc
1081 2432 1299 2470 censuerim
1330 2431 1379 2470 ab
1412 2431 1641 2470 Vladimero

165 2485 419 2525 Wszeuolodi
447 2485 553 2536 filio,
592 2486 754 2524 iaroslai
778 2487 940 2525 Russiae
971 2488 1159 2541 principis
1181 2494 1348 2540 nepote,
1377 2488 1446 2538 qui
1473 2488 1642 2527 Kioviae

166 2541 218 2579 ad
241 2541 529 2594 Borysthenem
560 2543 660 2581 urbe
691 2543 796 2583 avita
823 2544 1021 2593 consedit,
1052 2551 1090 2582 et
1116 2551 1208 2597 post
1229 2544 1362 2584 varias
1380 2557 1471 2583 cum
1490 2544 1640 2597 agnatis

166 2599 492 2665 concertationes,
525 2613 616 2639 cum
642 2613 777 2639 omnes
794 2613 930 2639 eorum
951 2608 1213 2653 expugnasset
1234 2601 1483 2654 provincias,
1514 2617 1641 2654 μονο-

166 2670 292 2706 μαχος
311 2655 440 2695 dictus
458 2662 528 2696 est.
564 2662 783 2710 utcumque
800 2658 872 2706 sit,
903 2658 1119 2698 Vladimeri
1139 2671 1404 2698 successorem
1421 2659 1640 2697 Iaroslaum

165 2711 270 2749 infra
297 2713 476 2753 nominat
501 2714 736 2766 Cinnamus3
766 2715 815 2753 de
839 2715 1053 2755 Vladjmeri
1072 2729 1169 2756 vero
1191 2716 1423 2769 parentibus
1444 2716 1524 2768 agit
1545 2716 1637 2754 Dit-

166 2768 346 2810 marusl.
367 2772 407 2811 7

276 2838 316 2877 P·
343 2827 436 2867 117
448 2840 489 2865 v
514 2825 556 2869 4.
612 2825 824 2881 μαπανον]
862 2828 1087 2880 Legendum
1115 2843 1300 2883 μπανον,
1328 2829 1407 2868 hoc
1435 2835 1513 2879 est,
1560 2829 1636 2866 ba-

165 2895 274 2923 num.
340 2879 468 2921 solent
502 2884 646 2937 quippe
683 2885 823 2925 Graeci
854 2886 878 2925 b
917 2886 1103 2926 Latinum
1128 2899 1201 2940 per
1223 2883 1296 2941 μπί
1312 2886 1472 2937 efferre,
1510 2890 1557 2925 ut
1583 2896 1635 2923 ex
