1878 3262
287 252 352 298 86
773 215 997 290 IOANNIS
1031 243 1262 288 CINNAMI

287 366 377 422 περὶ
403 361 618 412 ἐλάσσονος
641 360 688 404 τὸ
715 361 779 404 σοὶ
806 359 917 417 αὐτῷ
942 361 1123 409 ξυνοΐσον
1148 357 1407 413 πεποιημένος
1433 355 1579 407 ἔλαθες
1604 354 1747 398 ἑαυτὸν

287 435 333 477 τὸ
370 427 489 487 ἧττον
524 427 845 486 αἱρετισάμενος·
888 427 992 470 ἀλλὰ
1016 427 1132 469 ταυτὶ
1156 427 1231 481 μὲν
1264 424 1473 483 ἐπειδήπερ
1501 424 1608 475 ἅπαξ
1634 441 1747 480 γεγο-

287 500 386 544 νότα
423 496 608 541 ἀναλύειν
643 499 749 541 ἐστὶν
785 493 1007 547 ἀδύνατον,
1042 496 1253 552 παρείσθω
1287 495 1385 544 τέως
1409 491 1525 548 ἡμῖν,
1561 495 1748 548 ἐπιμελη-

287 570 375 611 τέον
403 567 445 610 δ”
475 565 530 616 ὥς
556 565 612 608 ἴνι
636 565 814 621 μάλιστα
840 569 919 607 τῶν
944 563 1000 606 ἔτι
1026 563 1128 619 παρ’
1157 561 1276 618 ἡμῖν,
1307 566 1388 604 τῶν
1413 561 1525 604 οὔπω
1550 559 1748 618 πεφευγό-

287 654 380 679 των.
458 632 649 689 τοιαύτην
683 634 761 692 γᾶρ
798 633 876 688 ἔχει
913 631 1035 690 φύσιν
1074 631 1126 674 τὰ
1161 628 1379 688 πράγματα
1400 662 1414 682 ,
1466 629 1531 687 ῥεῖ’
1562 633 1783 683 συνεχῶς-,5

283 706 446 747 ἵσταται
470 703 632 758 οὐδαμῆ
645 717 657 729 ·
692 702 767 745 κᾶν
788 720 848 752 τις
871 700 1070 758 ἃρύσηται
1093 698 1325 756 προλαβών,
1361 698 1473 752 ἴσχεν
1493 697 1571 753 ἤδη
1597 697 1642 739 τὸ
1656 701 1750 749 πᾶν,

288 770 545 829 παρελθόντα
581 772 628 814 δ”
669 770 1000 813 ἀνακαλέσασθαι
1037 770 1176 823 ἐπίσης
1211 766 1422 810 ἀδύνατον.
1513 766 1586 815 ἕως
1620 767 1752 807 τοίνυν

288 840 366 895 ἕχει
400 839 490 882 τινὰ
526 841 748 898 θεραπείας
786 839 838 882 τὰ
873 835 978 881 κατά
1015 853 1059 880 σε
1093 835 1265 893 τρόπον,
1300 839 1473 878 σπεῦσον
1499 831 1680 891 ἁρπάσαι
1706 833 1752 876 τὸ

287 907 521 952 συνοῖσον”.

238 980 270 1014 D
433 975 507 1020 19.
578 975 639 1018 Τὸ
673 975 747 1029 μὲν
773 974 824 1029 δὴ
849 972 1019 1031 γράμμα
1045 973 1086 1014 ἓν
1119 969 1276 1021 τούτοις
1299 971 1514 1014 τετέλεστο.
1584 965 1754 1026 Κορρά-
1767 981 1811 1016 10

289 1046 360 1094 δος
386 1044 429 1085 δὲ
463 1041 651 1101 ἐτύγχανε
685 1044 758 1097 μὲν
793 1045 859 1085 καὶ
894 1040 1087 1099 πρότερον
1118 1039 1196 1096 ἤδη
1225 1040 1420 1093 ἀβουλίαν
1455 1037 1603 1080 ἑαυτοῦ
1628 1054 1754 1079 κατα-

288 1109 427 1167 γνούς,
463 1111 535 1153 οὐκ
559 1111 659 1165 ἔχων
682 1112 725 1153 δὲ
746 1109 767 1153 ὅ
792 1128 828 1153 τι
853 1112 920 1153 καὶ
946 1108 1127 1167 δράσειεν
1150 1109 1196 1150 οὐ
1222 1106 1385 1165 σφόδρα
1407 1104 1639 1156 ἐθελούσιος
1651 1107 1692 1147 Γ
1689 1122 1755 1162 ερ-

289 1187 433 1234 μανοῖς
460 1179 602 1222 ε’ίπετο.
671 1178 761 1222 τότε
800 1179 845 1222 δ’
885 1173 956 1220 οὖν
983 1178 1117 1232 ἐπειδὴ
1144 1178 1211 1218 καὶ
1245 1177 1297 1218 τὰ
1322 1177 1522 1230 βασιλέως
1547 1174 1647 1231 παρ’
1678 1174 1755 1215 αὖ-

289 1248 360 1290 τὸν
397 1246 619 1304 γράμματα
654 1242 808 1302 ἦλθεν,
856 1248 1022 1303 ἕρμαιον
1057 1245 1201 1287 αὐτίκα
1227 1245 1272 1287 τὸ
1298 1249 1466 1301 πρᾶγμα
1492 1241 1755 1299 ἡγησάμενος,

291 1314 452 1365 ε’δέξατό
496 1333 537 1358 τε
576 1315 650 1358 σὺν
684 1314 812 1372 ἡδονῇ
845 1315 940 1365 τοὺς
976 1313 1119 1370 λόγους
1154 1314 1221 1355 καὶ
1257 1317 1413 1354 θᾶττον
1446 1312 1573 1354 ὀπίσω
1601 1308 1754 1367 ἐχώρει,
1769 1318 1812 1354 15

289 1383 391 1440 πρὸς
420 1382 703 1441 Ἑλλησπόντῳ
739 1401 781 1426 τε
818 1382 989 1439 γεγονώς
1025 1382 1094 1423 διὰ
1131 1385 1205 1423 τοῦ
1239 1381 1419 1423 ἐνταῦθα
1463 1383 1657 1437 πορθμοῦ
1693 1379 1758 1420 ἐπὶ

294 1450 462 1511 Θρᾴκην
489 1452 618 1507 διέβη.
687 1451 789 1494 ἔνθα
815 1455 873 1508 τῷ
896 1455 1062 1506 βασιλεῖ
1082 1442 1293 1506 διατριβὴν
1318 1449 1542 1506 ποιουμένῳ
1568 1463 1756 1503 συγγεγο-

289 1520 368 1570 νώς
395 1518 478 1562 εἶτα
506 1521 568 1561 ἐπὶ
596 1519 819 1571 Βυζάντιον
847 1518 933 1573 ἅμα
960 1519 1072 1577 αὐτῷ
1097 1513 1237 1573 ἦλθεν.
1306 1516 1409 1559 ἔνθα
1436 1517 1587 1566 ἀνέσεις
1612 1533 1654 1558 τε
1681 1515 1758 1557 αὖ·

289 1587 360 1629 τὸν
393 1591 466 1629 τοῦ
501 1591 646 1628 λοιποῦ
690 1588 913 1637 διεδέξαντο
949 1589 1016 1628 καὶ
1047 1588 1245 1640 βασίλειοι
1272 1587 1501 1640 καταγωγαὶ
1527 1582 1687 1640 θέατρά
1715 1600 1757 1626 τε

177 1663 203 1699 Ρ
227 1664 272 1698 49
295 1655 536 1697 παντοδαπὰ
573 1657 640 1698 καὶ
679 1654 845 1709 ἅμιλλαι
879 1656 1015 1696 ἵππων
1049 1655 1116 1695 καὶ
1145 1651 1344 1704 δεξιώσεις
1369 1654 1576 1710 λαμπραί,
1613 1652 1672 1694 δι’
1702 1645 1815 1698 ὦνρο

291 1722 445 1777 κάμνον
471 1722 583 1780 αὐτῷ
607 1722 653 1765 τὸ
676 1728 795 1777 σῶμα
813 1721 1148 1780 παρεμυθήσατο.
1216 1723 1282 1763 καὶ
1303 1719 1496 1777 χρήματα
1520 1720 1758 1774 κεκομισμέ-

293 1808 362 1840 νος
398 1791 514 1832 {navo}
550 1789 638 1844 ἅμα
675 1790 878 1848 τριήρεσιν
916 1792 978 1832 ἐπὶ
1012 1791 1293 1844 Παλαιστίνην
1328 1787 1472 1844 ἀπῄει,
1515 1786 1759 1845 Νικηφόρον

1618 1861 1637 1869 u
1691 1855 1711 1871 ν

293 1863 368 1901 τοῦ
394 1857 613 1902 Λασιώτου
640 1858 765 1909 πλοός
790 1877 831 1902 τε
861 1859 973 1917 αὐτῷ
998 1857 1219 1915 ἡγουμένου
1248 1859 1315 1900 καὶ
1341 1858 1563 1914 θεραπείας
1587 1874 1659 1912 της
1684 1860 1758 1899 αλ-

386 1988 422 2024 4.
447 1988 524 2024 τῶν
543 1984 649 2023 οὔπω
669 1985 930 2033 πεφευγότων]
953 1987 1051 2022 Haec
1065 1987 1094 2021 si
1112 1988 1290 2032 abessent,
1312 1997 1410 2021 nemo
1425 1986 1647 2023 desideraret.

294 2101 465 2146 quomodo
481 2101 673 2146 posthabito
690 2100 780 2145 quod
795 2100 856 2134 tibi
873 2102 1083 2146 profuturum
1100 2106 1186 2143 erat,
1212 2112 1274 2145 per
1287 2099 1541 2146 imprudentiam
1558 2099 1649 2145 quod
1664 2097 1760 2145 peius

296 2150 350 2180 est
373 2146 515 2190 elegisti.
564 2147 624 2180 sed
649 2146 919 2190 quandoquidem
946 2159 1034 2191 quae
1071 2148 1174 2180 semel
1196 2147 1290 2180 facta
1313 2151 1411 2189 sunt,
1447 2146 1574 2179 infecta
1599 2157 1673 2179 esse
1698 2157 1761 2179 ne-

295 2196 437 2237 queunt,
461 2203 480 2224 a
497 2191 594 2225 nobis
610 2191 740 2224 silentio
758 2197 1025 2235 praetereantur.
1072 2192 1114 2226 ad
1132 2205 1174 2226 ea
1188 2204 1271 2226 vero
1290 2203 1376 2236 quae
1391 2192 1535 2226 nondum
1553 2190 1758 2234 effugerunt,

296 2237 438 2270 animum
454 2248 553 2281 quam
570 2236 708 2269 maxime
725 2238 902 2271 advertere
917 2249 979 2282 par
994 2242 1059 2272 est.
1107 2237 1269 2271 eiusmodi
1292 2237 1416 2282 quippe
1430 2242 1483 2270 ost
1496 2247 1608 2270 rerum
1625 2241 1748 2270 natura

296 2287 334 2315 ut
351 2282 419 2315 sint
434 2281 466 2314 in
483 2286 647 2327 perpetuo
663 2281 775 2322 fluxu,
801 2286 892 2315 stent
907 2295 1096 2328 nunquam:
1120 2283 1150 2317 si
1169 2283 1243 2328 quis
1259 2283 1351 2327 prior
1363 2293 1422 2315 eos
1438 2289 1599 2326 occupat,
1621 2281 1687 2315 iam
1703 2286 1759 2316 to-

298 2331 368 2361 tum
386 2327 507 2360 habet:
533 2327 787 2372 praeterlapsae
802 2329 958 2361 revocari
975 2329 1113 2373 perinde
1128 2332 1307 2373 nequeunt.
1353 2327 1429 2360 dum
1443 2327 1560 2371 itaque
1574 2327 1675 2360 rebus
1691 2327 1760 2362 tuis

298 2373 421 2418 aliquis
438 2376 546 2406 restat
561 2372 696 2405 remedii
713 2372 817 2411 locus,
844 2373 935 2416 quod
951 2375 1108 2407 conducit
1124 2374 1270 2418 utileque
1285 2377 1350 2414 est,
1373 2372 1570 2417 praeripere
1585 2372 1760 2407 festines.”

394 2420 447 2453 19.
495 2419 606 2462 Atque
621 2417 649 2450 is
675 2417 740 2450 fuit
755 2417 918 2460 epistolae
934 2419 1019 2452 finis.
1068 2419 1243 2453 Conradus
1260 2419 1391 2452 interea
1403 2445 1413 2461 ,
1446 2417 1603 2451 damnata
1615 2418 1682 2452 iam
1698 2429 1760 2452 sua

303 2463 529 2507 imprudentia
541 2488 551 2503 ‚
573 2462 706 2496 nescius
723 2462 804 2506 quid
818 2470 935 2506 ageret
946 2489 955 2506 ‚
981 2464 1068 2497 haud
1085 2465 1213 2498 lubenti
1229 2464 1335 2497 animo
1352 2463 1534 2496 Germanis
1550 2475 1661 2497 comes
1674 2463 1759 2500 ibat.

300 2513 339 2541 ut
354 2520 436 2542 vero
462 2508 504 2542 ad
531 2519 605 2542 eum
630 2508 782 2552 perlatae
803 2513 883 2541 sunt
902 2508 1112 2553 imperatoris
1127 2510 1265 2552 literae,
1297 2519 1365 2542 rem
1380 2519 1442 2553 pro
1458 2508 1552 2542 lucro
1570 2509 1759 2553 aestimans,

302 2565 390 2598 quae
413 2553 643 2588 offerebantur
665 2553 765 2587 avide
789 2553 920 2598 accepit
953 2554 1134 2598 statimque
1156 2562 1250 2588 retro
1278 2554 1384 2588 cessit.
1438 2553 1478 2586 ad
1503 2554 1759 2599 Hellespontum

300 2610 375 2633 cum
395 2599 623 2643 pervenisset,
651 2598 844 2632 transmisso
862 2600 951 2633 freto
976 2599 1148 2632 descendit
1170 2601 1203 2633 in
1222 2599 1421 2634 Thraciam:
1447 2599 1503 2631 ubi
1518 2599 1560 2632 ad
1577 2599 1760 2645 imperato-

299 2655 388 2682 rem,
414 2645 471 2688 qui
495 2644 542 2678 ibi
567 2649 635 2678 tum
661 2645 874 2685 morabatur,
899 2644 1062 2678 accedens
1078 2656 1145 2678 una
1172 2645 1249 2678 inde
1266 2656 1338 2678 curn
1355 2644 1411 2677 illo
1427 2644 1629 2687 Byzantium
1645 2645 1758 2680 venit:

301 2700 368 2734 quo
384 2689 416 2723 in
437 2689 512 2722 loco
538 2701 612 2723 eum
638 2701 803 2734 excepere
831 2690 990 2734 deinceps
1015 2690 1132 2723 variae
1158 2690 1256 2724 animi
1271 2689 1516 2731 relaxationes,
1540 2690 1759 2733 imperatoria

299 2734 454 2780 palatia,
480 2734 585 2768 omnis
600 2735 734 2778 generis
750 2735 942 2779 spectacula
953 2761 963 2779 ‚
987 2746 1145 2778 equorum
1162 2735 1353 2774 certamina,
1377 2734 1543 2778 magnifici
1560 2743 1757 2780 apparatus,

300 2780 420 2825 quibus
445 2779 615 2814 defessum
641 2779 814 2814 laboribus
839 2790 959 2825 corpus
981 2780 1123 2814 subinde
1140 2779 1316 2814 recreavit.
1363 2779 1484 2813 idonea
1508 2781 1636 2814 demum
1653 2793 1757 2826 pecu—

299 2826 425 2860 niarum
438 2836 478 2859 co
502 2825 536 2858 ia
551 2824 757 2869 sublevatus,
788 2837 859 2858 cum
876 2825 1062 2859 triremibus
1075 2825 1110 2859 in
1127 2825 1350 2858 Palaestinam
1376 2825 1443 2859 iter
1458 2825 1600 2860 intendit
1611 2852 1622 2867 ‚
1640 2827 1756 2861 classis

301 2872 473 2916 praefecto
526 2870 688 2918 icephoro
703 2870 844 2906 Dasiota
861 2871 892 2905 ei
907 2871 1048 2906 ductore
1063 2877 1166 2916 atque
1188 2870 1251 2905 alia
1269 2870 1378 2906 omnia
1393 2871 1584 2906 necessaria
1598 2872 1756 2907 submini-
