1878 3262
646 205 1040 277 msTomARoM
1065 235 1122 280 L.
1148 236 1227 280 lv.
1557 236 1649 285 145

191 341 519 405 προσεχώρησεν·
548 346 588 389 οἳ
606 346 650 389 δὲ
673 347 766 390 οὐδὲ
785 347 856 391 τὸν
883 349 1066 393 κίνδυνον
1083 353 1290 410 διαφυγεῖν
1304 349 1650 411 προσδοκήσαντες

191 415 267 459 σὺν
283 414 492 472 τροπαίοις
507 416 569 458 ἐπὶ
588 419 720 474 Βᾶριν
740 412 885 472 ἦλθον.
954 417 1070 461 ἔνθεν
1089 420 1290 478 ἀφθόνοις
1304 422 1651 479 περιτετυχηκότες
1674 430 1704 465 C

191 491 278 535 τοῖς
294 485 529 540 ἐπιτηδείοις
546 485 640 535 τοὺς
659 487 873 539 πολεμίους
890 484 1094 541 ἀνέψυχον
1113 489 1191 545 ’ἤδη
1212 489 1432 544 καμάτους.

328 554 375 598 5.
477 553 608 611 ’ρόνου
630 554 674 596 δὲ
693 554 740 595 οὗ
756 558 909 596 πολλοῦ
924 556 1197 611 ὃιαγεγονότος
1216 558 1341 602 ἐδόκει
1358 561 1452 614 διχῆ
1472 561 1647 605 διελοῦσι
1664 558 1700 596 V
1723 561 1769 599 56

158 622 239 666 5τὸ
262 620 494 680 στράτευμα
513 623 558 665 τὸ
581 623 655 677 μὲν
676 622 802 664 αὗτοῦ
824 622 898 664 σὺν
916 628 975 682 τῷ
999 622 1120 682 ἑτέρῳ
1142 631 1223 668 τῶν
1249 633 1483 684 στρατηγῶν
1502 636 1650 683 μεῖναι,

152 735 158 739 ,
189 691 237 734 τὸ
266 691 308 734 δ’
341 690 440 733 ἄλλο
479 689 657 748 θάτερον
693 689 938 747 ἐπαγόμενον
968 693 1032 734 ἐπὶ
1070 697 1311 752 καταδρομῇ
1337 699 1543 755 φρουρίων
1570 703 1652 742 τῶν

190 761 402 817 περιοίκων
419 761 607 811 ἐξελθεῖν.
659 758 795 802 ξ’πιπτε
818 761 860 802 δὲ
877 761 940 802 ἐπὶ
957 761 1027 804 τὸν
1041 761 1210 805 Δούκαν
1227 761 1249 805 ὃ
1269 768 1343 806 τοῦ
1360 772 1652 821 προπονεῖσθαι

191 833 351 886 κλῆρος.
418 830 552 871 τοίνυν
582 830 650 871 καὶ
674 823 724 883 ἦν
750 827 829 886 γάρ
856 846 918 880 τις
947 828 1062 881 πόλις
1091 826 1141 886 ἧς
1169 831 1364 890 Κάστρος
1390 831 1521 888 ἦγεῒτο
1550 836 1650 893 ἀνὴρ

191 895 401 954 ἐπιφανής,
436 896 587 952 ταύτην
605 899 874 954 περικαθίσας
901 898 1099 957 ἀσφαλῶς
1127 899 1362 958 ἐπολιόρκει.
1407 899 1463 952 ὥς
1490 903 1532 944 δὲ
1551 908 1651 945 πολ-

136 973 180 1007 10
190 965 306 1016 λάκις
335 970 394 1023 τῷ
413 965 614 1023 περιβόλῳ
640 969 882 1023 προσραγεὶς
907 966 1005 1023 ἔγνω
1027 968 1238 1024 ἀνηνύτοις
1264 971 1473 1027 ἐπιχειρῶν
1489 972 1557 1026 (οὗ
1574 972 1652 1029 γὰρ

191 1029 262 1077 οὖν
284 1034 378 1076 οῧδὲ
396 1036 515 1076 λίθον
535 1035 647 1092 αὐτῷ
669 1036 822 1077 ἐκεῖθεν
841 1035 1028 1079 ἀποσπᾶν
1048 1038 1240 1094 ἐξεγένετο
1263 1041 1394 1081 καίτοι
1423 1040 1551 1094 συχνὰ
1569 1058 1655 1095 μα-

191 1104 368 1153 στίξαντι
397 1110 482 1153 τοῖς
515 1105 828 1158 τειχομαχικοῖς)
862 1103 966 1162 ἄρας
994 1106 1148 1149 ἐκεῖθεν
1179 1109 1268 1165 περὶ
1286 1107 1443 1162 λύχνων
1460 1106 1572 1166 ἁφὰς
1591 1110 1654 1151 ε’πὶ
1675 1122 1709 1157 D

190 1170 431 1215 Μονόπολιν
448 1172 625 1229 ἐφέρετο,
661 1173 899 1224 ἐξαπιναίως
917 1174 1191 1230 ἐπιθήσεσθαι
1212 1175 1340 1233 ταύτῃ
1357 1176 1656 1231 διανοούμενος.

189 1237 405 1295 ἐτύγχανον
427 1241 470 1283 δὲ
489 1245 707 1295 τηνικαῦτα
719 1244 1003 1286 Μονοπολΐται
1021 1243 1252 1301 στράτευμα
1266 1243 1568 1300 ἐπὶςΡωμαιόυς
1587 1248 1653 1289 ἔκ-

135 1310 179 1347 15
190 1309 446 1363 πέμψαντες,
479 1309 526 1351 τὸ
549 1310 623 1364 μὲν
641 1311 703 1351 ἐπὶ
726 1316 962 1369 κατασκοπῇ
988 1317 1068 1354 τῶν
1084 1315 1324 1368 γινομένων,
1357 1314 1403 1357 τὸ
1427 1316 1555 1357 δὲκαὶ
1574 1314 1653 1371 ὅπη

191 1378 344 1420 δυνατὰ
364 1377 474 1420 ἔσται
497 1378 938 1434 ἇντικαταστησόμενον
956 1381 1104 1431 αὐτοῖς.
1173 1380 1276 1439 τύχῃ
1294 1387 1391 1438 γοῦν
1407 1400 1483 1425 τινι
1504 1386 1653 1426 Μονο-

190 1451 350 1488 πολῖται
379 1453 462 1497 τοῖς
488 1447 755 1504 ἐμπροσθίοις
778 1453 853 1490 τοῦ
861 1447 1090 1503 Ῥωμαϊκοῦ
1112 1453 1380 1505 συμμίξαντες
1399 1457 1578 1509 στρατοῦ
1598 1455 1656 1504 εἷς

186 1522 327 1572 χεῖρας
350 1509 494 1570 ἦλθον.
565 1516 670 1558 ἀλλὰ
697 1516 1003 1572 συναισθήσεως
1023 1520 1090 1561 καὶ
1115 1526 1199 1569 τοῖς
1217 1519 1386 1562 κατόπιν
1399 1521 1656 1576 γεγενημένης

190 1582 321 1634 ἱππεῖς
347 1585 421 1638 μὲν
451 1584 585 1626 αὐτῶν
611 1583 753 1639 σχεδόν
782 1603 820 1628 τι
848 1585 1022 1637 ἅπαντες
1047 1587 1199 1644 ᾤχοντο
1218 1587 1480 1646 πεφευγότες,
1518 1588 1679 1649 δρόμῳ’

133 1657 232 1706 Ξῡζτε
253 1652 309 1694 ἔτι
340 1655 408 1694 καὶ
433 1652 618 1707 ἄσθματι
642 1658 780 1712 πολλῷ
799 1653 980 1710 ἐχόμενοι
999 1658 1182 1706 πολίταις
1209 1663 1293 1707 τοῖς
1314 1656 1453 1707 ἄλλοις
1469 1657 1540 1700 τὸν
1555 1656 1658 1700 ‘Pm-

190 1722 322 1774 μαίων
353 1721 526 1777 στρατὸν
552 1720 647 1764 ὅσον
675 1723 748 1764 οὐκ
781 1722 860 1779 ἤδη
891 1725 1144 1781 παρέσεσθαι
1170 1723 1388 1781 ὃιήγγελον.
1458 1728 1586 1778 πεζῶν
1614 1727 1660 1769 δὲ

192 1792 368 1831 πλεῖστοι
388 1787 584 1833 ἑάλωσαν.
654 1790 812 1842 τούτοις
832 1794 1150 1849 ἐκταραχθέντες
1166 1791 1192 1847 ἦ
1210 1793 1325 1844 πόλις
1341 1795 1385 1836 ἐκ
1402 1798 1483 1836 τῶν
1505 1793 1659 1852 παρόν-
1682 1795 1713 1830 P
1734 1797 1779 1832 85

285 1885 341 1920 12.
365 1888 656 1932 τειχομαχικοῖς]
691 1886 746 1921 Ita
770 1886 916 1922 Tollius.
954 1887 1041 1921 Cod.
1066 1890 1347 1933 τοιχομαχικοῒς.
1486 1890 1572 1925 ibid.
1595 1890 1657 1926 λύ-

283 1933 403 1976 χνων]
437 1932 492 1965 Ita
511 1932 648 2011 iromus
675 1944 695 1966 e
719 1933 925 1969 coniectura.
958 1933 1045 1970 Cod.
1074 1933 1202 1970 λίθων.
1350 1935 1406 1970 21.
1440 1934 1656 1982 διήγγελον]

283 2021 370 2059 Cod.
387 2021 589 2068 διήγγελον.

190 2102 394 2137 adiunxere=
420 2107 454 2137 et
478 2103 535 2148 qui
558 2115 596 2139 se
624 2103 816 2149 neutiquam
840 2116 1004 2139 evasuros
1030 2105 1216 2151 periculum
1238 2105 1471 2151 crediderant,
1493 2117 1568 2142 oum
1581 2110 1655 2143 tro-

216 2148 285 2182 aeis
300 2149 412 2182 Barim
422 2154 605 2184 venerunt:
629 2151 687 2184 ubi
702 2150 848 2185 inventis
874 2152 1004 2186 affatim
1019 2153 1122 2186 rebus
1137 2152 1336 2187 necessariis
1350 2153 1443 2188 fessa
1458 2152 1656 2189 militaribus

204 2194 363 2229 aboribus
379 2206 525 2239 corpora
539 2197 702 2230 refecere.

286 2241 320 2275 5.
366 2241 489 2275 Paucis
510 2241 627 2286 itaque
643 2242 762 2276 diebus
777 2242 994 2287 intermissis,
1018 2243 1134 2289 copias
1147 2243 1301 2278 bifariam
1314 2243 1433 2290 partiri
1447 2244 1556 2279 visum
1572 2256 1658 2291 op«.b

194 2296 255 2319 rae
271 2286 413 2331 pretium
429 2313 439 2330 ,
462 2298 600 2332 quarum
627 2300 706 2332 pars
728 2289 794 2322 alia
815 2289 894 2322 istic
910 2300 983 2323 cum
999 2289 1086 2323 duce
1102 2301 1167 2324 uno
1187 2294 1354 2332 maneret,
1377 2290 1442 2324 alia
1460 2301 1532 2324 cum
1547 2291 1657 2325 altero

195 2331 240 2364 ad
257 2332 526 2367 circumiacentia
542 2334 681 2368 castella
697 2334 883 2380 diripienda
898 2335 1015 2369 exiret.
1061 2341 1165 2380 atque
1180 2335 1276 2370 huius
1293 2339 1483 2381 postremae
1497 2348 1599 2370 curae
1621 2336 1659 2370 in

194 2376 324 2412 Ducam
339 2389 413 2412 sors
435 2379 565 2414 recidit.
614 2391 687 2413 cum
707 2392 789 2424 ergo
805 2393 914 2426 prope
935 2381 1069 2415 adesset
1084 2381 1243 2427 oppidum
1254 2408 1266 2424 ‚
1289 2382 1343 2415 cui
1360 2381 1501 2416 Castrus
1515 2382 1568 2415 vir
1579 2382 1658 2415 illu-

194 2423 274 2456 stris
297 2429 476 2468 praeerat,
503 2425 587 2459 illud
610 2425 782 2460 obsidione
799 2427 902 2471 cingit
926 2427 1130 2472 fortiterque
1146 2432 1331 2472 oppugnat.
1377 2432 1414 2460 at
1429 2437 1503 2460 cum
1517 2427 1661 2462 tentatis

196 2469 316 2502 crebro
332 2471 506 2504 moenibus
522 2473 648 2506 frustra
664 2483 702 2505 se
713 2472 878 2506 insumere
892 2484 1030 2518 operam
1044 2473 1193 2508 advertit
1208 2475 1302 2518 (nam
1314 2472 1378 2506 etsi
1390 2473 1519 2506 bellicis
1533 2472 1662 2507 machi-

198 2512 249 2547 nis
272 2516 408 2561 saepius
430 2517 601 2561 pulsasset
624 2529 753 2557 muros,
779 2518 839 2552 vix
854 2530 954 2553 unum
977 2518 1055 2552 inde
1070 2518 1215 2564 lapidem
1231 2518 1458 2562 abstulerat),
1481 2518 1581 2552 motis
1595 2519 1660 2553 sub

198 2569 375 2605 vesperum
399 2562 521 2596 castris
537 2563 579 2597 ad
595 2563 806 2608 Monopolim
824 2564 933 2598 tendit
949 2590 960 2606 ‚
986 2569 1026 2598 ut
1040 2565 1157 2599 urbem
1173 2564 1431 2608 necopinantem
1446 2565 1663 2610 opprimeret.

197 2603 258 2637 sed
273 2606 362 2641 circa
377 2607 463 2642 idem
478 2613 610 2654 tempus
627 2609 740 2654 copias
755 2610 885 2654 aliquot
899 2611 1082 2644 emiserant
1104 2609 1352 2654 Monopolitani
1364 2635 1374 2652 ‚
1398 2614 1469 2643 tum
1483 2615 1522 2644 ut
1534 2610 1663 2645 Roma-

198 2660 260 2682 nos
287 2653 519 2697 explorarent,
545 2661 615 2688 tum
643 2655 765 2698 etiam,
792 2656 821 2689 si
846 2656 891 2689 ad
916 2656 952 2690 id
967 2656 1109 2690 daretur
1124 2655 1279 2697 occasio,
1304 2666 1378 2689 cum
1393 2654 1435 2689 iis
1452 2656 1660 2690 dimicarent.

199 2694 235 2727 hi
249 2696 339 2730 forte
352 2699 487 2734 fortuna
502 2700 536 2734 in
552 2701 689 2746 primam
707 2702 935 2736 Romanorum
950 2701 1138 2735 incidentes
1154 2701 1272 2744 aciem,
1296 2712 1414 2735 manus
1433 2713 1506 2736 cum
1521 2701 1562 2736 iis
1577 2713 1661 2736 con-

199 2746 326 2775 serunt.
371 2746 462 2788 quod
487 2746 583 2780 simul
606 2751 710 2791 atque
732 2747 914 2782 advertere
938 2747 997 2792 qui
1020 2747 1055 2780 in
1075 2752 1247 2792 postremo
1271 2747 1408 2781 stabant
1423 2747 1563 2792 ordine,
1586 2748 1662 2781 uni-

199 2786 291 2820 versi
315 2789 421 2823 ferme
447 2802 563 2825 eorum
586 2793 718 2837 equites
742 2798 840 2837 terga
862 2797 1021 2834 vertunt,
1046 2803 1214 2837 cursuque
1237 2792 1367 2833 effuso,
1391 2793 1514 2827 ceteris
1530 2794 1662 2827 civibus

199 2831 325 2865 iamiam
340 2834 532 2870 adfuturum
547 2838 774 2873 Romanorum
800 2839 985 2873 exercitum
1008 2838 1220 2873 annuntiant.
1266 2838 1415 2884 peditum
1431 2843 1542 2874 autem
1558 2837 1663 2882 pleri-

200 2878 374 2964 queCcapti
389 2886 479 2915 sunt.
527 2894 568 2916 eo
582 2883 699 2918 nuntio
715 2885 902 2920 conterrita
917 2885 1059 2927 civitas,
1084 2889 1254 2929 utcunque
1280 2884 1314 2918 in
1329 2884 1498 2972 prgesenti
1515 2882 1663 2928 periculo

288 2931 456 2966 innatans.
1340 2936 1359 2971 1
