1878 3262
280 206 347 255 48
706 205 1016 252 NICEPHORI
1046 206 1314 251 BRYENNH

280 324 348 366 καὶ
369 325 539 377 θαρρεῖν
559 318 960 378 παρακελευσάμενος
981 322 1047 363 καὶ
1071 320 1124 363 τὰ
1144 320 1312 377 με’γιστα
1330 319 1604 378 ὑποσχόμενος
1629 321 1742 367 ἅντι-

278 391 562 433 καθίστασθαι
591 390 666 444 μὲν
695 396 780 440 τοῖς
810 392 899 448 περὶ
920 390 990 432 τὸν
1011 392 1138 432 ὁοῦκα
1160 392 1464 433 Κωνσταντῖνον
1487 391 1743 449 στρατεύμα-

157 468 189 502 V
210 468 256 503 22
280 474 344 501 σιν
368 458 440 500 οὐκ
463 457 519 500 ἔτι
544 459 592 517 ἐᾷ
604 491 616 510 ,
653 461 709 509 εἷς
733 459 777 501 δὲ
797 459 870 514 τὴν
890 463 970 501 τῶν
995 460 1173 501 Κιλίκων
1192 457 1335 516 χώραν
1357 459 1573 516 ἀπαγαγὼν
1598 463 1665 503 καὶ
1689 461 1742 503 τὰ

275 528 406 582 τέμπη
428 531 500 582 τῆς
523 529 711 578 Κιλικίας
733 528 844 586 αὐτῷ
863 525 1195 584 προσβαλόμενος
1225 526 1400 584 στρατόν
1425 545 1467 570 τε
1490 529 1600 586 αὐτῷ
1620 531 1740 586 ἐξαρ-

273 594 358 638 τύει
383 598 450 637 καὶ
468 595 663 653 χρήματα
690 599 829 639 δίδωσι
840 629 853 648 ,
889 598 955 638 καὶ
979 594 1125 648 ὁπλίζει
1148 597 1222 650 μὲν
1246 594 1456 653 πρότερον,
1491 595 1564 639 εἶτ’
1585 599 1626 640 ἓν
1647 602 1774 640 και-5

274 669 336 723 ρῷ
357 664 567 719 μάχεσθαι
589 665 690 722 πρὸς
712 665 781 708 τὸν
802 666 1019 707 ἀντίπαλον
1042 663 1274 722 στράτευμα
1293 663 1536 719 ταμιεύεται.

412 734 491 777 22.
554 734 622 775 Ἐν
650 732 900 788 βουλεύμασι
928 735 1061 776 τοίνυν
1083 736 1150 775 καὶ
1176 728 1300 792 αὖθις
1323 733 1375 776 τὰ
1398 733 1502 776 κατὰ
1524 733 1594 776 τὸν
1616 738 1740 788 βασι-

225 803 256 838 C
278 801 350 844 λεά
384 802 561 857 Μιχαὴλ
594 805 661 845 καὶ
694 802 764 845 τὸν
797 804 996 859 καίσαρα,
1036 804 1103 857 καὶ
1137 802 1174 844 οἱ
1209 806 1281 856 τῆς
1316 800 1538 858 συγκλήτου
1574 801 1741 858 λογάδες

271 871 526 927 ἠθροίζοντο.
594 873 663 913 καὶ
691 877 774 921 τοῖς
807 872 880 925 μὲν
912 872 1160 913 σπείσασθαι
1184 870 1286 927 πρὸς
1307 871 1377 913 τὸν
1397 871 1593 927 Διογένην
1613 869 1741 914 ἐδόκει

274 941 343 981 καὶ
373 940 523 996 μέρους
552 940 663 997 αὐτῷ
694 944 767 994 τῆς
798 940 925 995 ἀρχῆς
947 940 1349 996 παρακεχωρηκέναι,
1385 946 1469 989 τοῖς
1493 941 1535 981 δὲ
1556 944 1740 994 πολεμεῖν
1752 946 1798 980 10

274 1009 342 1049 καὶ
375 1007 431 1049 ἔτι
465 1009 627 1050 δέδοκτο
658 1010 725 1050 καὶ
756 1010 959 1063 μηδεμίαν
985 1008 1177 1065 ἀφορμὴν
1203 1008 1314 1066 αὐτῷ’
1343 1012 1414 1062 τῆς
1438 1011 1494 1058 εἷς
1521 1008 1593 1063 τὴν
1615 1013 1739 1062 βασι·-

273 1078 384 1118 λείαν
408 1078 629 1132 εἰσαγωγῆς
647 1083 880 1132 παρασχεῖν.
948 1075 1163 1133 ἐπράττετο
1193 1077 1267 1129 μὲν
1301 1071 1371 1118 οὖν
1403 1081 1563 1133 πρῶτον
1592 1077 1644 1119 τὰ
1667 1081 1740 1132 τῆς

272 1143 453 1200 εῗρήνης,
490 1146 556 1186 καὶ
578 1143 801 1201 γράμματα
822 1143 934 1201 παρὰ
956 1149 1029 1186 τοῦ
1050 1146 1250 1199 βασιλέως
1274 1145 1449 1199 Μιχαὴλ
1470 1145 1572 1202 πρὸς
1593 1147 1740 1188 ἐκεῖνον

270 1212 374 1266 μετὰ
396 1213 601 1268 πρέσβεων
620 1217 755 1254 κακῶν
777 1213 999 1268 ἀμνηστίαν
1017 1211 1146 1269 τούτῳ
1164 1211 1496 1268 ἐπαγγελλόμενα.
1523 1211 1544 1255 ὅ
1568 1215 1611 1255 δὲ
1633 1212 1739 1256 εἰκό-

268 1297 350 1331 τως
387 1281 519 1338 ὥσπερ
555 1279 830 1338 ὗβριοπάθειά
864 1298 926 1331 τις
955 1281 1066 1337 αὐτῷ
1101 1281 1363 1336 ἀπηγγέλλετο
1385 1282 1510 1336 μηδὲν
1532 1280 1636 1332 ὅλως
1657 1286 1738 1325 τῶν
1749 1284 1794 1322 15

217 1355 250 1390 D
275 1354 409 1391 κακῶν
432 1349 786 1404 πλημμελήσαντι,
822 1352 878 1400 εἷς
908 1349 1136 1406 ἀποκρίσεις
1169 1351 1213 1391 δὲ
1236 1349 1533 1403 καθιστάμενος
1554 1349 1644 1393 οὕτε
1665 1354 1738 1406 τῆς

266 1419 477 1472 βασιλείας
506 1419 688 1472 ἀπείχετο
720 1421 788 1460 καὶ
823 1418 875 1460 τὰ
897 1419 1066 1474 μέγιστα
1093 1419 1295 1460 διετείνετο
1319 1418 1562 1460 ἀδικεῖσθαι.
1632 1419 1738 1461 ἀλλὰ

266 1487 319 1528 τὰ
340 1487 444 1529 κατὰ
464 1487 533 1529 τὸν
553 1488 750 1543 Διογένην
772 1485 985 1545 ἐπράττετο
1004 1489 1112 1544 τῇδε.
1181 1485 1204 1529 ὅ
1227 1487 1270 1529 δὲ
1293 1493 1377 1537 τοῖς
1401 1491 1540 1537 καλοῖς
1559 1489 1736 1542 βασκαί-

354 1627 389 1662 4.
412 1623 731 1683 προσβαλόμενος]
756 1626 800 1661 V.
824 1623 1156 1671 προσβαλλόμενος.
1317 1627 1372 1661 10.
1394 1626 1461 1670 τῆς
1484 1622 1619 1671 ἀρχῆς]
1644 1626 1732 1663 Cod.

354 1671 460 1716 παρὰ
484 1672 659 1726 praefigit,
683 1672 830 1706 deletum
852 1683 873 1705 a
896 1673 936 1706 P.
1080 1670 1135 1707 14.
1158 1670 1364 1717 πρέσβεων]
1393 1672 1492 1706 Fert.
1518 1673 1597 1708 add.
1625 1669 1733 1728 ἐπέμ-

354 1730 458 1753 πετο.
595 1718 680 1752 ibid.
708 1714 728 1753 ὁ
755 1715 795 1752 δὲ
820 1714 998 1774 εἰκότως]
1018 1718 1168 1773 Requiro
1193 1718 1280 1751 hanc
1304 1718 1378 1751 fere
1402 1719 1626 1752 sententiam.
1653 1715 1674 1753 ὁ
1691 1716 1733 1753 δὲ

355 1762 528 1819 εἰκότως,
565 1761 645 1798 ἐπεὶ
677 1760 799 1808 ὥσπερ
833 1762 1089 1818 υβριοπάθεια
1123 1775 1179 1803 τις
1213 1760 1316 1820 αὐτῷ
1353 1760 1595 1819 ἀπηγγέλλετο
1618 1761 1735 1822 μηδὲν

355 1806 452 1890 gatos
473 1810 554 1844 τῶν
571 1821 696 1844 κακων
718 1807 1034 1854 πλημμελήσαντι,
1069 1808 1214 1854 βαρέως
1246 1797 1399 1854 ε’φερεν,
1438 1809 1492 1850 εἰς
1522 1807 1735 1855 ἀποκρίσεις

382 1867 398 1890 ε
423 1860 490 1890 etc.

263 1978 398 2033 paucis
398 1978 442 2013 ad
458 1990 533 2013 eum
547 1978 664 2022 venit,
694 1978 851 2023 bonoque
875 1989 951 2012 esse
972 1978 1080 2012 animo
1100 1978 1226 2012 iussum
1251 1981 1287 2012 et
1309 1978 1482 2024 promissis
1498 1979 1729 2016 confirmatum

264 2025 433 2069 maximis,
465 2025 625 2058 dissuasit
652 2036 673 2058 a
696 2025 860 2058 tentanda
882 2025 1004 2058 iterum
1021 2025 1138 2069 praelii
1154 2025 1263 2058 forma
1280 2036 1352 2058 cum
1370 2025 1476 2070 copiis
1491 2027 1611 2070 quibus
1619 2038 1734 2080 prae·-

264 2075 339 2104 erat
355 2071 595 2104 Constantinus
609 2071 738 2104 Ducas.
784 2070 845 2104 sed
874 2070 905 2103 ei
920 2070 1065 2103 deducto
1081 2070 1115 2103 in
1132 2070 1283 2104 Ciliciam
1301 2071 1448 2104 claustra
1462 2071 1517 2105 ina
1534 2072 1729 2117 provinciae

264 2116 422 2156 tradidit,
455 2116 637 2150 exercitum
656 2115 823 2160 confecit
852 2116 1011 2169 pecunias
1026 2116 1138 2159 dedit,
1171 2127 1263 2149 arma
1288 2121 1323 2149 et
1345 2123 1543 2170 apparatum
1566 2117 1728 2171 suppedi-

263 2161 351 2195 tavit
366 2163 603 2205 fortunamque
617 2161 782 2204 Diogenis
797 2161 847 2195 ita
862 2161 1035 2203 restituit,
1066 2167 1106 2195 ut
1119 2173 1181 2207 pro
1198 2172 1260 2206 spe
1274 2162 1437 2196 victoriae
1451 2162 1578 2208 pacisci
1591 2162 1728 2208 pericu-

263 2207 330 2241 lum
347 2207 466 2252 praelii
483 2208 601 2240 merito
621 2211 750 2251 posset.

355 2255 411 2287 22.
457 2252 513 2286 Ea
538 2264 648 2285 rerum
678 2251 855 2285 conversio
889 2263 1010 2286 novam
1044 2263 1157 2286 curam
1182 2251 1344 2286 Michaeli
1376 2256 1414 2286 et
1435 2251 1576 2287 Caesari
1601 2253 1724 2289 attulit.

259 2298 438 2344 praecipui
453 2302 644 2331 senatorum
660 2298 835 2331 convocati
848 2298 1059 2331 discordibus
1074 2298 1289 2332 alternabant
1303 2298 1496 2332 sententiis.
1512 2298 1726 2351 quibusdam

260 2346 443 2378 videbatur
459 2343 723 2388 componendam
739 2355 809 2377 rem
826 2355 900 2376 curn
915 2344 1091 2387 Diogene,
1122 2348 1323 2397 partemque
1337 2343 1403 2388 ipsi
1418 2342 1624 2388 principatus
1641 2356 1725 2379 cou-

261 2390 458 2424 cedendam.
512 2390 569 2423 alii
597 2389 823 2422 obfirmabant
849 2389 992 2422 animum
1015 2389 1048 2422 in
1072 2389 1208 2422 consilio
1236 2389 1334 2430 belli,
1365 2400 1428 2423 nec
1453 2389 1724 2426 committendum

259 2436 532 2478 arbitrabantur,
563 2439 602 2469 ut
625 2435 712 2468 ullus
728 2435 841 2468 aditus
856 2435 900 2467 ad
916 2435 1070 2469 amissum
1084 2435 1257 2488 imperium
1274 2438 1492 2469 exauctorato
1508 2435 1612 2468 semel
1626 2436 1724 2481 prin-

259 2481 326 2525 cipi
341 2481 540 2525 aperiretur.
585 2480 668 2514 vicit
689 2484 802 2514 tamen
826 2491 903 2524 pars
918 2481 1051 2524 mitior,
1083 2486 1119 2514 et
1147 2480 1239 2525 pacis
1262 2479 1440 2514 conventio
1461 2491 1526 2533 per
1548 2481 1678 2516 litteras
1700 2492 1722 2516 a

258 2494 428 2560 Μίοὶιὲειο
454 2527 498 2559 ad
515 2526 699 2570 Diogenem
722 2525 864 2570 scriptas
888 2526 1075 2570 missosque
1100 2525 1234 2570 legatos
1257 2529 1308 2558 est
1323 2529 1453 2558 tentata
1468 2525 1566 2560 irrito
1583 2531 1722 2563 eventu.

259 2581 335 2604 nam
363 2577 508 2605 mutuam
534 2572 665 2606 veniam
690 2576 725 2606 et
747 2571 947 2605 oblivionem
963 2582 1139 2616 perperam
1155 2575 1326 2623 gestorum
1342 2572 1547 2615 proponenti
1562 2572 1722 2607 michaeli

257 2617 409 2660 negabat
424 2617 613 2660 Diogenes,
644 2617 812 2651 enimvero
837 2616 922 2651 ferri
946 2629 1046 2662 posse
1063 2622 1100 2650 ut
1116 2622 1170 2650 tot
1182 2617 1215 2649 in
1230 2627 1269 2649 se
1282 2615 1509 2650 immerentem
1525 2622 1596 2651 tam
1611 2619 1722 2653 sceie-

256 2667 332 2697 rate
348 2667 516 2695 attentata
529 2674 663 2707 impune
679 2663 823 2696 abirent.
869 2663 959 2707 quod
986 2668 1096 2696 autem
1122 2660 1260 2707 imperio
1289 2666 1328 2694 ut
1354 2661 1492 2696 cederet
1507 2663 1720 2707 exigebatur,

258 2712 506 2751 oontentusque
529 2719 603 2741 esse
624 2708 805 2742 iubebatur
824 2709 944 2752 exigua
959 2707 1219 2761 participatione
1234 2707 1413 2751 potestatis
1429 2719 1576 2742 summae
1588 2735 1599 2752 ,
1610 2720 1719 2763 ‘quae

258 2757 335 2787 tota
356 2752 420 2787 sibi
442 2753 515 2786 iure
530 2753 654 2797 optimo
671 2753 874 2796 deberetur,
904 2765 947 2787 ne
963 2753 1161 2786 mentionem
1177 2750 1310 2796 quidem
1327 2753 1585 2788 acerbissimae
1575 2754 1720 2789 iniuriae

259 2798 425 2834 sustinere
439 2810 499 2842 se,
531 2797 653 2831 nedum
675 2798 882 2842 iniquitatem
899 2802 1029 2831 tantam
1053 2799 1272 2851 comprobare
1287 2808 1424 2832 assensu
1440 2803 1542 2844 queat
1557 2811 1631 2835 suo.
1678 2803 1719 2835 at

257 2844 390 2880 interim
412 2844 491 2880 dum
508 2844 706 2879 obstinaute
727 2844 781 2879 his
802 2844 947 2879 animum
959 2843 1116 2890 Diogene
1140 2842 1235 2889 pacis
1253 2843 1422 2888 negotium
1438 2845 1625 2890 haerebat,
1657 2845 1718 2892 qui
