1878 3262
214 205 282 251 36
639 199 947 244 NICEPHORI
979 199 1249 245 BRYENNII

217 313 425 372 σουλτάνῳ
464 310 624 357 εἲσιόντι
660 313 702 355 ἓν
736 311 939 364 Βατάνοις
970 316 1042 368 τῆς
1067 312 1253 367 Μηδίας.
1318 317 1378 371 τῷ
1401 314 1611 373 μαγίστρῳ
1637 315 1683 357 δὲ

211 385 362 440 Ἰωσὴφ
389 387 447 441 τῷ
474 380 762 439 Τραχανειώτῃ
788 380 1028 438 κατάρχοντι
1052 380 1139 424 τότε
1160 377 1377 436 ταγμάτων
1397 387 1580 436 πολλῶν,
1614 385 1684 425 καὶ

217 459 275 510 τῷ
296 454 409 495 δουκὶ
434 450 568 506 πάσης
594 450 746 500 δύσεως
765 449 989 508 Νικηφόρῳ
1007 454 1064 507 τῷ
1091 451 1295 507 Βρυεννίῳ
1316 451 1569 494 παντάπασιν
1590 450 1683 494 ἐδό-

218 540 276 564 κει
297 521 349 563 τὰ
372 525 540 562 τοιαῦτα
556 518 817 574 βουλεύματα
839 518 1120 577 σφάλλεσθαι,
1150 520 1218 560 καὶ
1238 516 1494 576 ἓξελιπάρουν
1513 520 1582 562 τὸν
1599 525 1682 574 βα-

218 591 331 633 σιλέα
342 622 356 641 ,
393 592 426 632 εἷ
448 587 532 631 οἷόν
556 606 597 631 τε
625 589 683 643 εἴη
694 621 707 640 ,
738 589 972 645 προσμένειν
994 589 1060 629 καὶ
1081 587 1176 636 τοὺς
1194 588 1410 640 πολεμίους
1435 588 1558 630 ἕλκειν
1580 588 1716 646 πρὸς5

219 658 363 701 ἑαυτὸν
387 658 461 707 τὰς
486 658 598 714 πέριξ
616 656 749 707 πόλεις
772 654 1113 713 κατοχυρώσαντα
1136 657 1202 697 καὶ
1221 655 1294 705 τὰς
1314 654 1509 706 πεδιάδας
1527 655 1684 714 ἐμπρή-

167 743 198 777 Β
222 744 375 778 σαντα,
413 725 514 769 ὥστε
549 728 747 778 σπανίζειν
781 732 866 775 τοῖς
898 726 1102 778 πολεμίοις
1137 724 1190 766 τὰ
1225 722 1448 778 ἐπιτήδεια·
1484 726 1519 766 εἲ
1553 725 1596 766 δὲ
1624 724 1683 780 μὴ

218 800 361 846 τοῦτο,
397 794 472 836 κᾶν
497 799 592 851 γοῦν
616 798 860 848 καταλαβεῖν
891 793 964 848 τὴν
989 794 1209 835 Θεοδοσίου
1236 791 1352 834 πόλιν
1376 793 1532 835 κάκεῖσε
1557 809 1685 849 στρα-

218 862 514 908 τοπεδεύσαντα
534 863 769 920 προσμένειν
789 863 883 912 τούς
899 864 1114 916 πολεμιόυς
1123 893 1136 913 ,
1161 860 1261 903 ὥστ’
1287 861 1436 920 ἀπορίᾳ
1456 865 1536 904 τῶν
1559 861 1685 917 ἀναγ-

218 934 343 976 καίων
369 933 438 974 τὸν
460 930 681 974 σουλτάνον
707 932 1015 987 ἀναγκασθῆναι
1041 937 1125 980 τοῖς
1142 928 1357 983 Ῥωμαίοις
1381 931 1684 983 συμπλέκεσθαι
1695 934 1740 969 10

219 1000 322 1043 ἔνθα
340 999 564 1054 Ῥωμαίους
589 1002 807 1054 ’ξυμβαλεῖν
834 999 936 1056 πρὸς
959 997 1134 1053 πόλεμον
1161 999 1368 1055 συμφέρον
1398 1000 1517 1040 ἐστίν.
1587 997 1682 1039 ἀλλ’

218 1068 383 1111 ἐδόκουν
403 1068 517 1125 παρὰ
537 1073 664 1125 κωφῷ
687 1068 810 1126 ᾄδειν,
845 1070 913 1110 καὶ
938 1067 989 1110 τὰ
1010 1071 1091 1109 τῶν
1114 1065 1296 1108 κολάκων
1313 1067 1436 1108 ἐνίκα.
1504 1067 1571 1108 καὶ
1595 1066 1686 1108 δέον

219 1135 393 1193 ἀνδράσι
419 1137 492 1190 τὴν
518 1138 665 1178 οἲκείαν
695 1135 840 1192 ἀρετὴν
869 1134 1179 1193 παραστήσασιν
1209 1133 1426 1177 ὑπακούειν
1434 1166 1448 1187 ,
1483 1133 1504 1176 ὃ
1533 1135 1577 1176 δὲ
1602 1141 1687 1183 τοῖς

217 1204 357 1255 κόλαξι
379 1208 535 1258 μᾶλλον
557 1211 764 1261 προσεῖχεν
786 1203 812 1258 ἢ
835 1212 919 1254 τοῖς
940 1204 1051 1261 ὀρθὰ
1074 1201 1439 1257 συμβουλεύουσιν,
1466 1203 1688 1260 ἒπῃρμένος

217 1280 304 1323 τοῖς
338 1277 592 1330 προλαβοῦσι
626 1274 834 1330 τροπαίοις
867 1274 935 1314 καὶ
970 1273 1074 1328 μέγα
1100 1272 1163 1312 ἐπὶ
1189 1269 1346 1321 τούτοις
1372 1275 1547 1328 φρονῶν.
1616 1272 1740 1312 καὶ15

217 1342 297 1398 γὰρ
325 1340 370 1383 τό
395 1359 436 1384 τε
462 1342 639 1394 ΖΡΙέμπετ
660 1340 857 1398 φρούριον
881 1338 960 1384 εἷλε
984 1343 1052 1382 καὶ
1081 1337 1276 1396 Τούρκων
1303 1338 1510 1382 ἄποσπάσι
1537 1355 1688 1396 προνο-

217 1408 422 1464 μευόντων
455 1410 630 1464 ἐντυχὼν
653 1407 854 1465 ἐτρέψατό
879 1428 921 1452 τε
947 1407 1116 1458 τούτους
1137 1409 1205 1450 καὶ
1227 1407 1401 1458 πολλοὺς
1420 1408 1495 1462 μὲν
1519 1407 1687 1459 ἀνεῖλεν,

218 1479 292 1520 οὒκ
317 1478 475 1534 ὀλίγους
497 1479 540 1520 de*
559 1480 627 1520 καὶ
648 1476 859 1534 ἐζώγρησε.
925 1476 1083 1526 τούτοις
1105 1471 1176 1518 οὖν
1197 1474 1457 1532 ἐπαιρόμενος
1481 1477 1548 1520 καὶ
1573 1480 1687 1533 θαρ-

172 1566 204 1602 c
223 1545 353 1603 ρήσας
377 1547 481 1602 πέρα
508 1550 582 1588 τοῦ
605 1547 764 1595 δέοντος
788 1545 856 1587 ἅτε
879 1548 946 1587 καὶ
972 1547 1135 1587 πλείονα
1160 1549 1241 1586 τῶν
1262 1545 1467 1601 προτέρων
1488 1543 1688 1600 ἐπαγόμε-

218 1631 287 1664 νος
307 1615 539 1668 ξυμμαχίαν
561 1615 630 1655 καὶ
655 1612 851 1667 δύναμιν,
888 1613 992 1670 ἄρας
1010 1613 1080 1663 ’ξὺν
1103 1614 1222 1654 παντὶ
1244 1617 1302 1669 τῷ
1323 1610 1593 1668 στρατεύματι
1612 1612 1742 1667 τὴνω

219 1682 321 1726 εὐθὺ
348 1683 553 1738 Περσίδος
577 1681 723 1737 ἤλαυνε
749 1683 817 1724 καὶ
842 1682 944 1739 πρὸς
968 1681 1063 1732 τοὺς
1088 1682 1289 1730 ἐναντίους
1311 1679 1465 1738 ἐχώρει.

361 1769 436 1818 14.
505 1772 715 1830 Γενομένῳ
746 1773 791 1814 δὲ
821 1770 952 1830 τούτῳ
981 1773 1071 1829 περὶ
1097 1771 1143 1814 τὸ
1170 1772 1429 1828 Μαζίκερτον
1453 1768 1474 1813 ὅ
1499 1769 1687 1814 Βασιλό-

218 1858 305 1892 κιος
329 1838 542 1896 ὗπηντίαζε
564 1840 739 1898 στρατὸν
762 1839 1008 1897 ἐπαγόμενος
1029 1840 1102 1882 οὐκ
1123 1840 1256 1896 ὀλίγον
1278 1841 1322 1882 ἔκ
1339 1840 1493 1898 Συρίας
1511 1842 1579 1883 καὶ
1589 1841 1687 1898 Ἀρ-

312 1971 368 2007 15.
390 1970 644 2017 προλαβοῦσι]
670 1969 756 2005 Cod.
782 1969 1040 2017 συμβαλλοῦσι.
1086 1970 1237 2006 correxit
1256 1971 1299 2006 P.

216 2086 350 2121 Bataua
375 2084 510 2119 Mediae
531 2088 676 2131 parante
695 2082 840 2129 ingredi.
885 2087 1006 2119 contra
1028 2083 1187 2128 magistro
1202 2084 1327 2130 Ioseph
1341 2084 1594 2120 Trachoniotae
1612 2095 1686 2119 ma-

217 2141 307 2175 gnae
335 2135 416 2164 tunc
445 2131 537 2176 parti
567 2142 606 2164 co
633 2131 739 2165 iarum
769 2130 946 2176 praesecto
959 2158 969 2174 ,
1001 2134 1036 2164 et
1058 2130 1137 2164 duci
1156 2131 1258 2164 totius
1276 2130 1470 2165 Occidentis
1484 2130 1683 2176 Nicephoro

218 2177 392 2220 Bryennio
406 2204 415 2220 ,
447 2177 543 2221 piane
566 2143 751 2210 vid’ebatur
778 2187 942 2221 praeceps
966 2175 999 2209 id
1025 2176 1200 2221 errorique
1221 2176 1371 2210 innixum
1395 2176 1563 2211 consilium
1588 2187 1682 2210 esse:

218 2223 456 2267 rogabantque
480 2221 715 2267 imperatorem
742 2227 798 2264 ut,
830 2222 859 2256 si
885 2226 1021 2267 posset,
1053 2221 1210 2256 haereret
1235 2222 1269 2256 in
1291 2223 1366 2256 loco
1389 2223 1568 2266 hostesque
1584 2221 1627 2254 ad
1643 2233 1683 2256 se

220 2269 380 2310 eliceret,
412 2267 544 2301 munitis
557 2267 689 2301 interim
712 2267 906 2302 civitatibus
925 2268 1097 2301 Romanae
1113 2267 1250 2301 ditionis
1265 2279 1327 2312 per
1342 2267 1514 2302 circuitum
1525 2291 1537 2308 ‚
1569 2267 1682 2311 agris-

219 2319 287 2359 que
316 2313 461 2347 incensis
491 2324 533 2346 ac
561 2313 724 2357 vastatis,
754 2325 798 2347 ne
829 2318 1014 2358 suppetere
1044 2313 1123 2347 inde
1152 2313 1303 2347 hostibus
1322 2312 1513 2348 necessaria
1528 2318 1682 2357 possent.

219 2361 272 2393 sin
287 2369 424 2392 movere
438 2355 518 2393 inde
533 2362 646 2392 certus
662 2362 754 2392 esset
764 2385 775 2400 ‚
798 2363 983 2404 occuparet
997 2358 1287 2404 Theodosiopoiin
1301 2359 1414 2403 ibique
1430 2357 1546 2392 eastris
1562 2359 1682 2403 positis

219 2405 336 2438 hostes
359 2408 588 2448 exspectaret.
635 2405 713 2438 hinc
729 2405 814 2438 enim
830 2406 904 2438 fore
920 2411 956 2438 ut
971 2404 1084 2450 inopia
1101 2409 1343 2439 commeatuum
1358 2403 1520 2437 Sultanus
1538 2415 1681 2448 cogere-

221 2454 278 2484 tur
295 2461 448 2495 pugnare
462 2461 536 2484 cum
551 2450 713 2484 Romanis
728 2450 803 2483 loco
819 2449 902 2494 ipsis
917 2450 962 2484 ad
978 2450 1141 2484 victoriae
1155 2462 1247 2496 spem
1264 2448 1508 2484 commodiore:
1524 2450 1583 2484 sed
1595 2450 1683 2484 haec

221 2496 323 2529 surdo
355 2495 576 2530 canebantur.
621 2495 706 2530 vicit
730 2495 874 2529 adulatio
889 2522 898 2536 ‚
931 2500 966 2530 et
989 2500 1130 2539 turgens
1144 2495 1232 2529 inani
1246 2495 1367 2540 gaudio
1382 2494 1558 2539 princeps,
1590 2494 1681 2541 quod

179 2565 183 2569 >
221 2551 333 2574 arcem
349 2541 501 2586 Mempet
517 2541 639 2575 dictam
654 2541 754 2575 modo
771 2544 930 2586 ceperat,
961 2545 997 2575 et
1021 2552 1135 2574 manus
1151 2541 1338 2575 Turcorum
1354 2539 1585 2585 praedantium
1600 2552 1680 2576 cae·

221 2585 269 2620 sis
298 2586 410 2619 multis
421 2611 431 2627 ‚
463 2587 580 2631 paucis
594 2586 721 2632 captis,
748 2587 930 2631 fugaverat
941 2614 952 2630 ‚
981 2586 1045 2620 sibi
1061 2586 1228 2632 persuasit
1242 2585 1403 2620 neminem
1420 2597 1565 2631 unquam
1579 2591 1681 2621 antea

221 2631 409 2665 Romanum
440 2631 625 2677 principem
654 2637 751 2667 tanto
780 2633 814 2666 in
845 2632 965 2666 Persas
991 2638 1127 2677 tamque
1151 2632 1315 2665 instructo
1333 2631 1452 2665 civium
1467 2631 1681 2667 sociorumve

222 2676 371 2710 exercitu
398 2676 553 2711 movisse.
598 2679 722 2722 spebus
739 2678 817 2712 inde
831 2677 938 2721 magis
951 2677 1080 2721 magnis
1095 2688 1192 2722 quam
1207 2676 1299 2711 veris
1314 2681 1374 2712 aut
1388 2677 1524 2712 utilibus
1538 2677 1680 2713 inflatus

221 2725 318 2756 recta
330 2721 366 2755 in
379 2721 552 2756 Persidem
566 2723 741 2758 universas
757 2723 871 2769 copias
886 2723 1038 2768 perrexit
1053 2723 1188 2757 ducere.

314 2789 368 2824 14.
413 2788 503 2824 Hinc
525 2800 705 2834 progresso
730 2802 837 2836 usque
858 2789 1079 2825 Mazicertum
1100 2787 1286 2824 Basiiacius
1312 2791 1459 2826 occurrit
1481 2791 1596 2838 copias
1611 2802 1680 2827 non

221 2844 348 2880 paucas
363 2846 384 2871 e
400 2834 505 2879 Syria
520 2835 647 2871 ducens
661 2840 766 2883 atque
779 2835 946 2872 Armenia.
990 2834 1109 2871 eratis
1121 2836 1220 2870 ferox
1233 2846 1402 2882 manuque
1427 2837 1547 2881 fortis,
1576 2848 1679 2884 prae-
