1878 3262
257 216 354 262 208
707 212 911 256 CAROLI
944 213 1024 255 DU
1058 212 1272 256 FRESNE

259 325 385 365 cernit
397 351 408 371 ‚
438 326 569 360 censet
585 320 692 360 idem
709 321 903 362 Vaterius.
960 321 1070 372 quod
1090 321 1292 373 perspicue
1309 321 1426 360 etiam
1442 321 1567 360 tradit
1582 320 1715 360 Acha-

259 381 349 421 med
371 378 563 430 Guerapsi
580 378 624 417 F.
643 379 685 416 in
708 379 872 417 Temiris
891 378 1110 417 Historial.
1132 381 1153 418 1
1177 391 1215 416 n.
1235 377 1284 427 5,
1314 377 1409 416 dum
1429 377 1484 416 ait
1502 379 1716 417 Maurana-

258 439 379 476 harae
406 435 594 488 populor„
634 447 728 487 prae
757 435 943 485 Temiris,
973 447 1041 473 seu
1070 434 1346 484 Tambersani,
1373 433 1442 484 qui
1471 435 1716 486 provinciam

258 495 478 542 invaserat,
508 497 636 543 metu,
665 492 888 530 transmisso
910 491 1108 540 Gichone,
1134 491 1178 529 in
1197 490 1464 529 chorosanam
1481 491 1715 541 pervenisse.

255 549 424 603 proinde
447 522 556 588 r'ecte
579 540 724 586 Paulus
747 548 1044 587 Rhamnusius
1034 562 1077 586 m
1100 547 1238 599 Geogr.
1259 547 1362 586 dixit
1380 546 1514 585 Oxum
1535 547 1716 586 eumdem

258 607 428 645 fluvium
457 618 562 655 esse,
591 618 708 655 quem
727 605 875 644 Arabes
895 604 1111 643 Gichonem
1129 610 1295 654 vocant,
1325 604 1416 655 qui,
1438 608 1484 641 ut
1502 608 1641 642 auctor
1657 609 1717 642 est

261 662 476 712 Abulseda,
506 659 555 699 ut
573 662 788 713 plurimum
811 663 860 700 ab
883 667 977 700 ortu
990 661 1034 699 in
1049 674 1229 700 occasum
1244 660 1348 699 fluit.
1408 658 1717 698 Mauranaharae

260 719 490 784 metropolis
518 717 595 756 suit
621 718 917 767 Samerkanda,
947 718 1224 766 Sultanorum,
1254 730 1300 755 ac
1327 716 1490 755 Temiris
1508 715 1630 768 ipsius
1648 728 1719 755 re-

260 777 343 827 gia,
372 774 761 839 protendebaturque
793 789 838 813 ea
870 774 1074 826 provincia
1101 774 1153 812 ad
1177 774 1298 812 alium
1314 773 1502 822 fluvium,
1531 785 1647 823 quem
1666 772 1719 810 ad

260 832 576 885 Septentrionem
599 830 641 869 in
660 845 768 870 mare
789 833 971 883 Caspium
992 831 1100 869 illabi
1121 831 1314 880 diximus,
1345 829 1540 868 Arabibus
1557 828 1718 879 Sichon,

260 889 302 927 in
325 888 468 927 tabulis
485 888 691 940 geograph.
706 889 843 927 Clzezel
859 893 1146 939 nuncupatum.
1174 901 1251 938 qua
1269 899 1389 939 porro
1405 885 1552 924 fluvius
1562 884 1719 924 Ghaion

260 958 331 983 seu
367 945 520 983 Gichon
548 945 591 982 in
619 958 726 983 mare
755 946 936 996 Caspium
964 944 1111 994 effluit,
1153 958 1198 982 ea
1228 942 1477 995 protenditur
1502 941 1719 993 provincia,

262 1015 379 1052 quam
407 1002 744 1039 Clzowaresmiam
768 1007 886 1041 vocat
906 1001 1113 1048 Abulfeda,
1147 1001 1407 1039 Clzousarzam
1426 997 1626 1037 Achamed
1644 1011 1684 1036 n.
1691 1000 1719 1040 8

262 1064 302 1095 et
334 1058 444 1107 alibi,
480 1057 810 1095 Clzowarasmam
843 1057 1132 1096 El—Macinusl.
1151 1061 1170 1097 1
1198 1070 1229 1095 c.
1252 1059 1324 1105 13,
1352 1048 1600 1094 Chorosanae
1622 1067 1721 1092 con-

261 1113 393 1164 tigua,
424 1113 532 1164 quod
564 1113 679 1150 etiam
711 1119 880 1151 testatur
909 1113 1124 1152 Alde1isius
1153 1115 1180 1155 8
1199 1118 1302 1164 part.
1325 1112 1428 1152 clim.
1454 1111 1507 1160 4,
1535 1124 1587 1149 ex
1608 1110 1721 1149 cuius

261 1170 421 1207 nomine
455 1182 562 1208 mare
595 1170 800 1221 Caspium,
833 1169 940 1219 quod
975 1169 1101 1207 eidem
1128 1168 1353 1207 Achamedo
1375 1168 1401 1206 l.
1422 1171 1447 1209 3
1466 1181 1505 1206 n.
1529 1170 1579 1208 11
1609 1180 1724 1205 mare

122 1230 150 1264 P
173 1231 242 1266 202
269 1227 433 1266 Calzam
469 1226 637 1274 dicitur,
676 1227 724 1263 ab
755 1225 948 1264 Abulfeda
974 1231 1012 1263 et
1036 1239 1059 1263 a
1085 1225 1297 1277 praedictis
1321 1223 1578 1275 scriptoribus
1603 1224 1723 1262 lacus

267 1282 595 1321 Clzowarazmiae
621 1288 886 1335 nuncupatur.
942 1282 1011 1320 sed
1035 1288 1075 1320 et
1102 1282 1184 1334 ipse
1200 1281 1348 1320 fluvius
1367 1279 1543 1331 Gichon,
1578 1280 1723 1329 Cobar,

262 1351 332 1377 seu
366 1339 510 1377 Cowar
540 1339 758 1391 appellatur
787 1353 810 1376 a
840 1338 960 1391 Tyrio
985 1339 1012 1375 l.
1038 1342 1060 1380 1
1089 1351 1121 1377 c.
1143 1342 1185 1381 7.
1241 1336 1409 1389 proinde
1445 1336 1519 1374 erit
1551 1335 1724 1385 Gichon,

265 1395 398 1434 Gilzon
415 1402 454 1434 et
476 1395 638 1434 Glzaion
656 1395 871 1445 Arabibus‚
901 1395 967 1445 quj
986 1392 1159 1433 Graecis'
1159 1392 1201 1435 'A
1203 1395 1312 1448 ραξις
1329 1391 1385 1431 et’
1385 1390 1515 1442 Ὀξος,
1541 1392 1595 1431 de
1612 1393 1724 1432 cuius

262 1451 433 1491 decursu
451 1458 489 1490 et
506 1453 775 1503 magnitudine
793 1452 986 1490 nonnulla
1003 1451 1152 1489 habent
1166 1450 1415 1490 Beniaminus
1433 1448 1572 1489 Tudel.
1591 1455 1631 1487 et
1651 1447 1725 1487 Al-

264 1508 428 1547 derisius
445 1523 483 1558 p
507 1511 599 1557 138,
624 1511 704 1550 196
726 1515 766 1547 et
782 1511 876 1550 212.
916 1508 1008 1547 vide
1025 1508 1257 1546 Salmasium
1278 1507 1330 1545 ad
1349 1505 1526 1544 Solinum
1545 1519 1583 1557 p.
1603 1509 1725 1547 1201.

374 1577 412 1615 p.
442 1567 497 1605 27
529 1577 570 1606 v.
599 1563 661 1604 14.
729 1565 1052 1615 δυσανασχετῶν]
1102 1564 1269 1615 Contigit
1305 1562 1382 1601 hoc
1411 1561 1603 1613 praelium
1631 1574 1725 1599 cum

263 1619 428 1658 Masudo
465 1633 535 1658 seu
572 1619 785 1671 Masgudo‚
834 1632 950 1670 quem
991 1620 1164 1671 parentis
1208 1619 1367 1658 nomine
1417 1617 1569 1656 donant
1603 1617 1723 1668 vulgo

264 1676 404 1713 Graeci
435 1677 664 1727 scriptores,
702 1676 745 1717 A.
770 1676 866 1727 Heg.
895 1676 996 1725 482,
1027 1675 1176 1713 Christi
1199 1675 1328 1719 1040,
1356 1679 1404 1712 ut
1422 1679 1561 1712 auctor
1577 1679 1638 1712 est
1654 1673 1724 1712 El-

262 1732 451 1770 Macinus.

375 1800 415 1840 p.
436 1790 489 1829 28
512 1801 551 1827 v.
569 1791 637 1830 20.
697 1783 787 1827 ἀλλ’
819 1787 862 1828 οἵ
892 1784 989 1838 μὲν]
1019 1787 1075 1824 De
1104 1792 1232 1826 morte
1262 1791 1302 1824 et
1331 1784 1441 1823 clade
1465 1784 1642 1836 Masudi,
1669 1786 1725 1824 sic

265 1843 370 1882 idem
396 1844 642 1883 El-Macinus
656 1842 703 1882 A.
724 1843 904 1895 proxime
927 1843 1122 1893 sequenti:
1152 1842 1286 1881 eodem
1316 1855 1423 1879 anno
1454 1843 1612 1879 occisus
1626 1843 1725 1892 fuit

258 1903 448 1952 princeps·
466 1898 670 1938 Masadas
685 1900 810 1950 filius·
829 1898 1068 1950 Mahmudi,
1086 1899 1178 1950 filii
1196 1898 1465 1938 Sabuetakini
1490 1900 1599 1950 regia
1621 1898 1724 1938 Cho-

268 1971 466 2003 rosanae,
496 1955 658 2005 Indiae,
687 1963 724 1993 et
751 1956 1110 2006 Mauranaharae,
1140 1957 1213 2007 qui
1230 1955 1322 2006 fuit
1343 1955 1550 2006 rexsbrtis
1569 1962 1606 1993 et
1621 1962 1725 1993 stre·-

267 2028 397 2062 nuus,
423 2015 582 2065 peritus
609 2012 812 2063 bellandi,
841 2026 891 2050 ac
917 2013 1008 2050 bene
1040 2026 1180 2064 regens
1207 2010 1391 2050 subditos·
1407 2025 1504 2048 suos
1522 2018 1644 2063 atque
1665 2025 1726 2049 re-

263 2071 428 2121 gione-3,
469 2077 505 2107 et
536 2071 727 2107 successit
753 2071 789 2107 ei
807 2070 942 2119 frater
971 2071 1057 2107 eius
1083 2070 1301 2120 imperator
1322 2066 1585 2106 Muhammed
1599 2067 1726 2120 filim

267 2124 498 2163 Malzmudi.
555 2139 675 2177 porro
707 2126 776 2176 qui
804 2125 933 2164 Cabiri
953 2126 1149 2177 Bryennio
1171 2125 1237 2163 hic
1257 2130 1296 2163 et
1313 2124 1506 2176 Scylitzae
1525 2124 1724 2174 dicuntur,

268 2181 456 2220 videntur
471 2181 592 2218 iidem
613 2194 703 2219 cum
721 2182 896 2230 Gabaris,
924 2182 1079 2234 populis
1097 2182 1293 2230 videlicet,
1323 2180 1462 2219 Turcis
1481 2179 1724 2232 Septentrio-—

268 2238 424 2276 nalibus
458 2237 730 2286 conterminis,
760 2252 851 2276 cum
885 2239 1026 2288 quibus
1058 2238 1101 2276 in
1123 2238 1319 2277 Persidem
1349 2238 1454 2275 forte
1472 2236 1726 2279 transierant.

269 2293 414 2333 horum
433 2293 610 2331 meminit
630 2293 910 2332 Constantinus
929 2294 1075 2344 Porph.
1099 2294 1148 2333 de
1165 2294 1280 2333 Adm.
1296 2294 1390 2345 imp.
1411 2306 1444 2331 c.
1464 2295 1530 2333 39.
1763 2335 1770 2341 .

381 2364 421 2401 P.
439 2353 494 2393 29
514 2362 555 2389 v.
570 2353 639 2391 20.
697 2348 937 2400 σουλτοὶνον]
967 2351 1066 2389 Vide
1084 2351 1394 2389 dissertationem
1409 2354 1585 2387 nostram
1603 2350 1656 2390 16
1673 2348 1726 2387 ad

271 2405 492 2445 Ioinvillam
504 2435 514 2454 ‚
550 2406 620 2443 ubi
636 2406 767 2444 locum
784 2405 894 2444 hunc
909 2406 1097 2458 Bryennii
1118 2407 1296 2458 pluribus
1320 2405 1586 2457 expendimus.

382 2476 422 2513 p.
447 2465 501 2504 30
518 2476 561 2500 v.
587 2465 652 2504 16.
713 2460 1010 2515 Πισσασύριον]
1039 2463 1133 2501 Fuit
1165 2463 1230 2501 ille
1259 2462 1408 2514 origine
1428 2467 1466 2499 et
1483 2465 1596 2511 gente
1618 2460 1724 2499 Tur-

273 2530 363 2567 cus,
391 2524 640 2568 vocaturque
664 2519 712 2556 ab
735 2519 978 2569 El-Macino,
1008 2520 1223 2557 Rustanus
1237 2519 1514 2557 Abullmritus
1530 2516 1724 2568 ‚Mutaffi-

273 2587 367 2622 rus,
398 2580 653 2625 cognomento
670 2578 949 2625 Basasareus,
981 2582 1021 2613 et
1038 2576 1079 2614 in
1100 2575 1294 2614 Chronico
1316 2572 1505 2613 Orientali
1525 2573 1573 2611 ab
1593 2571 1723 2611 Abra-

271 2628 390 2667 hamo
417 2630 633 2668 Echellensi
664 2632 789 2681 edito,
819 2633 1066 2681 Basasiras,
1095 2645 1145 2670 ex
1170 2646 1248 2683 quo
1268 2631 1565 2679 Fissus-syrium
1588 2630 1724 2668 conse-

274 2691 415 2723 cerunt
431 2686 650 2736 Bryennius
671 2694 711 2725 et
732 2689 929 2739 Scylitzes.
985 2689 1018 2726 is
1031 2689 1073 2727 in
1089 2689 1255 2736 Geraca,
1284 2699 1352 2725 seu
1368 2685 1563 2723 Chaldaea
1581 2691 1723 2737 potens

273 2742 417 2791 factus,
446 2743 720 2793 prosperisque
745 2745 867 2782 elatus
892 2758 1024 2783 rerum
1048 2745 1308 2790 successibus,
1336 2742 1534 2793 regionem
1552 2755 1634 2780 non
1649 2754 1722 2780 suo

276 2797 473 2836 duntaxat
502 2798 665 2836 asseruit
694 2800 878 2851 imperio,
909 2801 976 2838 sed
1003 2807 1043 2838 et
1069 2800 1259 2838 Arabibus
1280 2805 1320 2837 et
1344 2798 1543 2837 Saracenis
1568 2804 1723 2837 terrore

274 2853 451 2906 incusso,
482 2867 703 2907 supremam
718 2856 759 2893 in
779 2856 1013 2906 Boiitarum,
1045 2869 1212 2907 quorum
1237 2869 1331 2895 mox
1347 2855 1527 2906 memini,
1554 2853 1722 2908 provin-
