<?xml version="1.0" encoding="UTF-8"?>
<!DOCTYPE html PUBLIC "-//W3C//DTD XHTML 1.0 Transitional//EN"
    "http://www.w3.org/TR/xhtml1/DTD/xhtml1-transitional.dtd">
<html xmlns="http://www.w3.org/1999/xhtml" xml:lang="en" lang="en">
 <head>
  <title>
</title>
<meta http-equiv="Content-Type" content="text/html;charset=utf-8" />
  <meta name='ocr-system' content='tesseract 3.04.00' />
  <meta name='ocr-capabilities' content='ocr_page ocr_carea ocr_par ocr_line ocrx_word'/>
</head>
<body>
  <div class='ocr_page' id='page_1' title='image "./corpusscriptorum26niebuoft_0217.png"; bbox 0 0 1878 3262; ppageno 0'>
   <div class='ocr_carea' id='block_1_1' title="bbox 649 210 1672 260">
    <p class='ocr_par' dir='ltr' id='par_1_1' title="bbox 649 210 1672 260">
     <span class='ocr_line' id='line_1_1' title="bbox 649 210 1672 260; baseline 0.006 -6"><span class='ocrx_word' id='word_1_1' title='bbox 649 210 1042 256; x_wconf 84' lang='lat' dir='ltr'><strong>HISTORIARUM</strong></span> <span class='ocrx_word' id='word_1_2' title='bbox 1073 214 1121 256; x_wconf 89' lang='lat' dir='ltr'><strong>L.</strong></span> <span class='ocrx_word' id='word_1_3' title='bbox 1154 213 1220 256; x_wconf 86' lang='lat' dir='ltr'><strong>IV</strong></span> <span class='ocrx_word' id='word_1_4' title='bbox 1220 244 1232 256; x_wconf 88' lang='lat'><strong><em>.</em></strong></span> <span class='ocrx_word' id='word_1_5' title='bbox 1579 214 1672 260; x_wconf 89' lang='grc'><strong>185</strong></span> 
     </span>
    </p>
   </div>
   <div class='ocr_carea' id='block_1_2' title="bbox 146 323 1817 1825">
    <p class='ocr_par' dir='ltr' id='par_1_2' title="bbox 217 323 1817 385">
     <span class='ocr_line' id='line_1_2' title="bbox 217 323 1817 385; baseline 0.006 -18"><span class='ocrx_word' id='word_1_6' title='bbox 217 328 288 367; x_wconf 87' lang='grc' dir='ltr'><strong>λον</strong></span> <span class='ocrx_word' id='word_1_7' title='bbox 302 325 500 366; x_wconf 81' lang='grc' dir='ltr'>διοικοῒτο.</span> <span class='ocrx_word' id='word_1_8' title='bbox 543 325 610 366; x_wconf 81' lang='grc' dir='ltr'><strong>καὶ</strong></span> <span class='ocrx_word' id='word_1_9' title='bbox 629 323 680 366; x_wconf 78' lang='grc' dir='ltr'>τὰ</span> <span class='ocrx_word' id='word_1_10' title='bbox 698 325 771 379; x_wconf 76' lang='grc' dir='ltr'>μὲν</span> <span class='ocrx_word' id='word_1_11' title='bbox 789 326 893 368; x_wconf 82' lang='grc' dir='ltr'>κατὰ</span> <span class='ocrx_word' id='word_1_12' title='bbox 910 326 980 369; x_wconf 86' lang='grc' dir='ltr'>τὸν</span> <span class='ocrx_word' id='word_1_13' title='bbox 1001 325 1214 385; x_wconf 73' lang='grc' dir='ltr'>Θεόδωρον</span> <span class='ocrx_word' id='word_1_14' title='bbox 1231 328 1326 384; x_wconf 79' lang='grc' dir='ltr'>τῇὁε</span> <span class='ocrx_word' id='word_1_15' title='bbox 1343 327 1550 371; x_wconf 74' lang='grc' dir='ltr'><strong>συνέπεσε·</strong></span> <span class='ocrx_word' id='word_1_16' title='bbox 1583 327 1674 373; x_wconf 85' lang='grc' dir='ltr'>τότε</span> <span class='ocrx_word' id='word_1_17' title='bbox 1694 340 1726 376; x_wconf 89' lang='lat' dir='ltr'>P</span> <span class='ocrx_word' id='word_1_18' title='bbox 1751 341 1817 377; x_wconf 85' lang='lat'><strong>107</strong></span> 
     </span>
    </p>

    <p class='ocr_par' dir='ltr' id='par_1_3' title="bbox 217 389 1676 455">
     <span class='ocr_line' id='line_1_3' title="bbox 217 389 1676 455; baseline 0.003 -20"><span class='ocrx_word' id='word_1_19' title='bbox 217 394 262 435; x_wconf 75' lang='grc' dir='ltr'><strong>δὲ</strong></span> <span class='ocrx_word' id='word_1_20' title='bbox 279 392 343 435; x_wconf 78' lang='grc' dir='ltr'>καὶ</span> <span class='ocrx_word' id='word_1_21' title='bbox 361 392 403 432; x_wconf 93' lang='grc' dir='ltr'>Γ</span> <span class='ocrx_word' id='word_1_22' title='bbox 399 389 563 448; x_wconf 77' lang='grc' dir='ltr'>εώργιος</span> <span class='ocrx_word' id='word_1_23' title='bbox 581 391 602 434; x_wconf 84' lang='grc' dir='ltr'>ὁ</span> <span class='ocrx_word' id='word_1_24' title='bbox 621 398 701 436; x_wconf 78' lang='grc' dir='ltr'>τῶν</span> <span class='ocrx_word' id='word_1_25' title='bbox 718 399 937 449; x_wconf 80' lang='grc' dir='ltr'><em>βασιλικῶν</em></span> <span class='ocrx_word' id='word_1_26' title='bbox 951 394 1130 451; x_wconf 76' lang='grc' dir='ltr'>ἐξάρχων</span> <span class='ocrx_word' id='word_1_27' title='bbox 1153 401 1383 439; x_wconf 81' lang='grc' dir='ltr'><strong><em>σαλπιστῶν</em></strong></span> <span class='ocrx_word' id='word_1_28' title='bbox 1391 429 1405 449; x_wconf 83' lang='grc'>,</span> <span class='ocrx_word' id='word_1_29' title='bbox 1447 396 1492 439; x_wconf 77' lang='grc' dir='ltr'><strong>ὃν</strong></span> <span class='ocrx_word' id='word_1_30' title='bbox 1513 397 1562 452; x_wconf 81' lang='grc' dir='ltr'><strong>δὴ</strong></span> <span class='ocrx_word' id='word_1_31' title='bbox 1581 415 1676 455; x_wconf 87' lang='grc' dir='ltr'>πρι-</span> 
     </span>
    </p>

    <p class='ocr_par' dir='ltr' id='par_1_4' title="bbox 214 457 1678 524">
     <span class='ocr_line' id='line_1_4' title="bbox 214 457 1678 524; baseline 0.004 -22"><span class='ocrx_word' id='word_1_32' title='bbox 214 457 399 517; x_wconf 80' lang='grc' dir='ltr'>μικήριον</span> <span class='ocrx_word' id='word_1_33' title='bbox 429 465 501 515; x_wconf 85' lang='grc' dir='ltr'>τῆς</span> <span class='ocrx_word' id='word_1_34' title='bbox 531 462 657 517; x_wconf 77' lang='grc' dir='ltr'>αὐλῆς</span> <span class='ocrx_word' id='word_1_35' title='bbox 678 462 775 513; x_wconf 69' lang='grc' dir='ltr'>ἔθος</span> <span class='ocrx_word' id='word_1_36' title='bbox 793 462 998 518; x_wconf 74' lang='grc' dir='ltr'>ὀνομάζειν</span> <span class='ocrx_word' id='word_1_37' title='bbox 1017 466 1144 517; x_wconf 73' lang='grc' dir='ltr'>ἐστίν,</span> <span class='ocrx_word' id='word_1_38' title='bbox 1182 466 1384 520; x_wconf 73' lang='grc' dir='ltr'>ἐπίκλησιν</span> <span class='ocrx_word' id='word_1_39' title='bbox 1401 465 1678 524; x_wconf 81' lang='grc' dir='ltr'>Πυρρογεώρ-</span> 
     </span>
    </p>

    <p class='ocr_par' dir='ltr' id='par_1_5' title="bbox 181 528 1675 659">
     <span class='ocr_line' id='line_1_5' title="bbox 214 528 1675 591; baseline 0.005 -22"><span class='ocrx_word' id='word_1_40' title='bbox 214 545 320 584; x_wconf 76' lang='grc' dir='ltr'>γιος,</span> <span class='ocrx_word' id='word_1_41' title='bbox 359 528 432 570; x_wconf 74' lang='grc' dir='ltr'><strong>οὔκ</strong></span> <span class='ocrx_word' id='word_1_42' title='bbox 456 530 519 572; x_wconf 71' lang='grc' dir='ltr'>ἐπὶ</span> <span class='ocrx_word' id='word_1_43' title='bbox 551 539 710 587; x_wconf 78' lang='grc' dir='ltr'><strong><em>μικροῖς</em></strong></span> <span class='ocrx_word' id='word_1_44' title='bbox 735 533 801 573; x_wconf 79' lang='grc' dir='ltr'><strong>καὶ</strong></span> <span class='ocrx_word' id='word_1_45' title='bbox 832 532 954 582; x_wconf 74' lang='grc' dir='ltr'>αὐτὸς</span> <span class='ocrx_word' id='word_1_46' title='bbox 979 537 1145 585; x_wconf 87' lang='grc' dir='ltr'>βασιλεῖ</span> <span class='ocrx_word' id='word_1_47' title='bbox 1166 534 1498 591; x_wconf 80' lang='grc' dir='ltr'>προσκεκρουκὼς</span> <span class='ocrx_word' id='word_1_48' title='bbox 1519 534 1615 577; x_wconf 74' lang='grc' dir='ltr'>ἵλεώ</span> <span class='ocrx_word' id='word_1_49' title='bbox 1632 553 1675 578; x_wconf 85' lang='grc' dir='ltr'><strong>τε.</strong></span> 
     </span>
     <span class='ocr_line' id='line_1_6' title="bbox 181 591 1675 659; baseline 0.003 -17"><span class='ocrx_word' id='word_1_50' title='bbox 181 591 338 647; x_wconf 73' lang='grc' dir='ltr'>5αῧθις</span> <span class='ocrx_word' id='word_1_51' title='bbox 363 596 572 654; x_wconf 77' lang='grc' dir='ltr'><strong><em>τετύχηκεν</em></strong></span> <span class='ocrx_word' id='word_1_52' title='bbox 591 600 718 642; x_wconf 76' lang='grc' dir='ltr'>αὐτοῦ</span> <span class='ocrx_word' id='word_1_53' title='bbox 741 602 807 642; x_wconf 83' lang='grc' dir='ltr'><strong>καὶ</strong></span> <span class='ocrx_word' id='word_1_54' title='bbox 828 600 950 658; x_wconf 76' lang='grc' dir='ltr'>ἄχαρι</span> <span class='ocrx_word' id='word_1_55' title='bbox 969 600 1068 643; x_wconf 76' lang='grc' dir='ltr'>ἄλλο</span> <span class='ocrx_word' id='word_1_56' title='bbox 1089 602 1163 655; x_wconf 73' lang='grc' dir='ltr'>μὲν</span> <span class='ocrx_word' id='word_1_57' title='bbox 1180 603 1295 645; x_wconf 76' lang='grc' dir='ltr'>οὐδὲν</span> <span class='ocrx_word' id='word_1_58' title='bbox 1313 601 1522 646; x_wconf 74' lang='grc' dir='ltr'>ἐπεπόνθει</span> <span class='ocrx_word' id='word_1_59' title='bbox 1540 603 1614 659; x_wconf 85' lang='grc' dir='ltr'>τὴν</span> <span class='ocrx_word' id='word_1_60' title='bbox 1630 605 1675 646; x_wconf 78' lang='grc' dir='ltr'><strong>δὲ</strong></span> 
     </span>
    </p>

    <p class='ocr_par' dir='ltr' id='par_1_6' title="bbox 212 665 801 723">
     <span class='ocr_line' id='line_1_7' title="bbox 212 665 801 723; baseline 0.005 -15"><span class='ocrx_word' id='word_1_61' title='bbox 212 665 341 723; x_wconf 78' lang='grc' dir='ltr'>ἀρχὴν</span> <span class='ocrx_word' id='word_1_62' title='bbox 359 666 623 723; x_wconf 75' lang='grc' dir='ltr'><em>ἀποβεβλήκει</em></span> <span class='ocrx_word' id='word_1_63' title='bbox 640 667 801 723; x_wconf 81' lang='grc' dir='ltr'>ταύτην.</span> 
     </span>
    </p>

    <p class='ocr_par' dir='ltr' id='par_1_7' title="bbox 211 736 1724 934">
     <span class='ocr_line' id='line_1_8' title="bbox 350 736 1677 795; baseline 0.002 -15"><span class='ocrx_word' id='word_1_64' title='bbox 350 736 428 780; x_wconf 82' lang='lat'><strong>20.</strong></span> <span class='ocrx_word' id='word_1_65' title='bbox 486 737 687 788; x_wconf 75' lang='grc' dir='ltr'>Βασιλεὺς</span> <span class='ocrx_word' id='word_1_66' title='bbox 705 738 748 780; x_wconf 77' lang='grc' dir='ltr'><strong>δὲ</strong></span> <span class='ocrx_word' id='word_1_67' title='bbox 766 737 970 795; x_wconf 74' lang='grc' dir='ltr'>προσιέναι</span> <span class='ocrx_word' id='word_1_68' title='bbox 986 737 1055 780; x_wconf 82' lang='grc' dir='ltr'>τὸν</span> <span class='ocrx_word' id='word_1_69' title='bbox 1075 736 1177 795; x_wconf 81' lang='grc' dir='ltr'><strong>ῥῆγα</strong></span> <span class='ocrx_word' id='word_1_70' title='bbox 1194 737 1345 792; x_wconf 74' lang='grc' dir='ltr'>μαθὼν</span> <span class='ocrx_word' id='word_1_71' title='bbox 1366 738 1507 782; x_wconf 74' lang='grc' dir='ltr'>ἄλλοτε</span> <span class='ocrx_word' id='word_1_72' title='bbox 1528 739 1677 791; x_wconf 71' lang='grc' dir='ltr'>ἄλλους</span> 
     </span>
     <span class='ocr_line' id='line_1_9' title="bbox 211 802 1676 864; baseline 0.004 -18"><span class='ocrx_word' id='word_1_73' title='bbox 211 807 292 846; x_wconf 76' lang='grc' dir='ltr'>τῶν</span> <span class='ocrx_word' id='word_1_74' title='bbox 319 803 382 846; x_wconf 68' lang='grc' dir='ltr'>ἐπὶ</span> <span class='ocrx_word' id='word_1_75' title='bbox 413 802 532 860; x_wconf 74' lang='grc' dir='ltr'>δόξης</span> <span class='ocrx_word' id='word_1_76' title='bbox 556 811 842 863; x_wconf 79' lang='grc' dir='ltr'>προσυπαντᾶν</span> <span class='ocrx_word' id='word_1_77' title='bbox 861 807 973 864; x_wconf 71' lang='grc' dir='ltr'>αὐτῷ</span> <span class='ocrx_word' id='word_1_78' title='bbox 993 806 1138 860; x_wconf 72' lang='grc' dir='ltr'>ἴπεμπε</span> <span class='ocrx_word' id='word_1_79' title='bbox 1166 809 1232 848; x_wconf 80' lang='grc' dir='ltr'><strong>καὶ</strong></span> <span class='ocrx_word' id='word_1_80' title='bbox 1259 807 1319 848; x_wconf 78' lang='grc' dir='ltr'>ἀεὶ</span> <span class='ocrx_word' id='word_1_81' title='bbox 1337 808 1433 857; x_wconf 75' lang='grc' dir='ltr'>τοὺς</span> <span class='ocrx_word' id='word_1_82' title='bbox 1451 809 1676 860; x_wconf 76' lang='grc' dir='ltr'>ἐπιδοξοτέ-</span> 
     </span>
     <span class='ocr_line' id='line_1_10' title="bbox 213 871 1724 934; baseline 0.005 -20"><span class='ocrx_word' id='word_1_83' title='bbox 213 889 310 928; x_wconf 88' lang='grc' dir='ltr'>ρους</span> <span class='ocrx_word' id='word_1_84' title='bbox 325 871 490 916; x_wconf 84' lang='grc' dir='ltr'><strong>κατόπιν</strong></span> <span class='ocrx_word' id='word_1_85' title='bbox 510 873 603 931; x_wconf 77' lang='grc' dir='ltr'>ἄχρι</span> <span class='ocrx_word' id='word_1_86' title='bbox 622 877 689 917; x_wconf 85' lang='grc' dir='ltr'><strong>καὶ</strong></span> <span class='ocrx_word' id='word_1_87' title='bbox 708 880 788 917; x_wconf 80' lang='grc' dir='ltr'>τῶν</span> <span class='ocrx_word' id='word_1_88' title='bbox 808 876 873 917; x_wconf 73' lang='grc' dir='ltr'>ἐπ’</span> <span class='ocrx_word' id='word_1_89' title='bbox 897 876 1134 933; x_wconf 77' lang='grc' dir='ltr'>ἅδελφιδαῖς</span> <span class='ocrx_word' id='word_1_90' title='bbox 1154 876 1264 934; x_wconf 77' lang='grc' dir='ltr'>αὐτῷ</span> <span class='ocrx_word' id='word_1_91' title='bbox 1280 881 1500 933; x_wconf 78' lang='grc' dir='ltr'>γαμβρῶν,</span> <span class='ocrx_word' id='word_1_92' title='bbox 1526 895 1670 934; x_wconf 86' lang='grc' dir='ltr'>προσε-</span> <span class='ocrx_word' id='word_1_93' title='bbox 1693 881 1724 916; x_wconf 90' lang='grc' dir='ltr'><strong>Β</strong></span> 
     </span>
    </p>

    <p class='ocr_par' dir='ltr' id='par_1_8' title="bbox 158 942 1682 1277">
     <span class='ocr_line' id='line_1_11' title="bbox 158 942 1679 1002; baseline 0.002 -17"><span class='ocrx_word' id='word_1_94' title='bbox 158 950 204 985; x_wconf 92' lang='grc'><strong>10</strong></span> <span class='ocrx_word' id='word_1_95' title='bbox 212 945 384 997; x_wconf 83' lang='grc' dir='ltr'>ροῦντας</span> <span class='ocrx_word' id='word_1_96' title='bbox 403 942 524 984; x_wconf 79' lang='grc' dir='ltr'>αὐτὸν</span> <span class='ocrx_word' id='word_1_97' title='bbox 542 945 609 984; x_wconf 82' lang='grc' dir='ltr'><strong>καὶ</strong></span> <span class='ocrx_word' id='word_1_98' title='bbox 628 943 680 986; x_wconf 81' lang='grc' dir='ltr'>τὰ</span> <span class='ocrx_word' id='word_1_99' title='bbox 698 942 830 986; x_wconf 83' lang='grc' dir='ltr'>εῗκότα</span> <span class='ocrx_word' id='word_1_100' title='bbox 848 942 1092 998; x_wconf 75' lang='grc' dir='ltr'>τιμήσοντας</span> <span class='ocrx_word' id='word_1_101' title='bbox 1102 977 1116 996; x_wconf 83' lang='grc'>,</span> <span class='ocrx_word' id='word_1_102' title='bbox 1151 946 1226 994; x_wconf 69' lang='grc' dir='ltr'><strong>ἕως</strong></span> <span class='ocrx_word' id='word_1_103' title='bbox 1242 946 1342 1002; x_wconf 69' lang='grc' dir='ltr'>παρ’</span> <span class='ocrx_word' id='word_1_104' title='bbox 1367 945 1489 987; x_wconf 79' lang='grc' dir='ltr'>αὐτὸν</span> <span class='ocrx_word' id='word_1_105' title='bbox 1506 947 1679 1000; x_wconf 79' lang='grc' dir='ltr'>βασιλέα</span> 
     </span>
     <span class='ocr_line' id='line_1_12' title="bbox 209 1003 1679 1070; baseline 0.003 -19"><span class='ocrx_word' id='word_1_106' title='bbox 209 1003 350 1064; x_wconf 68' lang='grc' dir='ltr'>ἦλθεν.</span> <span class='ocrx_word' id='word_1_107' title='bbox 419 1009 441 1053; x_wconf 80' lang='grc' dir='ltr'><em>ὃ</em></span> <span class='ocrx_word' id='word_1_108' title='bbox 468 1012 541 1064; x_wconf 70' lang='grc' dir='ltr'>μὲν</span> <span class='ocrx_word' id='word_1_109' title='bbox 573 1006 644 1054; x_wconf 72' lang='grc' dir='ltr'><strong>οὖν</strong></span> <span class='ocrx_word' id='word_1_110' title='bbox 675 1012 802 1063; x_wconf 82' lang='grc' dir='ltr'>οὕτως</span> <span class='ocrx_word' id='word_1_111' title='bbox 821 1013 942 1063; x_wconf 79' lang='grc' dir='ltr'>ἀξίως</span> <span class='ocrx_word' id='word_1_112' title='bbox 960 1017 1033 1054; x_wconf 82' lang='grc' dir='ltr'>τοῦ</span> <span class='ocrx_word' id='word_1_113' title='bbox 1052 1014 1190 1067; x_wconf 81' lang='grc' dir='ltr'>Δαβὶὸ</span> <span class='ocrx_word' id='word_1_114' title='bbox 1211 1012 1365 1070; x_wconf 74' lang='grc' dir='ltr'>θρόνου</span> <span class='ocrx_word' id='word_1_115' title='bbox 1384 1016 1451 1056; x_wconf 87' lang='grc' dir='ltr'><strong>καὶ</strong></span> <span class='ocrx_word' id='word_1_116' title='bbox 1475 1015 1592 1068; x_wconf 71' lang='grc' dir='ltr'>ἐτίμα</span> <span class='ocrx_word' id='word_1_117' title='bbox 1611 1017 1679 1056; x_wconf 80' lang='grc' dir='ltr'><strong>καὶ</strong></span> 
     </span>
     <span class='ocr_line' id='line_1_13' title="bbox 211 1079 1680 1139; baseline 0.003 -20"><span class='ocrx_word' id='word_1_118' title='bbox 211 1079 408 1128; x_wconf 74' lang='grc' dir='ltr'>ἐδεξιοῦτο</span> <span class='ocrx_word' id='word_1_119' title='bbox 437 1080 506 1122; x_wconf 84' lang='grc' dir='ltr'>τὸν</span> <span class='ocrx_word' id='word_1_120' title='bbox 532 1079 774 1138; x_wconf 75' lang='grc' dir='ltr'>ἄνθρωπον·</span> <span class='ocrx_word' id='word_1_121' title='bbox 811 1080 832 1124; x_wconf 82' lang='grc' dir='ltr'><em>ὃ</em></span> <span class='ocrx_word' id='word_1_122' title='bbox 863 1082 906 1124; x_wconf 71' lang='grc' dir='ltr'><strong>δὲ</strong></span> <span class='ocrx_word' id='word_1_123' title='bbox 936 1081 1010 1124; x_wconf 72' lang='grc' dir='ltr'>εἴτε</span> <span class='ocrx_word' id='word_1_124' title='bbox 1042 1080 1200 1132; x_wconf 83' lang='grc' dir='ltr'><strong>τούτοις</strong></span> <span class='ocrx_word' id='word_1_125' title='bbox 1224 1084 1494 1139; x_wconf 72' lang='grc' dir='ltr'>κατεπαρθεὶς</span> <span class='ocrx_word' id='word_1_126' title='bbox 1515 1083 1590 1125; x_wconf 74' lang='grc' dir='ltr'>εἴτε</span> <span class='ocrx_word' id='word_1_127' title='bbox 1612 1084 1680 1124; x_wconf 80' lang='grc' dir='ltr'><strong>καὶ</strong></span> 
     </span>
     <span class='ocr_line' id='line_1_14' title="bbox 211 1146 1681 1207; baseline 0.004 -19"><span class='ocrx_word' id='word_1_128' title='bbox 211 1146 420 1204; x_wconf 76' lang='grc' dir='ltr'>ξύμφυτόν</span> <span class='ocrx_word' id='word_1_129' title='bbox 460 1166 550 1191; x_wconf 89' lang='grc' dir='ltr'>τινα</span> <span class='ocrx_word' id='word_1_130' title='bbox 585 1150 745 1206; x_wconf 74' lang='grc' dir='ltr'>τρέφων</span> <span class='ocrx_word' id='word_1_131' title='bbox 782 1150 1016 1203; x_wconf 79' lang='grc' dir='ltr'>ἅλαζονιάν,</span> <span class='ocrx_word' id='word_1_132' title='bbox 1055 1149 1263 1207; x_wconf 72' lang='grc' dir='ltr'>ἐπειδήπερ</span> <span class='ocrx_word' id='word_1_133' title='bbox 1292 1154 1347 1201; x_wconf 82' lang='grc' dir='ltr'>εἷς</span> <span class='ocrx_word' id='word_1_134' title='bbox 1373 1151 1446 1206; x_wconf 83' lang='grc' dir='ltr'>τὴν</span> <span class='ocrx_word' id='word_1_135' title='bbox 1475 1154 1681 1205; x_wconf 83' lang='grc' dir='ltr'>βασίλειον</span> 
     </span>
     <span class='ocr_line' id='line_1_15' title="bbox 210 1216 1682 1277; baseline 0.004 -21"><span class='ocrx_word' id='word_1_136' title='bbox 210 1219 422 1272; x_wconf 74' lang='grc' dir='ltr'>παρῆλθεν</span> <span class='ocrx_word' id='word_1_137' title='bbox 450 1216 578 1272; x_wconf 76' lang='grc' dir='ltr'>αὐλήν</span> <span class='ocrx_word' id='word_1_138' title='bbox 589 1250 602 1270; x_wconf 83' lang='grc'>,</span> <span class='ocrx_word' id='word_1_139' title='bbox 636 1216 715 1260; x_wconf 76' lang='grc' dir='ltr'>ὗπό</span> <span class='ocrx_word' id='word_1_140' title='bbox 734 1236 776 1261; x_wconf 88' lang='grc' dir='ltr'><strong>τε</strong></span> <span class='ocrx_word' id='word_1_141' title='bbox 793 1223 874 1262; x_wconf 81' lang='grc' dir='ltr'>τῶν</span> <span class='ocrx_word' id='word_1_142' title='bbox 891 1221 1108 1274; x_wconf 79' lang='grc' dir='ltr'>βασιλείων</span> <span class='ocrx_word' id='word_1_143' title='bbox 1135 1218 1373 1277; x_wconf 74' lang='grc' dir='ltr'>ῥαβδούχων</span> <span class='ocrx_word' id='word_1_144' title='bbox 1392 1222 1459 1262; x_wconf 83' lang='grc' dir='ltr'><strong>καὶ</strong></span> <span class='ocrx_word' id='word_1_145' title='bbox 1471 1218 1682 1275; x_wconf 83' lang='grc' dir='ltr'>Ῥωμαίων</span> 
     </span>
    </p>

    <p class='ocr_par' dir='ltr' id='par_1_9' title="bbox 157 1284 1681 1344">
     <span class='ocr_line' id='line_1_16' title="bbox 157 1284 1681 1344; baseline 0.005 -20"><span class='ocrx_word' id='word_1_146' title='bbox 157 1288 201 1324; x_wconf 85' lang='grc'><strong>15</strong></span> <span class='ocrx_word' id='word_1_147' title='bbox 211 1288 290 1326; x_wconf 82' lang='grc' dir='ltr'>τῶν</span> <span class='ocrx_word' id='word_1_148' title='bbox 320 1285 382 1326; x_wconf 71' lang='grc' dir='ltr'>ἐπὶ</span> <span class='ocrx_word' id='word_1_149' title='bbox 413 1284 535 1341; x_wconf 78' lang='grc' dir='ltr'>δόξης</span> <span class='ocrx_word' id='word_1_150' title='bbox 563 1286 929 1344; x_wconf 75' lang='grc' dir='ltr'>παραπεμπόμενος</span> <span class='ocrx_word' id='word_1_151' title='bbox 948 1290 1128 1330; x_wconf 73' lang='grc' dir='ltr'>ἐνταῦθα</span> <span class='ocrx_word' id='word_1_152' title='bbox 1145 1293 1218 1330; x_wconf 83' lang='grc' dir='ltr'>τοῦ</span> <span class='ocrx_word' id='word_1_153' title='bbox 1239 1290 1366 1330; x_wconf 72' lang='grc' dir='ltr'>ἵππου</span> <span class='ocrx_word' id='word_1_154' title='bbox 1386 1290 1538 1343; x_wconf 75' lang='grc' dir='ltr'>ἀπέβη,</span> <span class='ocrx_word' id='word_1_155' title='bbox 1578 1289 1681 1331; x_wconf 66' lang='grc' dir='ltr'>ἔνθα</span> 
     </span>
    </p>

    <p class='ocr_par' dir='ltr' id='par_1_10' title="bbox 146 1354 1799 1620">
     <span class='ocr_line' id='line_1_17' title="bbox 146 1354 1799 1414; baseline 0.001 -19"><span class='ocrx_word' id='word_1_156' title='bbox 146 1378 152 1383; x_wconf 71' lang='lat'><strong>,</strong></span> <span class='ocrx_word' id='word_1_157' title='bbox 210 1354 278 1395; x_wconf 84' lang='grc' dir='ltr'><strong>καὶ</strong></span> <span class='ocrx_word' id='word_1_158' title='bbox 299 1354 492 1407; x_wconf 75' lang='grc' dir='ltr'>βασιλεὺς</span> <span class='ocrx_word' id='word_1_159' title='bbox 516 1355 613 1398; x_wconf 74' lang='grc' dir='ltr'>αὐτὸ</span> <span class='ocrx_word' id='word_1_160' title='bbox 637 1364 762 1399; x_wconf 87' lang='grc' dir='ltr'>ποιεῖν</span> <span class='ocrx_word' id='word_1_161' title='bbox 790 1356 958 1400; x_wconf 75' lang='grc' dir='ltr'>εἴθιστο.</span> <span class='ocrx_word' id='word_1_162' title='bbox 1027 1357 1099 1414; x_wconf 74' lang='grc' dir='ltr'><strong>ἐφ’</strong></span> <span class='ocrx_word' id='word_1_163' title='bbox 1124 1355 1184 1407; x_wconf 74' lang='grc' dir='ltr'><strong>οἷς</strong></span> <span class='ocrx_word' id='word_1_164' title='bbox 1209 1357 1431 1414; x_wconf 76' lang='grc' dir='ltr'>ἀγερωχίαν</span> <span class='ocrx_word' id='word_1_165' title='bbox 1452 1358 1578 1400; x_wconf 76' lang='grc' dir='ltr'>αὐτοῦ</span> <span class='ocrx_word' id='word_1_166' title='bbox 1599 1375 1675 1400; x_wconf 85' lang='grc' dir='ltr'><strong>κα-</strong></span> <span class='ocrx_word' id='word_1_167' title='bbox 1698 1363 1732 1397; x_wconf 88' lang='lat' dir='ltr'>V</span> <span class='ocrx_word' id='word_1_168' title='bbox 1754 1361 1799 1398; x_wconf 82' lang='lat'><strong>84</strong></span> 
     </span>
     <span class='ocr_line' id='line_1_18' title="bbox 208 1422 1681 1482; baseline 0.003 -19"><span class='ocrx_word' id='word_1_169' title='bbox 208 1422 380 1477; x_wconf 78' lang='grc' dir='ltr'>ταγνοὺς</span> <span class='ocrx_word' id='word_1_170' title='bbox 396 1424 588 1476; x_wconf 76' lang='grc' dir='ltr'>βασιλεὺς</span> <span class='ocrx_word' id='word_1_171' title='bbox 606 1426 737 1466; x_wconf 83' lang='grc' dir='ltr'>πολλὰ</span> <span class='ocrx_word' id='word_1_172' title='bbox 754 1430 834 1468; x_wconf 85' lang='grc' dir='ltr'>τῶν</span> <span class='ocrx_word' id='word_1_173' title='bbox 851 1425 907 1467; x_wconf 66' lang='grc' dir='ltr'><strong>ἔτι</strong></span> <span class='ocrx_word' id='word_1_174' title='bbox 925 1429 1081 1480; x_wconf 81' lang='grc' dir='ltr'>μᾶλλον</span> <span class='ocrx_word' id='word_1_175' title='bbox 1099 1428 1154 1477; x_wconf 78' lang='grc' dir='ltr'>εἷς</span> <span class='ocrx_word' id='word_1_176' title='bbox 1171 1425 1289 1479; x_wconf 86' lang='grc' dir='ltr'>τιμὴν</span> <span class='ocrx_word' id='word_1_177' title='bbox 1307 1424 1492 1482; x_wconf 81' lang='grc' dir='ltr'>δρώντων</span> <span class='ocrx_word' id='word_1_178' title='bbox 1509 1428 1681 1468; x_wconf 74' lang='grc' dir='ltr'>ἐνέλιπεν</span> 
     </span>
     <span class='ocr_line' id='line_1_19' title="bbox 210 1490 1681 1551; baseline 0.003 -20"><span class='ocrx_word' id='word_1_179' title='bbox 210 1490 335 1548; x_wconf 74' lang='grc' dir='ltr'>αὐτῷ.</span> <span class='ocrx_word' id='word_1_180' title='bbox 406 1490 481 1534; x_wconf 74' lang='grc' dir='ltr'>εἶδε</span> <span class='ocrx_word' id='word_1_181' title='bbox 502 1493 546 1534; x_wconf 70' lang='grc' dir='ltr'><strong>δὲ</strong></span> <span class='ocrx_word' id='word_1_182' title='bbox 565 1491 675 1547; x_wconf 80' lang='grc' dir='ltr'>ὅμως</span> <span class='ocrx_word' id='word_1_183' title='bbox 695 1493 817 1536; x_wconf 76' lang='grc' dir='ltr'>αὐτὸν</span> <span class='ocrx_word' id='word_1_184' title='bbox 835 1496 902 1536; x_wconf 77' lang='grc' dir='ltr'><strong>καὶ</strong></span> <span class='ocrx_word' id='word_1_185' title='bbox 921 1501 1132 1551; x_wconf 80' lang='grc' dir='ltr'>προσεῖπεν</span> <span class='ocrx_word' id='word_1_186' title='bbox 1151 1495 1272 1550; x_wconf 69' lang='grc' dir='ltr'>ἕδραν</span> <span class='ocrx_word' id='word_1_187' title='bbox 1290 1496 1335 1536; x_wconf 80' lang='grc' dir='ltr'>τέ</span> <span class='ocrx_word' id='word_1_188' title='bbox 1351 1512 1440 1536; x_wconf 85' lang='grc' dir='ltr'>τινα</span> <span class='ocrx_word' id='word_1_189' title='bbox 1453 1495 1681 1549; x_wconf 67' lang='grc' dir='ltr'>χθαμαλὴν</span> 
     </span>
     <span class='ocr_line' id='line_1_20' title="bbox 210 1561 1730 1620; baseline 0.004 -20"><span class='ocrx_word' id='word_1_190' title='bbox 210 1561 428 1614; x_wconf 74' lang='grc' dir='ltr'>καθιζῆσαι</span> <span class='ocrx_word' id='word_1_191' title='bbox 459 1563 681 1619; x_wconf 75' lang='grc' dir='ltr'>παρέθετο,</span> <span class='ocrx_word' id='word_1_192' title='bbox 720 1564 974 1618; x_wconf 80' lang='grc' dir='ltr'>συνωμίλησέ</span> <span class='ocrx_word' id='word_1_193' title='bbox 988 1580 1030 1605; x_wconf 84' lang='grc' dir='ltr'><strong>τε</strong></span> <span class='ocrx_word' id='word_1_194' title='bbox 1047 1561 1241 1612; x_wconf 81' lang='grc' dir='ltr'>πολλάκις</span> <span class='ocrx_word' id='word_1_195' title='bbox 1258 1563 1369 1620; x_wconf 76' lang='grc' dir='ltr'>αὐτῷ</span> <span class='ocrx_word' id='word_1_196' title='bbox 1387 1565 1454 1604; x_wconf 83' lang='grc' dir='ltr'><strong>καὶ</strong></span> <span class='ocrx_word' id='word_1_197' title='bbox 1473 1566 1515 1605; x_wconf 75' lang='grc' dir='ltr'><strong>ἐν</strong></span> <span class='ocrx_word' id='word_1_198' title='bbox 1534 1579 1677 1606; x_wconf 84' lang='grc' dir='ltr'>συσσι-</span> <span class='ocrx_word' id='word_1_199' title='bbox 1699 1569 1730 1602; x_wconf 90' lang='lat' dir='ltr'>C</span> 
     </span>
    </p>

    <p class='ocr_par' dir='ltr' id='par_1_11' title="bbox 154 1629 1681 1825">
     <span class='ocr_line' id='line_1_21' title="bbox 154 1629 1681 1688; baseline 0.003 -20"><span class='ocrx_word' id='word_1_200' title='bbox 154 1629 284 1686; x_wconf 70' lang='grc' dir='ltr'>ΞΟτίῳ</span> <span class='ocrx_word' id='word_1_201' title='bbox 301 1629 540 1686; x_wconf 76' lang='grc' dir='ltr'>παρέλαβεν.</span> <span class='ocrx_word' id='word_1_202' title='bbox 598 1632 679 1673; x_wconf 74' lang='grc' dir='ltr'>ἐπεὶ</span> <span class='ocrx_word' id='word_1_203' title='bbox 699 1632 742 1673; x_wconf 81' lang='grc' dir='ltr'><strong>δὲ</strong></span> <span class='ocrx_word' id='word_1_204' title='bbox 760 1633 833 1673; x_wconf 71' lang='grc' dir='ltr'><strong>οὐκ</strong></span> <span class='ocrx_word' id='word_1_205' title='bbox 851 1630 1016 1688; x_wconf 70' lang='grc' dir='ltr'>ἤρεσκεν</span> <span class='ocrx_word' id='word_1_206' title='bbox 1028 1631 1240 1685; x_wconf 77' lang='grc' dir='ltr'>Ἀντιοχεῖς</span> <span class='ocrx_word' id='word_1_207' title='bbox 1257 1636 1338 1673; x_wconf 82' lang='grc' dir='ltr'>τῶν</span> <span class='ocrx_word' id='word_1_208' title='bbox 1348 1630 1548 1688; x_wconf 75' lang='grc' dir='ltr'>Ῥενάλὸῳ</span> <span class='ocrx_word' id='word_1_209' title='bbox 1568 1630 1681 1685; x_wconf 78' lang='grc' dir='ltr'>ὠμο-</span> 
     </span>
     <span class='ocr_line' id='line_1_22' title="bbox 209 1694 1681 1755; baseline 0.003 -18"><span class='ocrx_word' id='word_1_210' title='bbox 209 1698 438 1751; x_wconf 73' lang='grc' dir='ltr'>λογημὲνων</span> <span class='ocrx_word' id='word_1_211' title='bbox 455 1697 482 1752; x_wconf 80' lang='grc' dir='ltr'><em>ἥ</em></span> <span class='ocrx_word' id='word_1_212' title='bbox 502 1716 543 1741; x_wconf 88' lang='grc' dir='ltr'><strong>τε</strong></span> <span class='ocrx_word' id='word_1_213' title='bbox 563 1699 733 1754; x_wconf 77' lang='grc' dir='ltr'>δύναμις</span> <span class='ocrx_word' id='word_1_214' title='bbox 762 1701 865 1754; x_wconf 69' lang='grc' dir='ltr'>μεθ’</span> <span class='ocrx_word' id='word_1_215' title='bbox 885 1694 935 1755; x_wconf 69' lang='grc' dir='ltr'><strong>ἧς</strong></span> <span class='ocrx_word' id='word_1_216' title='bbox 962 1704 1128 1754; x_wconf 85' lang='grc' dir='ltr'>βασιλεῖ</span> <span class='ocrx_word' id='word_1_217' title='bbox 1140 1706 1365 1753; x_wconf 77' lang='grc' dir='ltr'>συμμαχεῖν</span> <span class='ocrx_word' id='word_1_218' title='bbox 1385 1699 1568 1754; x_wconf 71' lang='grc' dir='ltr'>ἔμελλον,</span> <span class='ocrx_word' id='word_1_219' title='bbox 1611 1699 1681 1742; x_wconf 81' lang='grc' dir='ltr'><strong>ἅτε</strong></span> 
     </span>
     <span class='ocr_line' id='line_1_23' title="bbox 212 1764 1681 1825; baseline 0.003 -20"><span class='ocrx_word' id='word_1_220' title='bbox 212 1764 508 1821; x_wconf 80' lang='grc' dir='ltr'>ἀπερρυηκυίας</span> <span class='ocrx_word' id='word_1_221' title='bbox 525 1772 576 1825; x_wconf 84' lang='grc' dir='ltr'>τῇ</span> <span class='ocrx_word' id='word_1_222' title='bbox 594 1767 704 1811; x_wconf 79' lang='grc' dir='ltr'>πόλει</span> <span class='ocrx_word' id='word_1_223' title='bbox 723 1774 796 1824; x_wconf 86' lang='grc' dir='ltr'>τῆς</span> <span class='ocrx_word' id='word_1_224' title='bbox 812 1767 939 1811; x_wconf 80' lang='grc' dir='ltr'>πάλαι</span> <span class='ocrx_word' id='word_1_225' title='bbox 959 1767 1098 1823; x_wconf 80' lang='grc' dir='ltr'>ἷσχύος</span> <span class='ocrx_word' id='word_1_226' title='bbox 1107 1801 1120 1820; x_wconf 86' lang='grc'>,</span> <span class='ocrx_word' id='word_1_227' title='bbox 1158 1770 1226 1810; x_wconf 85' lang='grc' dir='ltr'><strong>καὶ</strong></span> <span class='ocrx_word' id='word_1_228' title='bbox 1253 1768 1299 1810; x_wconf 82' lang='grc' dir='ltr'>τὸ</span> <span class='ocrx_word' id='word_1_229' title='bbox 1321 1769 1508 1825; x_wconf 78' lang='grc' dir='ltr'>ἀρχιερέα</span> <span class='ocrx_word' id='word_1_230' title='bbox 1529 1771 1572 1811; x_wconf 74' lang='grc' dir='ltr'><strong>ἐκ</strong></span> <span class='ocrx_word' id='word_1_231' title='bbox 1590 1772 1681 1810; x_wconf 87' lang='grc' dir='ltr'><strong>Βυ-</strong></span> 
     </span>
    </p>
   </div>
   <div class='ocr_carea' id='block_1_3' title="bbox 301 1884 1678 1977">
    <p class='ocr_par' dir='ltr' id='par_1_12' title="bbox 301 1884 1678 1977">
     <span class='ocr_line' id='line_1_24' title="bbox 302 1884 1678 1965; baseline 0.001 -46"><span class='ocrx_word' id='word_1_232' title='bbox 302 1886 335 1919; x_wconf 82' lang='grc'><strong>4.</strong></span> <span class='ocrx_word' id='word_1_233' title='bbox 358 1887 535 1965; x_wconf 55' lang='lat' dir='ltr'><strong>sttwefi‘s]</strong></span> <span class='ocrx_word' id='word_1_234' title='bbox 577 1887 663 1922; x_wconf 84' lang='lat' dir='ltr'><strong>eod.</strong></span> <span class='ocrx_word' id='word_1_235' title='bbox 702 1890 868 1934; x_wconf 83' lang='grc' dir='ltr'>μακροῖς.</span> <span class='ocrx_word' id='word_1_236' title='bbox 1020 1890 1073 1923; x_wconf 91' lang='grc'><strong>10.</strong></span> <span class='ocrx_word' id='word_1_237' title='bbox 1114 1884 1252 1932; x_wconf 79' lang='grc' dir='ltr'>αὐτὸν]</span> <span class='ocrx_word' id='word_1_238' title='bbox 1292 1887 1378 1921; x_wconf 86' lang='lat' dir='ltr'><strong>Cod.</strong></span> <span class='ocrx_word' id='word_1_239' title='bbox 1417 1884 1521 1933; x_wconf 77' lang='grc' dir='ltr'>αὐτῷ</span> <span class='ocrx_word' id='word_1_240' title='bbox 1559 1897 1678 1932; x_wconf 88' lang='lat' dir='ltr'><strong>super-</strong></span> 
     </span>
     <span class='ocr_line' id='line_1_25' title="bbox 301 1941 509 1977; baseline 0.005 -13"><span class='ocrx_word' id='word_1_241' title='bbox 301 1941 391 1977; x_wconf 74' lang='lat' dir='ltr'><strong>scrip</strong></span> <span class='ocrx_word' id='word_1_242' title='bbox 408 1942 428 1965; x_wconf 92' lang='lat' dir='ltr'><strong>o</strong></span> <span class='ocrx_word' id='word_1_243' title='bbox 452 1943 509 1966; x_wconf 89' lang='grc' dir='ltr'><strong>ον.</strong></span> 
     </span>
    </p>
   </div>
   <div class='ocr_carea' id='block_1_4' title="bbox 163 2032 1683 2902">
    <p class='ocr_par' dir='ltr' id='par_1_13' title="bbox 163 2032 1683 2902">
     <span class='ocr_line' id='line_1_26' title="bbox 211 2032 1683 2079; baseline 0.001 -13"><span class='ocrx_word' id='word_1_244' title='bbox 211 2033 297 2066; x_wconf 86' lang='lat' dir='ltr'><strong>haec</strong></span> <span class='ocrx_word' id='word_1_245' title='bbox 311 2035 383 2066; x_wconf 91' lang='lat' dir='ltr'><strong>tum</strong></span> <span class='ocrx_word' id='word_1_246' title='bbox 398 2033 533 2078; x_wconf 88' lang='lat' dir='ltr'><strong>quidem</strong></span> <span class='ocrx_word' id='word_1_247' title='bbox 545 2032 739 2068; x_wconf 80' lang='lat' dir='ltr'><strong>acciderunt</strong></span> <span class='ocrx_word' id='word_1_248' title='bbox 753 2032 948 2067; x_wconf 87' lang='lat' dir='ltr'><strong>Theodoro.</strong></span> <span class='ocrx_word' id='word_1_249' title='bbox 997 2032 1116 2067; x_wconf 86' lang='lat' dir='ltr'><strong>eodem</strong></span> <span class='ocrx_word' id='word_1_250' title='bbox 1141 2035 1297 2079; x_wconf 84' lang='lat' dir='ltr'><strong>tempore</strong></span> <span class='ocrx_word' id='word_1_251' title='bbox 1319 2032 1492 2077; x_wconf 82' lang='lat' dir='ltr'>Georgius</span> <span class='ocrx_word' id='word_1_252' title='bbox 1506 2032 1683 2068; x_wconf 79' lang='lat' dir='ltr'><strong>tibicinum</strong></span> 
     </span>
     <span class='ocr_line' id='line_1_27' title="bbox 212 2077 1680 2124; baseline 0.002 -13"><span class='ocrx_word' id='word_1_253' title='bbox 212 2078 422 2123; x_wconf 87' lang='lat' dir='ltr'><strong>imperatoris</strong></span> <span class='ocrx_word' id='word_1_254' title='bbox 434 2079 643 2124; x_wconf 80' lang='lat' dir='ltr'><strong>praefectus,</strong></span> <span class='ocrx_word' id='word_1_255' title='bbox 668 2079 726 2123; x_wconf 91' lang='lat' dir='ltr'><strong>qui</strong></span> <span class='ocrx_word' id='word_1_256' title='bbox 740 2079 948 2124; x_wconf 86' lang='lat' dir='ltr'><strong>primicerius</strong></span> <span class='ocrx_word' id='word_1_257' title='bbox 962 2078 1058 2112; x_wconf 85' lang='lat' dir='ltr'><strong>aulae</strong></span> <span class='ocrx_word' id='word_1_258' title='bbox 1073 2079 1175 2124; x_wconf 85' lang='lat' dir='ltr'><strong>vulgo</strong></span> <span class='ocrx_word' id='word_1_259' title='bbox 1190 2077 1309 2113; x_wconf 85' lang='lat' dir='ltr'><strong>vocari</strong></span> <span class='ocrx_word' id='word_1_260' title='bbox 1324 2080 1411 2114; x_wconf 84' lang='lat' dir='ltr'><strong>solet</strong></span> <span class='ocrx_word' id='word_1_261' title='bbox 1421 2100 1444 2122; x_wconf 39' lang='lat' dir='ltr'><strong>,v</strong></span> <span class='ocrx_word' id='word_1_262' title='bbox 1458 2084 1680 2123; x_wconf 85' lang='lat' dir='ltr'><strong>cognomento</strong></span> 
     </span>
     <span class='ocr_line' id='line_1_28' title="bbox 212 2123 1680 2169; baseline 0.001 -12"><span class='ocrx_word' id='word_1_263' title='bbox 212 2123 530 2167; x_wconf 84' lang='lat' dir='ltr'><strong>Pyrrhogeorgius‚</strong></span> <span class='ocrx_word' id='word_1_264' title='bbox 561 2124 731 2158; x_wconf 89' lang='lat' dir='ltr'><strong>commisso</strong></span> <span class='ocrx_word' id='word_1_265' title='bbox 756 2130 791 2158; x_wconf 87' lang='lat' dir='ltr'><strong>et</strong></span> <span class='ocrx_word' id='word_1_266' title='bbox 813 2124 888 2169; x_wconf 86' lang='lat' dir='ltr'><strong>ipse</strong></span> <span class='ocrx_word' id='word_1_267' title='bbox 911 2135 979 2158; x_wconf 90' lang='lat' dir='ltr'><strong>non</strong></span> <span class='ocrx_word' id='word_1_268' title='bbox 1003 2124 1074 2158; x_wconf 87' lang='lat' dir='ltr'><strong>levi</strong></span> <span class='ocrx_word' id='word_1_269' title='bbox 1087 2124 1122 2158; x_wconf 89' lang='lat' dir='ltr'><strong>in</strong></span> <span class='ocrx_word' id='word_1_270' title='bbox 1137 2137 1212 2159; x_wconf 90' lang='lat' dir='ltr'><strong>eum</strong></span> <span class='ocrx_word' id='word_1_271' title='bbox 1229 2124 1377 2166; x_wconf 80' lang='lat' dir='ltr'><strong>delicto,</strong></span> <span class='ocrx_word' id='word_1_272' title='bbox 1406 2126 1599 2163; x_wconf 75' lang='lat' dir='ltr'><strong>clementem</strong></span> <span class='ocrx_word' id='word_1_273' title='bbox 1615 2136 1680 2159; x_wconf 84' lang='lat' dir='ltr'><strong>ex-</strong></span> 
     </span>
     <span class='ocr_line' id='line_1_29' title="bbox 213 2169 1679 2216; baseline 0.001 -13"><span class='ocrx_word' id='word_1_274' title='bbox 213 2173 332 2215; x_wconf 88' lang='lat' dir='ltr'><strong>pertus</strong></span> <span class='ocrx_word' id='word_1_275' title='bbox 348 2169 530 2215; x_wconf 82' lang='lat' dir='ltr'><strong>principem</strong></span> <span class='ocrx_word' id='word_1_276' title='bbox 541 2197 551 2213; x_wconf 89' lang='lat'><strong>,</strong></span> <span class='ocrx_word' id='word_1_277' title='bbox 582 2170 662 2203; x_wconf 85' lang='lat' dir='ltr'><strong>nihil</strong></span> <span class='ocrx_word' id='word_1_278' title='bbox 676 2170 764 2204; x_wconf 87' lang='lat' dir='ltr'><strong>aliud</strong></span> <span class='ocrx_word' id='word_1_279' title='bbox 780 2170 856 2204; x_wconf 86' lang='lat' dir='ltr'><strong>mali</strong></span> <span class='ocrx_word' id='word_1_280' title='bbox 871 2181 991 2215; x_wconf 86' lang='lat' dir='ltr'><strong>passus</strong></span> <span class='ocrx_word' id='word_1_281' title='bbox 1008 2174 1062 2204; x_wconf 88' lang='lat' dir='ltr'><strong>est</strong></span> <span class='ocrx_word' id='word_1_282' title='bbox 1073 2197 1084 2213; x_wconf 92' lang='lat'><strong>‚</strong></span> <span class='ocrx_word' id='word_1_283' title='bbox 1114 2171 1176 2204; x_wconf 88' lang='lat' dir='ltr'><strong>nisi</strong></span> <span class='ocrx_word' id='word_1_284' title='bbox 1191 2170 1281 2216; x_wconf 88' lang='lat' dir='ltr'><strong>quod</strong></span> <span class='ocrx_word' id='word_1_285' title='bbox 1297 2181 1338 2204; x_wconf 88' lang='lat' dir='ltr'><strong>eo</strong></span> <span class='ocrx_word' id='word_1_286' title='bbox 1354 2181 1489 2205; x_wconf 87' lang='lat' dir='ltr'><strong>munere</strong></span> <span class='ocrx_word' id='word_1_287' title='bbox 1504 2171 1679 2205; x_wconf 81' lang='lat' dir='ltr'><strong>exciderit.</strong></span> 
     </span>
     <span class='ocr_line' id='line_1_30' title="bbox 305 2215 1681 2260; baseline 0 -10"><span class='ocrx_word' id='word_1_288' title='bbox 305 2216 364 2257; x_wconf 77' lang='grc'><strong>20.</strong></span> <span class='ocrx_word' id='word_1_289' title='bbox 410 2215 598 2260; x_wconf 84' lang='lat' dir='ltr'><strong>Imperator</strong></span> <span class='ocrx_word' id='word_1_290' title='bbox 622 2227 704 2250; x_wconf 85' lang='lat' dir='ltr'><strong>vero</strong></span> <span class='ocrx_word' id='word_1_291' title='bbox 729 2220 768 2250; x_wconf 87' lang='lat' dir='ltr'><strong>ut</strong></span> <span class='ocrx_word' id='word_1_292' title='bbox 794 2216 981 2250; x_wconf 85' lang='lat' dir='ltr'><strong>adventare</strong></span> <span class='ocrx_word' id='word_1_293' title='bbox 1003 2227 1118 2260; x_wconf 81' lang='lat' dir='ltr'><strong>regem</strong></span> <span class='ocrx_word' id='word_1_294' title='bbox 1133 2217 1292 2260; x_wconf 79' lang='lat' dir='ltr'><strong>rescivit,</strong></span> <span class='ocrx_word' id='word_1_295' title='bbox 1321 2216 1425 2250; x_wconf 83' lang='lat' dir='ltr'><strong>variis</strong></span> <span class='ocrx_word' id='word_1_296' title='bbox 1441 2217 1476 2250; x_wconf 92' lang='lat' dir='ltr'><strong>in</strong></span> <span class='ocrx_word' id='word_1_297' title='bbox 1490 2217 1573 2250; x_wconf 90' lang='lat' dir='ltr'><strong>locis</strong></span> <span class='ocrx_word' id='word_1_298' title='bbox 1587 2217 1681 2251; x_wconf 83' lang='lat' dir='ltr'><strong>viros</strong></span> 
     </span>
     <span class='ocr_line' id='line_1_31' title="bbox 215 2260 1680 2307; baseline 0.001 -13"><span class='ocrx_word' id='word_1_299' title='bbox 215 2260 436 2304; x_wconf 80' lang='lat' dir='ltr'><strong>dignitatibus</strong></span> <span class='ocrx_word' id='word_1_300' title='bbox 469 2261 665 2306; x_wconf 87' lang='lat' dir='ltr'><strong>conspicuos</strong></span> <span class='ocrx_word' id='word_1_301' title='bbox 694 2261 759 2306; x_wconf 89' lang='lat' dir='ltr'><strong>ipsi</strong></span> <span class='ocrx_word' id='word_1_302' title='bbox 787 2261 886 2296; x_wconf 89' lang='lat' dir='ltr'><strong>iussit</strong></span> <span class='ocrx_word' id='word_1_303' title='bbox 916 2273 1094 2296; x_wconf 88' lang='lat' dir='ltr'><strong>occurrere</strong></span> <span class='ocrx_word' id='word_1_304' title='bbox 1104 2287 1114 2304; x_wconf 90' lang='lat'>‚</span> <span class='ocrx_word' id='word_1_305' title='bbox 1143 2262 1194 2295; x_wconf 84' lang='lat' dir='ltr'><strong>ita</strong></span> <span class='ocrx_word' id='word_1_306' title='bbox 1209 2266 1247 2295; x_wconf 90' lang='lat' dir='ltr'><strong>ut</strong></span> <span class='ocrx_word' id='word_1_307' title='bbox 1261 2262 1493 2296; x_wconf 85' lang='lat' dir='ltr'><strong>honorat-iores</strong></span> <span class='ocrx_word' id='word_1_308' title='bbox 1507 2267 1680 2307; x_wconf 84' lang='lat' dir='ltr'><strong>postremo</strong></span> 
     </span>
     <span class='ocr_line' id='line_1_32' title="bbox 215 2307 1681 2353; baseline 0.001 -13"><span class='ocrx_word' id='word_1_309' title='bbox 215 2317 350 2351; x_wconf 82' lang='lat' dir='ltr'><strong>semper</strong></span> <span class='ocrx_word' id='word_1_310' title='bbox 370 2311 502 2349; x_wconf 83' lang='lat' dir='ltr'><strong>essent,</strong></span> <span class='ocrx_word' id='word_1_311' title='bbox 533 2319 641 2352; x_wconf 88' lang='lat' dir='ltr'><strong>usque</strong></span> <span class='ocrx_word' id='word_1_312' title='bbox 663 2308 705 2341; x_wconf 85' lang='lat' dir='ltr'><strong>ad</strong></span> <span class='ocrx_word' id='word_1_313' title='bbox 729 2308 822 2353; x_wconf 88' lang='lat' dir='ltr'><strong>ipsos</strong></span> <span class='ocrx_word' id='word_1_314' title='bbox 839 2319 880 2341; x_wconf 86' lang='lat' dir='ltr'><strong>ex</strong></span> <span class='ocrx_word' id='word_1_315' title='bbox 894 2307 1056 2341; x_wconf 87' lang='lat' dir='ltr'><strong>fratribus</strong></span> <span class='ocrx_word' id='word_1_316' title='bbox 1079 2308 1228 2353; x_wconf 80' lang='lat' dir='ltr'><strong>neptium</strong></span> <span class='ocrx_word' id='word_1_317' title='bbox 1243 2307 1336 2342; x_wconf 85' lang='lat' dir='ltr'><strong>viros</strong></span> <span class='ocrx_word' id='word_1_318' title='bbox 1349 2333 1360 2350; x_wconf 84' lang='lat'><strong>,</strong></span> <span class='ocrx_word' id='word_1_319' title='bbox 1386 2307 1443 2352; x_wconf 89' lang='lat' dir='ltr'><strong>qui</strong></span> <span class='ocrx_word' id='word_1_320' title='bbox 1459 2319 1533 2341; x_wconf 90' lang='lat' dir='ltr'><strong>cum</strong></span> <span class='ocrx_word' id='word_1_321' title='bbox 1548 2320 1589 2342; x_wconf 88' lang='lat' dir='ltr'><strong>eo</strong></span> <span class='ocrx_word' id='word_1_322' title='bbox 1606 2320 1681 2342; x_wconf 89' lang='lat' dir='ltr'><strong>ser-</strong></span> 
     </span>
     <span class='ocr_line' id='line_1_33' title="bbox 214 2353 1681 2399; baseline 0.001 -13"><span class='ocrx_word' id='word_1_323' title='bbox 214 2363 345 2386; x_wconf 83' lang='lat' dir='ltr'>monem</span> <span class='ocrx_word' id='word_1_324' title='bbox 362 2353 525 2387; x_wconf 88' lang='lat' dir='ltr'><strong>haberent</strong></span> <span class='ocrx_word' id='word_1_325' title='bbox 536 2379 547 2395; x_wconf 89' lang='lat'><strong>‚</strong></span> <span class='ocrx_word' id='word_1_326' title='bbox 577 2353 747 2398; x_wconf 83' lang='lat' dir='ltr'><strong>variisque</strong></span> <span class='ocrx_word' id='word_1_327' title='bbox 761 2354 851 2387; x_wconf 89' lang='lat' dir='ltr'><strong>illum</strong></span> <span class='ocrx_word' id='word_1_328' title='bbox 866 2358 1152 2398; x_wconf 85' lang='lat' dir='ltr'><strong>prosequerentur</strong></span> <span class='ocrx_word' id='word_1_329' title='bbox 1167 2354 1366 2396; x_wconf 88' lang='lat' dir='ltr'><strong>honoribus,</strong></span> <span class='ocrx_word' id='word_1_330' title='bbox 1393 2354 1501 2387; x_wconf 92' lang='lat' dir='ltr'><strong>donec</strong></span> <span class='ocrx_word' id='word_1_331' title='bbox 1516 2354 1557 2387; x_wconf 87' lang='lat' dir='ltr'><strong>ad</strong></span> <span class='ocrx_word' id='word_1_332' title='bbox 1572 2354 1681 2399; x_wconf 92' lang='lat' dir='ltr'><strong>ipsum</strong></span> 
     </span>
     <span class='ocr_line' id='line_1_34' title="bbox 214 2398 1681 2444; baseline 0.001 -13"><span class='ocrx_word' id='word_1_333' title='bbox 214 2398 410 2442; x_wconf 88' lang='lat' dir='ltr'><strong>perveniret</strong></span> <span class='ocrx_word' id='word_1_334' title='bbox 431 2399 677 2444; x_wconf 84' lang='lat' dir='ltr'><strong>imperatorem.</strong></span> <span class='ocrx_word' id='word_1_335' title='bbox 723 2399 773 2432; x_wconf 87' lang='lat' dir='ltr'><strong>ita</strong></span> <span class='ocrx_word' id='word_1_336' title='bbox 787 2399 845 2434; x_wconf 89' lang='lat' dir='ltr'><strong>ille</strong></span> <span class='ocrx_word' id='word_1_337' title='bbox 861 2410 905 2432; x_wconf 85' lang='lat' dir='ltr'><strong>ex</strong></span> <span class='ocrx_word' id='word_1_338' title='bbox 918 2399 1074 2432; x_wconf 79' lang='lat' dir='ltr'><strong>Davidici</strong></span> <span class='ocrx_word' id='word_1_339' title='bbox 1092 2399 1205 2434; x_wconf 84' lang='lat' dir='ltr'><strong>throni</strong></span> <span class='ocrx_word' id='word_1_340' title='bbox 1221 2400 1396 2433; x_wconf 83' lang='lat' dir='ltr'><strong>maiestate</strong></span> <span class='ocrx_word' id='word_1_341' title='bbox 1411 2403 1480 2432; x_wconf 86' lang='lat' dir='ltr'><strong>tum</strong></span> <span class='ocrx_word' id='word_1_342' title='bbox 1498 2400 1601 2433; x_wconf 80' lang='lat' dir='ltr'><strong>coluit</strong></span> <span class='ocrx_word' id='word_1_343' title='bbox 1616 2400 1681 2432; x_wconf 91' lang='lat' dir='ltr'><strong>ho-</strong></span> 
     </span>
     <span class='ocr_line' id='line_1_35' title="bbox 163 2443 1680 2490; baseline 0.001 -14"><span class='ocrx_word' id='word_1_344' title='bbox 163 2446 167 2453; x_wconf 81' lang='lat'><strong>¹</strong></span> <span class='ocrx_word' id='word_1_345' title='bbox 215 2443 356 2486; x_wconf 84' lang='lat' dir='ltr'><strong>minem,</strong></span> <span class='ocrx_word' id='word_1_346' title='bbox 387 2448 458 2478; x_wconf 88' lang='lat' dir='ltr'><strong>tum</strong></span> <span class='ocrx_word' id='word_1_347' title='bbox 481 2445 636 2479; x_wconf 82' lang='lat' dir='ltr'><strong>officiose</strong></span> <span class='ocrx_word' id='word_1_348' title='bbox 659 2445 807 2490; x_wconf 85' lang='lat' dir='ltr'><strong>excepit.</strong></span> <span class='ocrx_word' id='word_1_349' title='bbox 853 2445 974 2489; x_wconf 89' lang='lat' dir='ltr'><strong>quibus</strong></span> <span class='ocrx_word' id='word_1_350' title='bbox 989 2444 1016 2478; x_wconf 90' lang='lat' dir='ltr'><strong>is</strong></span> <span class='ocrx_word' id='word_1_351' title='bbox 1032 2445 1159 2490; x_wconf 79' lang='lat' dir='ltr'><strong>elatus,</strong></span> <span class='ocrx_word' id='word_1_352' title='bbox 1189 2445 1261 2479; x_wconf 87' lang='lat' dir='ltr'><strong>sive</strong></span> <span class='ocrx_word' id='word_1_353' title='bbox 1277 2445 1364 2490; x_wconf 88' lang='lat' dir='ltr'><strong>quod</strong></span> <span class='ocrx_word' id='word_1_354' title='bbox 1388 2444 1522 2478; x_wconf 83' lang='lat' dir='ltr'><strong>insitam</strong></span> <span class='ocrx_word' id='word_1_355' title='bbox 1537 2445 1581 2478; x_wconf 87' lang='lat' dir='ltr'><strong>ab</strong></span> <span class='ocrx_word' id='word_1_356' title='bbox 1595 2444 1680 2490; x_wconf 86' lang='lat' dir='ltr'><strong>ipsis</strong></span> 
     </span>
     <span class='ocr_line' id='line_1_36' title="bbox 216 2489 1680 2536; baseline 0.002 -14"><span class='ocrx_word' id='word_1_357' title='bbox 216 2489 381 2522; x_wconf 73' lang='lat' dir='ltr'><strong>natalibus</strong></span> <span class='ocrx_word' id='word_1_358' title='bbox 396 2490 504 2524; x_wconf 83' lang='lat' dir='ltr'><strong>aleret</strong></span> <span class='ocrx_word' id='word_1_359' title='bbox 517 2491 631 2524; x_wconf 84' lang='lat' dir='ltr'><strong>nescio</strong></span> <span class='ocrx_word' id='word_1_360' title='bbox 648 2502 745 2535; x_wconf 90' lang='lat' dir='ltr'><strong>quam</strong></span> <span class='ocrx_word' id='word_1_361' title='bbox 760 2490 1036 2531; x_wconf 79' lang='lat' dir='ltr'><strong>ostentationem,</strong></span> <span class='ocrx_word' id='word_1_362' title='bbox 1052 2495 1229 2536; x_wconf 82' lang='lat' dir='ltr'><strong>postquam</strong></span> <span class='ocrx_word' id='word_1_363' title='bbox 1243 2490 1493 2535; x_wconf 84' lang='lat' dir='ltr'><strong>imperatorium</strong></span> <span class='ocrx_word' id='word_1_364' title='bbox 1507 2490 1680 2534; x_wconf 80' lang='lat' dir='ltr'><strong>ingressus</strong></span> 
     </span>
     <span class='ocr_line' id='line_1_37' title="bbox 216 2535 1680 2582; baseline 0.002 -15"><span class='ocrx_word' id='word_1_365' title='bbox 216 2538 272 2567; x_wconf 83' lang='lat' dir='ltr'><strong>est</strong></span> <span class='ocrx_word' id='word_1_366' title='bbox 296 2535 468 2579; x_wconf 87' lang='lat' dir='ltr'><strong>palatium,</strong></span> <span class='ocrx_word' id='word_1_367' title='bbox 495 2536 711 2581; x_wconf 78' lang='lat' dir='ltr'><strong>imperatoria</strong></span> <span class='ocrx_word' id='word_1_368' title='bbox 735 2535 887 2570; x_wconf 84' lang='lat' dir='ltr'><strong>custodia</strong></span> <span class='ocrx_word' id='word_1_369' title='bbox 908 2536 1157 2582; x_wconf 85' lang='lat' dir='ltr'><strong>illustribusque</strong></span> <span class='ocrx_word' id='word_1_370' title='bbox 1180 2536 1299 2571; x_wconf 75' lang='lat' dir='ltr'><strong>aulicis</strong></span> <span class='ocrx_word' id='word_1_371' title='bbox 1325 2547 1398 2569; x_wconf 92' lang='lat' dir='ltr'><strong>eum</strong></span> <span class='ocrx_word' id='word_1_372' title='bbox 1422 2535 1680 2580; x_wconf 83' lang='lat' dir='ltr'><strong>deducentibus,</strong></span> 
     </span>
     <span class='ocr_line' id='line_1_38' title="bbox 219 2579 1679 2627; baseline 0.002 -15"><span class='ocrx_word' id='word_1_373' title='bbox 219 2589 260 2611; x_wconf 82' lang='lat' dir='ltr'><strong>eo</strong></span> <span class='ocrx_word' id='word_1_374' title='bbox 274 2579 340 2613; x_wconf 87' lang='lat' dir='ltr'><strong>loci</strong></span> <span class='ocrx_word' id='word_1_375' title='bbox 355 2592 443 2626; x_wconf 90' lang='lat' dir='ltr'><strong>equo</strong></span> <span class='ocrx_word' id='word_1_376' title='bbox 459 2582 583 2616; x_wconf 87' lang='lat' dir='ltr'><strong>desiliit</strong></span> <span class='ocrx_word' id='word_1_377' title='bbox 594 2610 604 2627; x_wconf 83' lang='lat'><strong><em>‚</em></strong></span> <span class='ocrx_word' id='word_1_378' title='bbox 637 2582 695 2615; x_wconf 91' lang='lat' dir='ltr'><strong>ubi</strong></span> <span class='ocrx_word' id='word_1_379' title='bbox 710 2582 744 2616; x_wconf 88' lang='lat' dir='ltr'><strong>id</strong></span> <span class='ocrx_word' id='word_1_380' title='bbox 759 2582 868 2626; x_wconf 87' lang='lat' dir='ltr'><strong>ipsum</strong></span> <span class='ocrx_word' id='word_1_381' title='bbox 880 2583 996 2616; x_wconf 82' lang='lat' dir='ltr'><strong>facere</strong></span> <span class='ocrx_word' id='word_1_382' title='bbox 1011 2582 1186 2617; x_wconf 88' lang='lat' dir='ltr'><strong>consuevit</strong></span> <span class='ocrx_word' id='word_1_383' title='bbox 1207 2582 1397 2627; x_wconf 82' lang='lat' dir='ltr'><strong>imperator.</strong></span> <span class='ocrx_word' id='word_1_384' title='bbox 1446 2593 1488 2615; x_wconf 86' lang='lat' dir='ltr'><strong>ex</strong></span> <span class='ocrx_word' id='word_1_385' title='bbox 1504 2593 1571 2626; x_wconf 90' lang='lat' dir='ltr'><strong>quo</strong></span> <span class='ocrx_word' id='word_1_386' title='bbox 1586 2583 1679 2616; x_wconf 83' lang='lat' dir='ltr'><strong>facto</strong></span> 
     </span>
     <span class='ocr_line' id='line_1_39' title="bbox 219 2622 1678 2673; baseline 0.003 -16"><span class='ocrx_word' id='word_1_387' title='bbox 219 2622 427 2660; x_wconf 80' lang='lat' dir='ltr'><strong>insolentiam</strong></span> <span class='ocrx_word' id='word_1_388' title='bbox 439 2628 633 2673; x_wconf 78' lang='lat' dir='ltr'><strong>fastumque</strong></span> <span class='ocrx_word' id='word_1_389' title='bbox 646 2627 734 2661; x_wconf 88' lang='lat' dir='ltr'><strong>illius</strong></span> <span class='ocrx_word' id='word_1_390' title='bbox 749 2628 932 2662; x_wconf 84' lang='lat' dir='ltr'><strong>advertens</strong></span> <span class='ocrx_word' id='word_1_391' title='bbox 947 2628 1104 2673; x_wconf 86' lang='lat' dir='ltr'><strong>princeps</strong></span> <span class='ocrx_word' id='word_1_392' title='bbox 1116 2654 1127 2671; x_wconf 85' lang='lat'><strong>,</strong></span> <span class='ocrx_word' id='word_1_393' title='bbox 1158 2628 1262 2662; x_wconf 82' lang='lat' dir='ltr'><strong>multa</strong></span> <span class='ocrx_word' id='word_1_394' title='bbox 1279 2628 1321 2661; x_wconf 91' lang='lat' dir='ltr'><strong>ad</strong></span> <span class='ocrx_word' id='word_1_395' title='bbox 1346 2626 1502 2661; x_wconf 87' lang='lat' dir='ltr'><strong>maiorem</strong></span> <span class='ocrx_word' id='word_1_396' title='bbox 1517 2628 1678 2662; x_wconf 90' lang='lat' dir='ltr'><strong>honorem</strong></span> 
     </span>
     <span class='ocr_line' id='line_1_40' title="bbox 220 2669 1678 2718; baseline 0.003 -15"><span class='ocrx_word' id='word_1_397' title='bbox 220 2669 424 2712; x_wconf 75' lang='lat' dir='ltr'><strong>pertinentia</strong></span> <span class='ocrx_word' id='word_1_398' title='bbox 439 2672 598 2718; x_wconf 89' lang='lat' dir='ltr'><strong>deinceps</strong></span> <span class='ocrx_word' id='word_1_399' title='bbox 611 2673 800 2708; x_wconf 86' lang='lat' dir='ltr'><strong>intermisit.</strong></span> <span class='ocrx_word' id='word_1_400' title='bbox 847 2673 947 2708; x_wconf 83' lang='lat' dir='ltr'><strong>nihilo</strong></span> <span class='ocrx_word' id='word_1_401' title='bbox 969 2673 1077 2707; x_wconf 86' lang='lat' dir='ltr'><strong>minus</strong></span> <span class='ocrx_word' id='word_1_402' title='bbox 1093 2685 1167 2707; x_wconf 90' lang='lat' dir='ltr'><strong>eum</strong></span> <span class='ocrx_word' id='word_1_403' title='bbox 1182 2673 1266 2707; x_wconf 86' lang='lat' dir='ltr'><strong>vidit</strong></span> <span class='ocrx_word' id='word_1_404' title='bbox 1279 2673 1514 2718; x_wconf 78' lang='lat' dir='ltr'><strong>allocutusque</strong></span> <span class='ocrx_word' id='word_1_405' title='bbox 1536 2678 1609 2717; x_wconf 87' lang='lat' dir='ltr'><strong>est,</strong></span> <span class='ocrx_word' id='word_1_406' title='bbox 1641 2678 1678 2708; x_wconf 88' lang='lat' dir='ltr'><strong>et</strong></span> 
     </span>
     <span class='ocr_line' id='line_1_41' title="bbox 220 2713 1680 2764; baseline 0.004 -18"><span class='ocrx_word' id='word_1_407' title='bbox 220 2713 304 2747; x_wconf 85' lang='lat' dir='ltr'><strong>sede</strong></span> <span class='ocrx_word' id='word_1_408' title='bbox 317 2714 479 2752; x_wconf 87' lang='lat' dir='ltr'><strong>humiliori</strong></span> <span class='ocrx_word' id='word_1_409' title='bbox 493 2719 666 2753; x_wconf 86' lang='lat' dir='ltr'><strong>considere</strong></span> <span class='ocrx_word' id='word_1_410' title='bbox 680 2719 789 2753; x_wconf 81' lang='lat' dir='ltr'><strong>iussit.</strong></span> <span class='ocrx_word' id='word_1_411' title='bbox 835 2720 970 2764; x_wconf 83' lang='lat' dir='ltr'><strong>saepius</strong></span> <span class='ocrx_word' id='word_1_412' title='bbox 990 2719 1091 2754; x_wconf 86' lang='lat' dir='ltr'><strong>etiam</strong></span> <span class='ocrx_word' id='word_1_413' title='bbox 1107 2724 1180 2753; x_wconf 80' lang='lat' dir='ltr'><strong>cum</strong></span> <span class='ocrx_word' id='word_1_414' title='bbox 1195 2719 1251 2752; x_wconf 88' lang='lat' dir='ltr'><strong>illo</strong></span> <span class='ocrx_word' id='word_1_415' title='bbox 1266 2724 1320 2753; x_wconf 85' lang='lat' dir='ltr'><strong>est</strong></span> <span class='ocrx_word' id='word_1_416' title='bbox 1336 2730 1534 2764; x_wconf 88' lang='lat' dir='ltr'><strong>congressus</strong></span> <span class='ocrx_word' id='word_1_417' title='bbox 1544 2748 1554 2764; x_wconf 82' lang='lat'>‚</span> <span class='ocrx_word' id='word_1_418' title='bbox 1586 2730 1680 2753; x_wconf 92' lang='lat' dir='ltr'><strong>eum-</strong></span> 
     </span>
     <span class='ocr_line' id='line_1_42' title="bbox 222 2762 1680 2812; baseline 0.001 -16"><span class='ocrx_word' id='word_1_419' title='bbox 222 2762 457 2812; x_wconf 49' lang='lat' dir='ltr'><strong>que-convivio</strong></span> <span class='ocrx_word' id='word_1_420' title='bbox 475 2764 611 2810; x_wconf 82' lang='lat' dir='ltr'><strong>excepit</strong></span> <span class='ocrx_word' id='word_1_421' title='bbox 624 2765 785 2802; x_wconf 87' lang='lat' dir='ltr'><strong>crebrius.</strong></span> <span class='ocrx_word' id='word_1_422' title='bbox 833 2775 909 2798; x_wconf 86' lang='lat' dir='ltr'><strong>cum</strong></span> <span class='ocrx_word' id='word_1_423' title='bbox 928 2775 1013 2799; x_wconf 82' lang='lat' dir='ltr'><strong>vero</strong></span> <span class='ocrx_word' id='word_1_424' title='bbox 1037 2777 1078 2799; x_wconf 84' lang='lat' dir='ltr'><strong>ea</strong></span> <span class='ocrx_word' id='word_1_425' title='bbox 1100 2776 1186 2810; x_wconf 86' lang='lat' dir='ltr'><strong>quae</strong></span> <span class='ocrx_word' id='word_1_426' title='bbox 1202 2765 1372 2799; x_wconf 86' lang='lat' dir='ltr'><strong>Renaldus</strong></span> <span class='ocrx_word' id='word_1_427' title='bbox 1388 2776 1461 2799; x_wconf 91' lang='lat' dir='ltr'><strong>cum</strong></span> <span class='ocrx_word' id='word_1_428' title='bbox 1476 2765 1680 2810; x_wconf 86' lang='lat' dir='ltr'><strong>imperatore</strong></span> 
     </span>
     <span class='ocr_line' id='line_1_43' title="bbox 221 2809 1680 2856; baseline 0.003 -18"><span class='ocrx_word' id='word_1_429' title='bbox 221 2810 401 2856; x_wconf 69' lang='lat' dir='ltr'><strong>pepigerat</strong></span> <span class='ocrx_word' id='word_1_430' title='bbox 423 2809 637 2844; x_wconf 79' lang='lat' dir='ltr'><strong>Antiochenis</strong></span> <span class='ocrx_word' id='word_1_431' title='bbox 656 2822 723 2845; x_wconf 90' lang='lat' dir='ltr'><strong>non</strong></span> <span class='ocrx_word' id='word_1_432' title='bbox 746 2810 938 2856; x_wconf 88' lang='lat' dir='ltr'><strong>placerent,</strong></span> <span class='ocrx_word' id='word_1_433' title='bbox 969 2821 1043 2844; x_wconf 91' lang='lat' dir='ltr'><strong>cum</strong></span> <span class='ocrx_word' id='word_1_434' title='bbox 1068 2816 1209 2856; x_wconf 86' lang='lat' dir='ltr'><strong>propter</strong></span> <span class='ocrx_word' id='word_1_435' title='bbox 1233 2811 1347 2856; x_wconf 88' lang='lat' dir='ltr'><strong>copias</strong></span> <span class='ocrx_word' id='word_1_436' title='bbox 1371 2810 1493 2856; x_wconf 87' lang='lat' dir='ltr'><strong>quibus</strong></span> <span class='ocrx_word' id='word_1_437' title='bbox 1518 2810 1680 2844; x_wconf 85' lang='lat' dir='ltr'><strong>adiuvare</strong></span> 
     </span>
     <span class='ocr_line' id='line_1_44' title="bbox 222 2854 1678 2902; baseline 0.005 -21"><span class='ocrx_word' id='word_1_438' title='bbox 222 2854 456 2895; x_wconf 73' lang='lat' dir='ltr'><strong>imperatorem</strong></span> <span class='ocrx_word' id='word_1_439' title='bbox 477 2856 677 2891; x_wconf 86' lang='lat' dir='ltr'><strong>tenebantur</strong></span> <span class='ocrx_word' id='word_1_440' title='bbox 688 2884 700 2901; x_wconf 86' lang='lat'>‚</span> <span class='ocrx_word' id='word_1_441' title='bbox 731 2856 872 2891; x_wconf 81' lang='lat' dir='ltr'><strong>civitate</strong></span> <span class='ocrx_word' id='word_1_442' title='bbox 891 2856 1042 2891; x_wconf 87' lang='lat' dir='ltr'><strong>nimirum</strong></span> <span class='ocrx_word' id='word_1_443' title='bbox 1058 2856 1225 2902; x_wconf 85' lang='lat' dir='ltr'><strong>prioribus</strong></span> <span class='ocrx_word' id='word_1_444' title='bbox 1237 2856 1368 2891; x_wconf 80' lang='lat' dir='ltr'><strong>viribus</strong></span> <span class='ocrx_word' id='word_1_445' title='bbox 1382 2857 1484 2901; x_wconf 82' lang='lat' dir='ltr'><strong>longe</strong></span> <span class='ocrx_word' id='word_1_446' title='bbox 1497 2856 1678 2897; x_wconf 74' lang='lat' dir='ltr'><strong>imminuta,</strong></span> 
     </span>
    </p>
   </div>
  </div>
 </body>
</html>
