<?xml version="1.0" encoding="UTF-8"?>
<!DOCTYPE html PUBLIC "-//W3C//DTD XHTML 1.0 Transitional//EN"
    "http://www.w3.org/TR/xhtml1/DTD/xhtml1-transitional.dtd">
<html xmlns="http://www.w3.org/1999/xhtml" xml:lang="en" lang="en">
 <head>
  <title>
</title>
<meta http-equiv="Content-Type" content="text/html;charset=utf-8" />
  <meta name='ocr-system' content='tesseract 3.04.00' />
  <meta name='ocr-capabilities' content='ocr_page ocr_carea ocr_par ocr_line ocrx_word'/>
</head>
<body>
  <div class='ocr_page' id='page_1' title='image "./corpusscriptorum26niebuoft_0427.png"; bbox 0 0 1878 3262; ppageno 0'>
   <div class='ocr_carea' id='block_1_1' title="bbox 326 219 1614 271">
    <p class='ocr_par' dir='ltr' id='par_1_1' title="bbox 326 219 1614 271">
     <span class='ocr_line' id='line_1_1' title="bbox 326 219 1614 271; baseline -0.002 -1"><span class='ocrx_word' id='word_1_1' title='bbox 326 226 386 271; x_wconf 86' lang='lat' dir='ltr'>IN</span> <span class='ocrx_word' id='word_1_2' title='bbox 408 225 722 269; x_wconf 76' lang='lat' dir='ltr'><strong>HTSTORIAM</strong></span> <span class='ocrx_word' id='word_1_3' title='bbox 741 224 965 269; x_wconf 85' lang='lat' dir='ltr'><strong>IOANNIS</strong></span> <span class='ocrx_word' id='word_1_4' title='bbox 994 220 1223 268; x_wconf 82' lang='lat' dir='ltr'>CINNAMI</span> <span class='ocrx_word' id='word_1_5' title='bbox 1246 222 1445 266; x_wconf 82' lang='lat' dir='ltr'><strong>NOTAE.</strong></span> <span class='ocrx_word' id='word_1_6' title='bbox 1515 219 1614 267; x_wconf 82' lang='lat'>395</span> 
     </span>
    </p>
   </div>
   <div class='ocr_carea' id='block_1_2' title="bbox 155 330 1624 1403">
    <p class='ocr_par' dir='ltr' id='par_1_2' title="bbox 155 330 1624 1403">
     <span class='ocr_line' id='line_1_2' title="bbox 268 330 1613 389; baseline -0.005 -12"><span class='ocrx_word' id='word_1_7' title='bbox 268 349 309 389; x_wconf 85' lang='lat' dir='ltr'>p-</span> <span class='ocrx_word' id='word_1_8' title='bbox 298 337 401 379; x_wconf 80' lang='lat'>.288</span> <span class='ocrx_word' id='word_1_9' title='bbox 415 348 456 375; x_wconf 83' lang='lat' dir='ltr'>v.</span> <span class='ocrx_word' id='word_1_10' title='bbox 465 337 534 376; x_wconf 78' lang='lat'>20.</span> <span class='ocrx_word' id='word_1_11' title='bbox 560 349 660 375; x_wconf 81' lang='grc' dir='ltr'><strong><em>κατα</em></strong></span> <span class='ocrx_word' id='word_1_12' title='bbox 678 330 750 376; x_wconf 83' lang='grc' dir='ltr'>τόν</span> <span class='ocrx_word' id='word_1_13' title='bbox 766 330 960 388; x_wconf 74' lang='grc' dir='ltr'>Ἀγκῶνα]</span> <span class='ocrx_word' id='word_1_14' title='bbox 990 333 1192 372; x_wconf 77' lang='lat' dir='ltr'><strong>Obsessam</strong></span> <span class='ocrx_word' id='word_1_15' title='bbox 1211 346 1234 370; x_wconf 90' lang='lat' dir='ltr'>a</span> <span class='ocrx_word' id='word_1_16' title='bbox 1253 331 1462 371; x_wconf 66' lang='lat' dir='ltr'>mederico</span> <span class='ocrx_word' id='word_1_17' title='bbox 1479 330 1613 371; x_wconf 74' lang='lat' dir='ltr'>Anco-</span> 
     </span>
     <span class='ocr_line' id='line_1_3' title="bbox 159 388 1614 453; baseline -0.003 -22"><span class='ocrx_word' id='word_1_18' title='bbox 159 405 251 434; x_wconf 88' lang='lat' dir='ltr'>nam</span> <span class='ocrx_word' id='word_1_19' title='bbox 271 393 516 442; x_wconf 77' lang='lat' dir='ltr'>solutamque</span> <span class='ocrx_word' id='word_1_20' title='bbox 539 391 780 429; x_wconf 87' lang='lat' dir='ltr'>obsidionem</span> <span class='ocrx_word' id='word_1_21' title='bbox 799 392 872 430; x_wconf 86' lang='lat' dir='ltr'>sub</span> <span class='ocrx_word' id='word_1_22' title='bbox 891 390 964 431; x_wconf 85' lang='lat' dir='ltr'>An.</span> <span class='ocrx_word' id='word_1_23' title='bbox 987 394 1095 432; x_wconf 88' lang='lat'>1166</span> <span class='ocrx_word' id='word_1_24' title='bbox 1121 403 1173 428; x_wconf 82' lang='lat' dir='ltr'>ex</span> <span class='ocrx_word' id='word_1_25' title='bbox 1188 390 1296 428; x_wconf 82' lang='lat' dir='ltr'>Actis</span> <span class='ocrx_word' id='word_1_26' title='bbox 1315 388 1528 428; x_wconf 83' lang='lat' dir='ltr'>Alexandri</span> <span class='ocrx_word' id='word_1_27' title='bbox 1542 401 1614 453; x_wconf 86' lang='lat' dir='ltr'>pp.</span> 
     </span>
     <span class='ocr_line' id='line_1_4' title="bbox 158 445 1615 495; baseline -0.004 -6"><span class='ocrx_word' id='word_1_28' title='bbox 158 451 279 490; x_wconf 82' lang='lat' dir='ltr'>refert</span> <span class='ocrx_word' id='word_1_29' title='bbox 290 449 495 487; x_wconf 87' lang='lat' dir='ltr'>Baronius.</span> <span class='ocrx_word' id='word_1_30' title='bbox 530 454 572 486; x_wconf 85' lang='lat' dir='ltr'>at</span> <span class='ocrx_word' id='word_1_31' title='bbox 588 448 820 487; x_wconf 86' lang='lat' dir='ltr'>Gotesridus</span> <span class='ocrx_word' id='word_1_32' title='bbox 839 446 1056 486; x_wconf 89' lang='lat' dir='ltr'>monachus</span> <span class='ocrx_word' id='word_1_33' title='bbox 1075 447 1146 485; x_wconf 84' lang='lat' dir='ltr'>id·</span> <span class='ocrx_word' id='word_1_34' title='bbox 1135 461 1177 485; x_wconf 88' lang='lat' dir='ltr'>m</span> <span class='ocrx_word' id='word_1_35' title='bbox 1198 447 1269 486; x_wconf 88' lang='grc' dir='ltr'>Διι.</span> <span class='ocrx_word' id='word_1_36' title='bbox 1282 449 1386 488; x_wconf 88' lang='lat'>1171</span> <span class='ocrx_word' id='word_1_37' title='bbox 1408 445 1550 495; x_wconf 86' lang='lat' dir='ltr'>reiicit,</span> <span class='ocrx_word' id='word_1_38' title='bbox 1571 446 1615 483; x_wconf 90' lang='lat' dir='ltr'>in</span> 
     </span>
     <span class='ocr_line' id='line_1_5' title="bbox 158 503 1616 557; baseline -0.003 -12"><span class='ocrx_word' id='word_1_39' title='bbox 158 519 238 557; x_wconf 87' lang='lat' dir='ltr'>quo</span> <span class='ocrx_word' id='word_1_40' title='bbox 261 505 382 557; x_wconf 83' lang='lat' dir='ltr'>magis</span> <span class='ocrx_word' id='word_1_41' title='bbox 400 505 451 543; x_wconf 82' lang='lat' dir='ltr'>ad</span> <span class='ocrx_word' id='word_1_42' title='bbox 470 505 714 542; x_wconf 81' lang='lat' dir='ltr'>cinnamum</span> <span class='ocrx_word' id='word_1_43' title='bbox 722 504 890 543; x_wconf 83' lang='lat' dir='ltr'>accedit:</span> <span class='ocrx_word' id='word_1_44' title='bbox 918 503 1087 542; x_wconf 84' lang='lat' dir='ltr'>Annales</span> <span class='ocrx_word' id='word_1_45' title='bbox 1113 516 1208 542; x_wconf 88' lang='lat' dir='ltr'>vero</span> <span class='ocrx_word' id='word_1_46' title='bbox 1226 504 1371 541; x_wconf 85' lang='lat' dir='ltr'>Rerum</span> <span class='ocrx_word' id='word_1_47' title='bbox 1387 503 1616 541; x_wconf 81' lang='lat' dir='ltr'>Pisanarum</span> 
     </span>
     <span class='ocr_line' id='line_1_6' title="bbox 158 558 1614 614; baseline -0.001 -14"><span class='ocrx_word' id='word_1_48' title='bbox 158 562 375 614; x_wconf 85' lang='lat' dir='ltr'>Ughelliani</span> <span class='ocrx_word' id='word_1_49' title='bbox 399 561 441 600; x_wconf 90' lang='lat' dir='ltr'>in</span> <span class='ocrx_word' id='word_1_50' title='bbox 460 562 534 604; x_wconf 84' lang='lat' dir='ltr'>An.</span> <span class='ocrx_word' id='word_1_51' title='bbox 557 563 685 612; x_wconf 89' lang='lat'>1177,</span> <span class='ocrx_word' id='word_1_52' title='bbox 717 561 883 611; x_wconf 89' lang='lat' dir='ltr'>denique</span> <span class='ocrx_word' id='word_1_53' title='bbox 901 559 1126 598; x_wconf 83' lang='lat' dir='ltr'>chronicon</span> <span class='ocrx_word' id='word_1_54' title='bbox 1145 559 1253 597; x_wconf 90' lang='lat' dir='ltr'>aliud</span> <span class='ocrx_word' id='word_1_55' title='bbox 1273 559 1457 597; x_wconf 89' lang='lat' dir='ltr'>Pisanum</span> <span class='ocrx_word' id='word_1_56' title='bbox 1479 560 1519 597; x_wconf 88' lang='lat' dir='ltr'>in</span> <span class='ocrx_word' id='word_1_57' title='bbox 1541 558 1614 598; x_wconf 83' lang='lat' dir='ltr'>An.</span> 
     </span>
     <span class='ocr_line' id='line_1_7' title="bbox 161 615 1617 670; baseline -0.006 -9"><span class='ocrx_word' id='word_1_58' title='bbox 161 618 282 661; x_wconf 89' lang='lat'>1174.</span> <span class='ocrx_word' id='word_1_59' title='bbox 338 618 406 656; x_wconf 87' lang='lat' dir='ltr'>sed</span> <span class='ocrx_word' id='word_1_60' title='bbox 422 618 462 656; x_wconf 90' lang='lat' dir='ltr'>in</span> <span class='ocrx_word' id='word_1_61' title='bbox 477 631 522 656; x_wconf 92' lang='lat' dir='ltr'>eo</span> <span class='ocrx_word' id='word_1_62' title='bbox 541 617 703 656; x_wconf 82' lang='lat' dir='ltr'>videtur</span> <span class='ocrx_word' id='word_1_63' title='bbox 719 630 878 670; x_wconf 80' lang='lat' dir='ltr'>peccare</span> <span class='ocrx_word' id='word_1_64' title='bbox 897 615 1135 662; x_wconf 82' lang='lat' dir='ltr'>Gotesridus,</span> <span class='ocrx_word' id='word_1_65' title='bbox 1167 616 1276 665; x_wconf 82' lang='lat' dir='ltr'>quod</span> <span class='ocrx_word' id='word_1_66' title='bbox 1295 615 1494 654; x_wconf 81' lang='lat' dir='ltr'>Anconam</span> <span class='ocrx_word' id='word_1_67' title='bbox 1514 615 1617 653; x_wconf 86' lang='lat' dir='ltr'>Fre-</span> 
     </span>
     <span class='ocr_line' id='line_1_8' title="bbox 161 671 1617 726; baseline -0.003 -12"><span class='ocrx_word' id='word_1_68' title='bbox 161 675 294 714; x_wconf 83' lang='lat' dir='ltr'>derico</span> <span class='ocrx_word' id='word_1_69' title='bbox 311 675 534 714; x_wconf 81' lang='lat' dir='ltr'>restitutam</span> <span class='ocrx_word' id='word_1_70' title='bbox 551 674 696 712; x_wconf 87' lang='lat' dir='ltr'>scribit.</span> <span class='ocrx_word' id='word_1_71' title='bbox 738 680 919 726; x_wconf 84' lang='lat' dir='ltr'>praeerat</span> <span class='ocrx_word' id='word_1_72' title='bbox 936 679 1067 710; x_wconf 82' lang='lat' dir='ltr'>autem</span> <span class='ocrx_word' id='word_1_73' title='bbox 1086 672 1346 710; x_wconf 87' lang='lat' dir='ltr'>Alemannicis</span> <span class='ocrx_word' id='word_1_74' title='bbox 1362 673 1482 724; x_wconf 89' lang='lat' dir='ltr'>copiis</span> <span class='ocrx_word' id='word_1_75' title='bbox 1502 671 1617 710; x_wconf 84' lang='lat' dir='ltr'>Chri-</span> 
     </span>
     <span class='ocr_line' id='line_1_9' title="bbox 160 729 1620 783; baseline -0.003 -13"><span class='ocrx_word' id='word_1_76' title='bbox 160 733 312 770; x_wconf 85' lang='lat' dir='ltr'>stianus</span> <span class='ocrx_word' id='word_1_77' title='bbox 350 731 551 783; x_wconf 88' lang='lat' dir='ltr'>episcopus</span> <span class='ocrx_word' id='word_1_78' title='bbox 580 729 833 782; x_wconf 85' lang='lat' dir='ltr'>Moguntinus</span> <span class='ocrx_word' id='word_1_79' title='bbox 861 729 1058 768; x_wconf 82' lang='lat' dir='ltr'>Frederici</span> <span class='ocrx_word' id='word_1_80' title='bbox 1087 729 1359 767; x_wconf 87' lang='lat' dir='ltr'>cancellarius:</span> <span class='ocrx_word' id='word_1_81' title='bbox 1402 731 1620 780; x_wconf 82' lang='lat' dir='ltr'>imperator</span> 
     </span>
     <span class='ocr_line' id='line_1_10' title="bbox 166 785 1620 839; baseline -0.003 -12"><span class='ocrx_word' id='word_1_82' title='bbox 166 788 446 827; x_wconf 61' lang='lat' dir='ltr'>Christianum</span> <span class='ocrx_word' id='word_1_83' title='bbox 462 789 752 838; x_wconf 72' lang='lat' dir='ltr'>Illogantinum</span> <span class='ocrx_word' id='word_1_84' title='bbox 766 787 1110 839; x_wconf 78' lang='lat' dir='ltr'>archiepiscopum</span> <span class='ocrx_word' id='word_1_85' title='bbox 1135 788 1178 823; x_wconf 81' lang='lat' dir='ltr'>in</span> <span class='ocrx_word' id='word_1_86' title='bbox 1197 785 1366 823; x_wconf 82' lang='lat' dir='ltr'>ltaliam</span> <span class='ocrx_word' id='word_1_87' title='bbox 1385 787 1516 837; x_wconf 82' lang='lat' dir='ltr'>misit,</span> <span class='ocrx_word' id='word_1_88' title='bbox 1548 786 1620 837; x_wconf 82' lang='lat' dir='ltr'>qui</span> 
     </span>
     <span class='ocr_line' id='line_1_11' title="bbox 155 843 1619 896; baseline -0.001 -14"><span class='ocrx_word' id='word_1_89' title='bbox 155 859 231 896; x_wconf 81' lang='lat' dir='ltr'>per</span> <span class='ocrx_word' id='word_1_90' title='bbox 261 846 435 896; x_wconf 79' lang='lat' dir='ltr'>quinque</span> <span class='ocrx_word' id='word_1_91' title='bbox 453 845 545 896; x_wconf 82' lang='lat' dir='ltr'>sere</span> <span class='ocrx_word' id='word_1_92' title='bbox 575 843 634 881; x_wconf 81' lang='lat' dir='ltr'>ibi</span> <span class='ocrx_word' id='word_1_93' title='bbox 661 843 805 895; x_wconf 80' lang='lat' dir='ltr'>degens</span> <span class='ocrx_word' id='word_1_94' title='bbox 832 857 961 881; x_wconf 83' lang='lat' dir='ltr'>annos</span> <span class='ocrx_word' id='word_1_95' title='bbox 988 843 1121 880; x_wconf 83' lang='lat' dir='ltr'>multa</span> <span class='ocrx_word' id='word_1_96' title='bbox 1152 849 1307 880; x_wconf 85' lang='lat' dir='ltr'>strenue</span> <span class='ocrx_word' id='word_1_97' title='bbox 1330 849 1518 893; x_wconf 82' lang='lat' dir='ltr'>operatus</span> <span class='ocrx_word' id='word_1_98' title='bbox 1550 848 1619 880; x_wconf 84' lang='lat' dir='ltr'>est.</span> 
     </span>
     <span class='ocr_line' id='line_1_12' title="bbox 162 899 1622 950; baseline -0.003 -11"><span class='ocrx_word' id='word_1_99' title='bbox 162 915 260 939; x_wconf 86' lang='lat' dir='ltr'>nam</span> <span class='ocrx_word' id='word_1_100' title='bbox 279 901 496 939; x_wconf 82' lang='lat' dir='ltr'>Anconam</span> <span class='ocrx_word' id='word_1_101' title='bbox 517 901 719 938; x_wconf 81' lang='lat' dir='ltr'>civitatem</span> <span class='ocrx_word' id='word_1_102' title='bbox 736 903 1003 947; x_wconf 84' lang='lat' dir='ltr'>maritimam,</span> <span class='ocrx_word' id='word_1_103' title='bbox 1033 899 1212 950; x_wconf 79' lang='lat' dir='ltr'>expulsis</span> <span class='ocrx_word' id='word_1_104' title='bbox 1234 900 1415 946; x_wconf 76' lang='lat' dir='ltr'>Graecis,</span> <span class='ocrx_word' id='word_1_105' title='bbox 1443 900 1622 949; x_wconf 78' lang='lat' dir='ltr'>impera-</span> 
     </span>
     <span class='ocr_line' id='line_1_13' title="bbox 163 949 1622 1008; baseline -0.003 -13"><span class='ocrx_word' id='word_1_106' title='bbox 163 959 244 995; x_wconf 80' lang='lat' dir='ltr'>tori</span> <span class='ocrx_word' id='word_1_107' title='bbox 268 959 459 996; x_wconf 70' lang='lat' dir='ltr'>restituit.</span> <span class='ocrx_word' id='word_1_108' title='bbox 515 970 636 1008; x_wconf 88' lang='lat' dir='ltr'>porro</span> <span class='ocrx_word' id='word_1_109' title='bbox 665 971 768 995; x_wconf 86' lang='lat' dir='ltr'>anno</span> <span class='ocrx_word' id='word_1_110' title='bbox 788 957 895 999; x_wconf 88' lang='lat'>1165</span> <span class='ocrx_word' id='word_1_111' title='bbox 914 957 956 995; x_wconf 90' lang='lat' dir='ltr'>in</span> <span class='ocrx_word' id='word_1_112' title='bbox 975 949 1126 993; x_wconf 84' lang='lat' dir='ltr'>It&#39;aliam</span> <span class='ocrx_word' id='word_1_113' title='bbox 1147 955 1258 995; x_wconf 87' lang='lat' dir='ltr'>venit</span> <span class='ocrx_word' id='word_1_114' title='bbox 1280 955 1546 1002; x_wconf 78' lang='lat' dir='ltr'>Christianus,</span> <span class='ocrx_word' id='word_1_115' title='bbox 1574 966 1622 992; x_wconf 92' lang='lat' dir='ltr'>eo</span> 
     </span>
     <span class='ocr_line' id='line_1_14' title="bbox 163 1011 1623 1063; baseline -0.003 -11"><span class='ocrx_word' id='word_1_116' title='bbox 163 1014 303 1052; x_wconf 83' lang='lat' dir='ltr'>missus</span> <span class='ocrx_word' id='word_1_117' title='bbox 333 1027 423 1052; x_wconf 90' lang='lat' dir='ltr'>cum</span> <span class='ocrx_word' id='word_1_118' title='bbox 455 1013 595 1051; x_wconf 86' lang='lat' dir='ltr'>comite</span> <span class='ocrx_word' id='word_1_119' title='bbox 624 1014 833 1052; x_wconf 88' lang='lat' dir='ltr'>Gothelmo</span> <span class='ocrx_word' id='word_1_120' title='bbox 863 1026 886 1051; x_wconf 84' lang='lat' dir='ltr'>a</span> <span class='ocrx_word' id='word_1_121' title='bbox 915 1012 1144 1061; x_wconf 88' lang='lat' dir='ltr'>Frederico‚</span> <span class='ocrx_word' id='word_1_122' title='bbox 1185 1017 1232 1050; x_wconf 85' lang='lat' dir='ltr'>ut</span> <span class='ocrx_word' id='word_1_123' title='bbox 1256 1011 1495 1063; x_wconf 87' lang='lat' dir='ltr'>provincias,</span> <span class='ocrx_word' id='word_1_124' title='bbox 1523 1023 1623 1060; x_wconf 85' lang='lat' dir='ltr'>quae</span> 
     </span>
     <span class='ocr_line' id='line_1_15' title="bbox 163 1069 1624 1122; baseline -0.003 -14"><span class='ocrx_word' id='word_1_125' title='bbox 163 1070 363 1109; x_wconf 82' lang='lat' dir='ltr'>willelmo</span> <span class='ocrx_word' id='word_1_126' title='bbox 381 1070 532 1108; x_wconf 86' lang='lat' dir='ltr'>Siciliae</span> <span class='ocrx_word' id='word_1_127' title='bbox 549 1070 628 1120; x_wconf 84' lang='lat' dir='ltr'>regi</span> <span class='ocrx_word' id='word_1_128' title='bbox 643 1075 682 1107; x_wconf 91' lang='lat' dir='ltr'>et</span> <span class='ocrx_word' id='word_1_129' title='bbox 700 1083 850 1109; x_wconf 89' lang='lat' dir='ltr'>summo</span> <span class='ocrx_word' id='word_1_130' title='bbox 869 1069 1047 1122; x_wconf 87' lang='lat' dir='ltr'>pontifici</span> <span class='ocrx_word' id='word_1_131' title='bbox 1078 1069 1290 1120; x_wconf 84' lang='lat' dir='ltr'>parebant,</span> <span class='ocrx_word' id='word_1_132' title='bbox 1321 1073 1564 1119; x_wconf 82' lang='lat' dir='ltr'>expugnaret</span> <span class='ocrx_word' id='word_1_133' title='bbox 1583 1072 1624 1104; x_wconf 83' lang='lat' dir='ltr'>et</span> 
     </span>
     <span class='ocr_line' id='line_1_16' title="bbox 166 1124 1624 1179; baseline -0.002 -14"><span class='ocrx_word' id='word_1_134' title='bbox 166 1127 400 1165; x_wconf 85' lang='lat' dir='ltr'>Germanico</span> <span class='ocrx_word' id='word_1_135' title='bbox 431 1132 618 1164; x_wconf 83' lang='lat' dir='ltr'>assereret</span> <span class='ocrx_word' id='word_1_136' title='bbox 643 1126 830 1179; x_wconf 82' lang='lat' dir='ltr'>imperio:</span> <span class='ocrx_word' id='word_1_137' title='bbox 871 1126 1117 1178; x_wconf 87' lang='lat' dir='ltr'>praefuitque</span> <span class='ocrx_word' id='word_1_138' title='bbox 1147 1125 1265 1175; x_wconf 87' lang='lat' dir='ltr'>copiis</span> <span class='ocrx_word' id='word_1_139' title='bbox 1293 1124 1552 1163; x_wconf 78' lang='lat' dir='ltr'>Alamannicis</span> <span class='ocrx_word' id='word_1_140' title='bbox 1580 1124 1624 1162; x_wconf 87' lang='lat' dir='ltr'>in</span> 
     </span>
     <span class='ocr_line' id='line_1_17' title="bbox 165 1180 1624 1233; baseline -0.003 -12"><span class='ocrx_word' id='word_1_141' title='bbox 165 1183 279 1221; x_wconf 88' lang='lat' dir='ltr'>Italia</span> <span class='ocrx_word' id='word_1_142' title='bbox 301 1183 481 1233; x_wconf 89' lang='lat' dir='ltr'>usquein</span> <span class='ocrx_word' id='word_1_143' title='bbox 502 1196 648 1220; x_wconf 84' lang='lat' dir='ltr'>annum</span> <span class='ocrx_word' id='word_1_144' title='bbox 672 1186 794 1233; x_wconf 83' lang='lat'>1183,</span> <span class='ocrx_word' id='word_1_145' title='bbox 830 1189 879 1221; x_wconf 88' lang='lat' dir='ltr'>ut</span> <span class='ocrx_word' id='word_1_146' title='bbox 898 1183 1086 1221; x_wconf 82' lang='lat' dir='ltr'>docemur</span> <span class='ocrx_word' id='word_1_147' title='bbox 1105 1194 1155 1219; x_wconf 85' lang='lat' dir='ltr'>ex</span> <span class='ocrx_word' id='word_1_148' title='bbox 1173 1181 1368 1219; x_wconf 89' lang='lat' dir='ltr'>Chronico</span> <span class='ocrx_word' id='word_1_149' title='bbox 1391 1180 1624 1218; x_wconf 88' lang='lat' dir='ltr'>Ceccanensi</span> 
     </span>
     <span class='ocr_line' id='line_1_18' title="bbox 166 1223 1624 1290; baseline -0.002 -13"><span class='ocrx_word' id='word_1_150' title='bbox 166 1251 237 1277; x_wconf 81' lang='lat' dir='ltr'>seu</span> <span class='ocrx_word' id='word_1_151' title='bbox 254 1239 392 1277; x_wconf 86' lang='lat' dir='ltr'>Fossae</span> <span class='ocrx_word' id='word_1_152' title='bbox 411 1240 557 1279; x_wconf 84' lang='lat' dir='ltr'>Novae.</span> <span class='ocrx_word' id='word_1_153' title='bbox 585 1239 890 1290; x_wconf 82' lang='lat' dir='ltr'>Moguntinensis</span> <span class='ocrx_word' id='word_1_154' title='bbox 908 1239 1019 1277; x_wconf 90' lang='lat' dir='ltr'>istius</span> <span class='ocrx_word' id='word_1_155' title='bbox 1037 1238 1207 1289; x_wconf 83' lang='lat' dir='ltr'>episcopi</span> <span class='ocrx_word' id='word_1_156' title='bbox 1225 1223 1488 1275; x_wconf 80' lang='lat' dir='ltr'>meminerunt</span> <span class='ocrx_word' id='word_1_157' title='bbox 1505 1249 1624 1288; x_wconf 88' lang='lat' dir='ltr'>prae-</span> 
     </span>
     <span class='ocr_line' id='line_1_19' title="bbox 166 1294 1623 1345; baseline -0.002 -11"><span class='ocrx_word' id='word_1_158' title='bbox 166 1301 271 1334; x_wconf 87' lang='lat' dir='ltr'>terea</span> <span class='ocrx_word' id='word_1_159' title='bbox 295 1296 478 1335; x_wconf 87' lang='lat' dir='ltr'>Nicetas</span> <span class='ocrx_word' id='word_1_160' title='bbox 468 1310 509 1333; x_wconf 87' lang='grc' dir='ltr'>ιιι</span> <span class='ocrx_word' id='word_1_161' title='bbox 530 1295 734 1335; x_wconf 87' lang='lat' dir='ltr'>Isaaciol.</span> <span class='ocrx_word' id='word_1_162' title='bbox 750 1300 769 1337; x_wconf 92' lang='lat'>1</span> <span class='ocrx_word' id='word_1_163' title='bbox 795 1309 835 1334; x_wconf 88' lang='lat' dir='ltr'>n.</span> <span class='ocrx_word' id='word_1_164' title='bbox 853 1299 902 1345; x_wconf 90' lang='lat'>7,</span> <span class='ocrx_word' id='word_1_165' title='bbox 934 1301 1072 1333; x_wconf 84' lang='lat' dir='ltr'>auctor</span> <span class='ocrx_word' id='word_1_166' title='bbox 1102 1295 1250 1335; x_wconf 77' lang='lat' dir='ltr'>Histor.</span> <span class='ocrx_word' id='word_1_167' title='bbox 1277 1294 1402 1345; x_wconf 90' lang='lat' dir='ltr'>Episc.</span> <span class='ocrx_word' id='word_1_168' title='bbox 1428 1295 1623 1332; x_wconf 85' lang='lat' dir='ltr'>B1·.emens</span> 
     </span>
     <span class='ocr_line' id='line_1_20' title="bbox 167 1351 1620 1403; baseline -0.002 -13"><span class='ocrx_word' id='word_1_169' title='bbox 167 1351 243 1390; x_wconf 87' lang='lat' dir='ltr'>An.</span> <span class='ocrx_word' id='word_1_170' title='bbox 269 1356 397 1403; x_wconf 84' lang='lat'>1171,</span> <span class='ocrx_word' id='word_1_171' title='bbox 430 1352 652 1390; x_wconf 82' lang='lat' dir='ltr'>chronicon</span> <span class='ocrx_word' id='word_1_172' title='bbox 678 1352 1046 1403; x_wconf 83' lang='lat' dir='ltr'>Reicherspergense</span> <span class='ocrx_word' id='word_1_173' title='bbox 1071 1351 1145 1389; x_wconf 87' lang='lat' dir='ltr'>An.</span> <span class='ocrx_word' id='word_1_174' title='bbox 1164 1353 1272 1392; x_wconf 88' lang='lat'>1166</span> <span class='ocrx_word' id='word_1_175' title='bbox 1303 1352 1409 1392; x_wconf 88' lang='lat'>1183</span> <span class='ocrx_word' id='word_1_176' title='bbox 1437 1356 1478 1388; x_wconf 88' lang='lat' dir='ltr'>et</span> <span class='ocrx_word' id='word_1_177' title='bbox 1497 1351 1620 1401; x_wconf 84' lang='lat' dir='ltr'>Roge-</span> 
     </span>
    </p>
   </div>
   <div class='ocr_carea' id='block_1_3' title="bbox 167 1406 1624 1503">
    <p class='ocr_par' dir='ltr' id='par_1_3' title="bbox 167 1406 1624 1503">
     <span class='ocr_line' id='line_1_21' title="bbox 167 1406 1624 1459; baseline -0.002 -12"><span class='ocrx_word' id='word_1_178' title='bbox 167 1422 238 1447; x_wconf 91' lang='lat' dir='ltr'>rus</span> <span class='ocrx_word' id='word_1_179' title='bbox 266 1408 471 1447; x_wconf 86' lang='lat' dir='ltr'>Hoveden.</span> <span class='ocrx_word' id='word_1_180' title='bbox 498 1408 572 1448; x_wconf 82' lang='lat' dir='ltr'>An.</span> <span class='ocrx_word' id='word_1_181' title='bbox 594 1410 717 1451; x_wconf 87' lang='lat'>1197.</span> <span class='ocrx_word' id='word_1_182' title='bbox 771 1409 864 1448; x_wconf 83' lang='lat' dir='ltr'>vide</span> <span class='ocrx_word' id='word_1_183' title='bbox 893 1408 1115 1447; x_wconf 85' lang='lat' dir='ltr'>Serrarium</span> <span class='ocrx_word' id='word_1_184' title='bbox 1142 1407 1168 1446; x_wconf 92' lang='lat' dir='ltr'>l.</span> <span class='ocrx_word' id='word_1_185' title='bbox 1194 1409 1220 1450; x_wconf 86' lang='lat'><em>5</em></span> <span class='ocrx_word' id='word_1_186' title='bbox 1247 1408 1396 1446; x_wconf 86' lang='lat' dir='ltr'>Rerum</span> <span class='ocrx_word' id='word_1_187' title='bbox 1422 1406 1624 1459; x_wconf 86' lang='lat' dir='ltr'>Mogunti-</span> 
     </span>
     <span class='ocr_line' id='line_1_22' title="bbox 167 1478 322 1503; baseline 0 0"><span class='ocrx_word' id='word_1_188' title='bbox 167 1478 322 1503; x_wconf 88' lang='lat' dir='ltr'>narum.</span> 
     </span>
    </p>
   </div>
   <div class='ocr_carea' id='block_1_4' title="bbox 170 1545 1781 2789">
    <p class='ocr_par' dir='ltr' id='par_1_4' title="bbox 170 1545 1781 2789">
     <span class='ocr_line' id='line_1_23' title="bbox 282 1545 1624 1600; baseline -0.004 -11"><span class='ocrx_word' id='word_1_189' title='bbox 282 1562 322 1600; x_wconf 91' lang='lat' dir='ltr'>p.</span> <span class='ocrx_word' id='word_1_190' title='bbox 341 1550 423 1591; x_wconf 82' lang='lat'>289</span> <span class='ocrx_word' id='word_1_191' title='bbox 446 1561 486 1586; x_wconf 86' lang='lat' dir='ltr'>v.</span> <span class='ocrx_word' id='word_1_192' title='bbox 506 1551 576 1591; x_wconf 84' lang='lat'>20.</span> <span class='ocrx_word' id='word_1_193' title='bbox 634 1545 844 1599; x_wconf 74' lang='grc' dir='ltr'>Χαλιφαῖν]</span> <span class='ocrx_word' id='word_1_194' title='bbox 873 1547 933 1586; x_wconf 88' lang='lat' dir='ltr'>Ita</span> <span class='ocrx_word' id='word_1_195' title='bbox 951 1547 1198 1600; x_wconf 86' lang='lat' dir='ltr'>appellabant</span> <span class='ocrx_word' id='word_1_196' title='bbox 1221 1547 1400 1586; x_wconf 90' lang='lat' dir='ltr'>Saraceni</span> <span class='ocrx_word' id='word_1_197' title='bbox 1421 1560 1624 1599; x_wconf 89' lang='lat' dir='ltr'>supremos</span> 
     </span>
     <span class='ocr_line' id='line_1_24' title="bbox 170 1604 1625 1657; baseline -0.001 -15"><span class='ocrx_word' id='word_1_198' title='bbox 170 1606 291 1657; x_wconf 86' lang='lat' dir='ltr'>gentis</span> <span class='ocrx_word' id='word_1_199' title='bbox 308 1618 399 1643; x_wconf 87' lang='lat' dir='ltr'>suae</span> <span class='ocrx_word' id='word_1_200' title='bbox 416 1604 608 1656; x_wconf 81' lang='lat' dir='ltr'>principes</span> <span class='ocrx_word' id='word_1_201' title='bbox 623 1605 815 1642; x_wconf 85' lang='lat' dir='ltr'>vocabulo</span> <span class='ocrx_word' id='word_1_202' title='bbox 833 1604 1013 1654; x_wconf 85' lang='lat' dir='ltr'>Arabico,</span> <span class='ocrx_word' id='word_1_203' title='bbox 1042 1604 1149 1655; x_wconf 89' lang='lat' dir='ltr'>quod</span> <span class='ocrx_word' id='word_1_204' title='bbox 1166 1619 1428 1642; x_wconf 81' lang='lat' dir='ltr'>successorem</span> <span class='ocrx_word' id='word_1_205' title='bbox 1446 1605 1510 1642; x_wconf 83' lang='lat' dir='ltr'>vel</span> <span class='ocrx_word' id='word_1_206' title='bbox 1524 1605 1625 1641; x_wconf 71' lang='lat' dir='ltr'>llae-</span> 
     </span>
     <span class='ocr_line' id='line_1_25' title="bbox 172 1661 1626 1713; baseline -0.001 -13"><span class='ocrx_word' id='word_1_207' title='bbox 172 1661 303 1700; x_wconf 85' lang='lat' dir='ltr'>redem</span> <span class='ocrx_word' id='word_1_208' title='bbox 323 1661 532 1713; x_wconf 88' lang='lat' dir='ltr'>significat,</span> <span class='ocrx_word' id='word_1_209' title='bbox 560 1661 690 1712; x_wconf 87' lang='lat' dir='ltr'>inquit</span> <span class='ocrx_word' id='word_1_210' title='bbox 707 1661 923 1701; x_wconf 88' lang='lat' dir='ltr'>Willelmus</span> <span class='ocrx_word' id='word_1_211' title='bbox 942 1661 1084 1713; x_wconf 86' lang='lat' dir='ltr'>Tyrius</span> <span class='ocrx_word' id='word_1_212' title='bbox 1109 1662 1134 1699; x_wconf 91' lang='lat' dir='ltr'>l.</span> <span class='ocrx_word' id='word_1_213' title='bbox 1158 1663 1207 1702; x_wconf 90' lang='lat'>19</span> <span class='ocrx_word' id='word_1_214' title='bbox 1230 1675 1262 1700; x_wconf 92' lang='lat' dir='ltr'>c.</span> <span class='ocrx_word' id='word_1_215' title='bbox 1287 1663 1338 1704; x_wconf 88' lang='lat'>19</span> <span class='ocrx_word' id='word_1_216' title='bbox 1366 1667 1405 1699; x_wconf 88' lang='lat' dir='ltr'>et</span> <span class='ocrx_word' id='word_1_217' title='bbox 1428 1674 1477 1698; x_wconf 85' lang='lat' dir='ltr'>ex</span> <span class='ocrx_word' id='word_1_218' title='bbox 1495 1673 1540 1699; x_wconf 91' lang='lat' dir='ltr'>eo</span> <span class='ocrx_word' id='word_1_219' title='bbox 1560 1661 1626 1699; x_wconf 86' lang='lat' dir='ltr'>Ia-</span> 
     </span>
     <span class='ocr_line' id='line_1_26' title="bbox 172 1717 1627 1770; baseline -0.001 -14"><span class='ocrx_word' id='word_1_220' title='bbox 172 1719 295 1756; x_wconf 90' lang='lat' dir='ltr'>cobus</span> <span class='ocrx_word' id='word_1_221' title='bbox 324 1718 373 1755; x_wconf 85' lang='lat' dir='ltr'>de</span> <span class='ocrx_word' id='word_1_222' title='bbox 403 1717 576 1757; x_wconf 90' lang='lat' dir='ltr'>Vitriaco</span> <span class='ocrx_word' id='word_1_223' title='bbox 600 1718 629 1759; x_wconf 89' lang='lat' dir='ltr'>l.</span> <span class='ocrx_word' id='word_1_224' title='bbox 657 1721 677 1759; x_wconf 89' lang='lat'>1</span> <span class='ocrx_word' id='word_1_225' title='bbox 708 1731 740 1757; x_wconf 90' lang='lat' dir='ltr'>c.</span> <span class='ocrx_word' id='word_1_226' title='bbox 765 1721 812 1760; x_wconf 79' lang='lat'>7:</span> <span class='ocrx_word' id='word_1_227' title='bbox 853 1733 895 1756; x_wconf 88' lang='lat' dir='ltr'>eo</span> <span class='ocrx_word' id='word_1_228' title='bbox 928 1717 1041 1770; x_wconf 82' lang='lat' dir='ltr'>quod</span> <span class='ocrx_word' id='word_1_229' title='bbox 1069 1719 1218 1756; x_wconf 80' lang='lat' dir='ltr'>summi</span> <span class='ocrx_word' id='word_1_230' title='bbox 1247 1731 1383 1755; x_wconf 84' lang='lat' dir='ltr'>eorum</span> <span class='ocrx_word' id='word_1_231' title='bbox 1407 1718 1627 1769; x_wconf 76' lang='lat' dir='ltr'>prophetae</span> 
     </span>
     <span class='ocr_line' id='line_1_27' title="bbox 173 1773 1628 1814; baseline -0.001 -1"><span class='ocrx_word' id='word_1_232' title='bbox 173 1776 299 1813; x_wconf 67' lang='lat' dir='ltr'>vicem</span> <span class='ocrx_word' id='word_1_233' title='bbox 320 1782 356 1811; x_wconf 85' lang='lat' dir='ltr'>et</span> <span class='ocrx_word' id='word_1_234' title='bbox 371 1776 658 1812; x_wconf 73' lang='lat' dir='ltr'>successionem</span> <span class='ocrx_word' id='word_1_235' title='bbox 677 1776 765 1812; x_wconf 83' lang='lat' dir='ltr'>iure</span> <span class='ocrx_word' id='word_1_236' title='bbox 778 1781 947 1812; x_wconf 85' lang='lat' dir='ltr'>tenerent</span> <span class='ocrx_word' id='word_1_237' title='bbox 969 1774 1253 1814; x_wconf 69' lang='lat' dir='ltr'>haereditario.</span> <span class='ocrx_word' id='word_1_238' title='bbox 1311 1780 1352 1812; x_wconf 85' lang='lat' dir='ltr'>at</span> <span class='ocrx_word' id='word_1_239' title='bbox 1381 1774 1562 1812; x_wconf 84' lang='lat' dir='ltr'>Vaterius</span> <span class='ocrx_word' id='word_1_240' title='bbox 1584 1773 1628 1811; x_wconf 85' lang='lat' dir='ltr'>in</span> 
     </span>
     <span class='ocr_line' id='line_1_28' title="bbox 174 1830 1634 1883; baseline -0.001 -15"><span class='ocrx_word' id='word_1_241' title='bbox 174 1831 340 1883; x_wconf 84' lang='lat' dir='ltr'>praefat.</span> <span class='ocrx_word' id='word_1_242' title='bbox 361 1830 412 1868; x_wconf 87' lang='lat' dir='ltr'>ad</span> <span class='ocrx_word' id='word_1_243' title='bbox 431 1831 698 1868; x_wconf 86' lang='lat' dir='ltr'>El-Macinum</span> <span class='ocrx_word' id='word_1_244' title='bbox 722 1836 873 1880; x_wconf 86' lang='lat' dir='ltr'>censet,</span> <span class='ocrx_word' id='word_1_245' title='bbox 901 1831 978 1869; x_wconf 88' lang='lat' dir='ltr'>hac</span> <span class='ocrx_word' id='word_1_246' title='bbox 1004 1844 1100 1869; x_wconf 87' lang='lat' dir='ltr'>voce</span> <span class='ocrx_word' id='word_1_247' title='bbox 1124 1832 1303 1868; x_wconf 75' lang='lat' dir='ltr'>vicarios</span> <span class='ocrx_word' id='word_1_248' title='bbox 1323 1843 1391 1868; x_wconf 89' lang='lat' dir='ltr'>seu</span> <span class='ocrx_word' id='word_1_249' title='bbox 1413 1831 1547 1867; x_wconf 85' lang='lat' dir='ltr'>locum</span> <span class='ocrx_word' id='word_1_250' title='bbox 1571 1837 1634 1867; x_wconf 82' lang='lat' dir='ltr'>te-</span> 
     </span>
     <span class='ocr_line' id='line_1_29' title="bbox 175 1885 1635 1938; baseline -0.001 -14"><span class='ocrx_word' id='word_1_251' title='bbox 175 1894 310 1925; x_wconf 85' lang='lat' dir='ltr'>nentes</span> <span class='ocrx_word' id='word_1_252' title='bbox 328 1899 409 1924; x_wconf 87' lang='lat' dir='ltr'>sese</span> <span class='ocrx_word' id='word_1_253' title='bbox 430 1888 690 1938; x_wconf 84' lang='lat' dir='ltr'>appellitasse,</span> <span class='ocrx_word' id='word_1_254' title='bbox 720 1887 783 1924; x_wconf 85' lang='lat' dir='ltr'>‹lei</span> <span class='ocrx_word' id='word_1_255' title='bbox 806 1900 965 1938; x_wconf 87' lang='lat' dir='ltr'>nempe:</span> <span class='ocrx_word' id='word_1_256' title='bbox 992 1887 1099 1925; x_wconf 86' lang='lat' dir='ltr'>unde</span> <span class='ocrx_word' id='word_1_257' title='bbox 1122 1900 1167 1925; x_wconf 88' lang='lat' dir='ltr'>eo</span> <span class='ocrx_word' id='word_1_258' title='bbox 1188 1887 1344 1924; x_wconf 88' lang='lat' dir='ltr'>nomine</span> <span class='ocrx_word' id='word_1_259' title='bbox 1365 1887 1405 1923; x_wconf 87' lang='lat' dir='ltr'>in</span> <span class='ocrx_word' id='word_1_260' title='bbox 1426 1892 1538 1924; x_wconf 89' lang='lat' dir='ltr'>tanto</span> <span class='ocrx_word' id='word_1_261' title='bbox 1556 1885 1635 1923; x_wconf 87' lang='lat' dir='ltr'>ho-</span> 
     </span>
     <span class='ocr_line' id='line_1_30' title="bbox 178 1942 1637 1994; baseline -0.001 -12"><span class='ocrx_word' id='word_1_262' title='bbox 178 1956 276 1982; x_wconf 85' lang='lat' dir='ltr'>nore</span> <span class='ocrx_word' id='word_1_263' title='bbox 307 1948 346 1980; x_wconf 89' lang='lat' dir='ltr'>et</span> <span class='ocrx_word' id='word_1_264' title='bbox 370 1944 592 1981; x_wconf 89' lang='lat' dir='ltr'>reverentia</span> <span class='ocrx_word' id='word_1_265' title='bbox 617 1956 639 1980; x_wconf 86' lang='lat' dir='ltr'>a</span> <span class='ocrx_word' id='word_1_266' title='bbox 665 1943 743 1981; x_wconf 83' lang='lat' dir='ltr'>suis</span> <span class='ocrx_word' id='word_1_267' title='bbox 762 1942 1029 1992; x_wconf 88' lang='lat' dir='ltr'>habebantur,</span> <span class='ocrx_word' id='word_1_268' title='bbox 1058 1950 1106 1982; x_wconf 86' lang='lat' dir='ltr'>ut</span> <span class='ocrx_word' id='word_1_269' title='bbox 1127 1944 1237 1994; x_wconf 88' lang='lat' dir='ltr'>quasi</span> <span class='ocrx_word' id='word_1_270' title='bbox 1256 1956 1329 1994; x_wconf 92' lang='lat' dir='ltr'>pro</span> <span class='ocrx_word' id='word_1_271' title='bbox 1351 1943 1512 1980; x_wconf 89' lang='lat' dir='ltr'>numine</span> <span class='ocrx_word' id='word_1_272' title='bbox 1530 1944 1637 1980; x_wconf 89' lang='lat' dir='ltr'>cole-</span> 
     </span>
     <span class='ocr_line' id='line_1_31' title="bbox 178 1999 1637 2051; baseline -0.001 -13"><span class='ocrx_word' id='word_1_273' title='bbox 178 2006 344 2049; x_wconf 87' lang='lat' dir='ltr'>rentur,</span> <span class='ocrx_word' id='word_1_274' title='bbox 382 2014 451 2038; x_wconf 85' lang='lat' dir='ltr'>nec</span> <span class='ocrx_word' id='word_1_275' title='bbox 480 2001 562 2037; x_wconf 80' lang='lat' dir='ltr'>nisi</span> <span class='ocrx_word' id='word_1_276' title='bbox 587 1999 780 2037; x_wconf 86' lang='lat' dir='ltr'>mandato</span> <span class='ocrx_word' id='word_1_277' title='bbox 809 2007 843 2037; x_wconf 89' lang='lat' dir='ltr'>et</span> <span class='ocrx_word' id='word_1_278' title='bbox 869 2002 1114 2037; x_wconf 79' lang='lat' dir='ltr'>auctoritate</span> <span class='ocrx_word' id='word_1_279' title='bbox 1139 2000 1257 2037; x_wconf 83' lang='lat' dir='ltr'>illius</span> <span class='ocrx_word' id='word_1_280' title='bbox 1286 2004 1637 2051; x_wconf 77' lang='lat' dir='ltr'>quantumcunque</span> 
     </span>
     <span class='ocr_line' id='line_1_32' title="bbox 173 2055 1635 2109; baseline -0.001 -15"><span class='ocrx_word' id='word_1_281' title='bbox 173 2064 318 2109; x_wconf 82' lang='lat' dir='ltr'>potens</span> <span class='ocrx_word' id='word_1_282' title='bbox 338 2064 414 2094; x_wconf 80' lang='lat' dir='ltr'>aut</span> <span class='ocrx_word' id='word_1_283' title='bbox 436 2056 582 2094; x_wconf 81' lang='lat' dir='ltr'>nobilis</span> <span class='ocrx_word' id='word_1_284' title='bbox 602 2057 874 2108; x_wconf 77' lang='lat' dir='ltr'>appellaretur</span> <span class='ocrx_word' id='word_1_285' title='bbox 895 2055 1124 2105; x_wconf 72' lang='lat' dir='ltr'>soldanus,</span> <span class='ocrx_word' id='word_1_286' title='bbox 1155 2063 1190 2093; x_wconf 84' lang='lat' dir='ltr'>et</span> <span class='ocrx_word' id='word_1_287' title='bbox 1210 2070 1341 2094; x_wconf 83' lang='lat' dir='ltr'>omnes</span> <span class='ocrx_word' id='word_1_288' title='bbox 1358 2058 1446 2094; x_wconf 78' lang='lat' dir='ltr'>eius</span> <span class='ocrx_word' id='word_1_289' title='bbox 1464 2056 1635 2104; x_wconf 80' lang='lat' dir='ltr'>subditi,</span> 
     </span>
     <span class='ocr_line' id='line_1_33' title="bbox 181 2111 1636 2164; baseline -0.001 -12"><span class='ocrx_word' id='word_1_290' title='bbox 181 2121 265 2153; x_wconf 86' lang='lat' dir='ltr'>tam</span> <span class='ocrx_word' id='word_1_291' title='bbox 287 2127 395 2164; x_wconf 79' lang='lat' dir='ltr'>reges</span> <span class='ocrx_word' id='word_1_292' title='bbox 415 2127 537 2164; x_wconf 83' lang='lat' dir='ltr'>quam</span> <span class='ocrx_word' id='word_1_293' title='bbox 557 2113 654 2162; x_wconf 83' lang='lat' dir='ltr'>alii,</span> <span class='ocrx_word' id='word_1_294' title='bbox 684 2111 807 2164; x_wconf 85' lang='lat' dir='ltr'>pedes</span> <span class='ocrx_word' id='word_1_295' title='bbox 837 2115 924 2150; x_wconf 79' lang='lat' dir='ltr'>eius</span> <span class='ocrx_word' id='word_1_296' title='bbox 951 2112 1010 2150; x_wconf 79' lang='lat' dir='ltr'>ad</span> <span class='ocrx_word' id='word_1_297' title='bbox 1037 2120 1182 2150; x_wconf 83' lang='lat' dir='ltr'>terram</span> <span class='ocrx_word' id='word_1_298' title='bbox 1201 2115 1399 2164; x_wconf 78' lang='lat' dir='ltr'>prostrati</span> <span class='ocrx_word' id='word_1_299' title='bbox 1425 2120 1636 2150; x_wconf 72' lang='lat' dir='ltr'>reverenter</span> 
     </span>
     <span class='ocr_line' id='line_1_34' title="bbox 182 2169 1638 2211; baseline 0 -4"><span class='ocrx_word' id='word_1_300' title='bbox 182 2170 473 2211; x_wconf 71' lang='lat' dir='ltr'>oscularentur.</span> <span class='ocrx_word' id='word_1_301' title='bbox 530 2169 652 2208; x_wconf 82' lang='lat' dir='ltr'>verba</span> <span class='ocrx_word' id='word_1_302' title='bbox 677 2175 771 2208; x_wconf 89' lang='lat' dir='ltr'>sunt</span> <span class='ocrx_word' id='word_1_303' title='bbox 798 2169 926 2207; x_wconf 89' lang='lat' dir='ltr'>Iacobi</span> <span class='ocrx_word' id='word_1_304' title='bbox 956 2169 1004 2207; x_wconf 87' lang='lat' dir='ltr'>de</span> <span class='ocrx_word' id='word_1_305' title='bbox 1025 2169 1209 2209; x_wconf 79' lang='lat' dir='ltr'>Vitriaco.</span> <span class='ocrx_word' id='word_1_306' title='bbox 1265 2170 1320 2207; x_wconf 85' lang='lat' dir='ltr'>ita</span> <span class='ocrx_word' id='word_1_307' title='bbox 1338 2169 1543 2208; x_wconf 84' lang='lat' dir='ltr'>conradus</span> <span class='ocrx_word' id='word_1_308' title='bbox 1562 2170 1638 2207; x_wconf 82' lang='lat' dir='ltr'>Us-</span> 
     </span>
     <span class='ocr_line' id='line_1_35' title="bbox 180 2225 1640 2279; baseline -0.001 -15"><span class='ocrx_word' id='word_1_309' title='bbox 180 2240 286 2279; x_wconf 85' lang='lat' dir='ltr'>perg.</span> <span class='ocrx_word' id='word_1_310' title='bbox 319 2226 368 2264; x_wconf 89' lang='lat' dir='ltr'>de</span> <span class='ocrx_word' id='word_1_311' title='bbox 391 2226 580 2264; x_wconf 83' lang='lat' dir='ltr'>Sultanis:</span> <span class='ocrx_word' id='word_1_312' title='bbox 610 2227 684 2263; x_wconf 81' lang='lat' dir='ltr'>uni</span> <span class='ocrx_word' id='word_1_313' title='bbox 708 2232 870 2264; x_wconf 79' lang='lat' dir='ltr'>tantum</span> <span class='ocrx_word' id='word_1_314' title='bbox 897 2228 1059 2264; x_wconf 84' lang='lat' dir='ltr'>Persico</span> <span class='ocrx_word' id='word_1_315' title='bbox 1092 2227 1325 2278; x_wconf 79' lang='lat' dir='ltr'>imperatori</span> <span class='ocrx_word' id='word_1_316' title='bbox 1348 2241 1477 2278; x_wconf 85' lang='lat' dir='ltr'>paene</span> <span class='ocrx_word' id='word_1_317' title='bbox 1506 2225 1640 2264; x_wconf 85' lang='lat' dir='ltr'>divini</span> 
     </span>
     <span class='ocr_line' id='line_1_36' title="bbox 184 2282 1639 2334; baseline 0 -14"><span class='ocrx_word' id='word_1_318' title='bbox 184 2283 322 2321; x_wconf 80' lang='lat' dir='ltr'>cultus</span> <span class='ocrx_word' id='word_1_319' title='bbox 350 2297 458 2321; x_wconf 86' lang='lat' dir='ltr'>more</span> <span class='ocrx_word' id='word_1_320' title='bbox 484 2283 668 2324; x_wconf 81' lang='lat' dir='ltr'>subiecti.</span> <span class='ocrx_word' id='word_1_321' title='bbox 726 2282 823 2320; x_wconf 87' lang='lat' dir='ltr'>adeo</span> <span class='ocrx_word' id='word_1_322' title='bbox 841 2289 973 2321; x_wconf 87' lang='lat' dir='ltr'>tamen</span> <span class='ocrx_word' id='word_1_323' title='bbox 994 2283 1162 2322; x_wconf 81' lang='lat' dir='ltr'>invaluit</span> <span class='ocrx_word' id='word_1_324' title='bbox 1178 2283 1432 2334; x_wconf 89' lang='lat' dir='ltr'>postmodum</span> <span class='ocrx_word' id='word_1_325' title='bbox 1450 2283 1639 2321; x_wconf 87' lang='lat' dir='ltr'>Sultano-</span> 
     </span>
     <span class='ocr_line' id='line_1_37' title="bbox 181 2332 1639 2404; baseline -0.001 -26"><span class='ocrx_word' id='word_1_326' title='bbox 181 2353 272 2378; x_wconf 85' lang='lat' dir='ltr'>rum</span> <span class='ocrx_word' id='word_1_327' title='bbox 299 2340 476 2404; x_wconf 77' lang='lat' dir='ltr'>potentia</span> <span class='ocrx_word' id='word_1_328' title='bbox 499 2340 543 2378; x_wconf 88' lang='lat' dir='ltr'>in</span> <span class='ocrx_word' id='word_1_329' title='bbox 577 2332 694 2377; x_wconf 80' lang='lat' dir='ltr'>lebus</span> <span class='ocrx_word' id='word_1_330' title='bbox 720 2339 886 2391; x_wconf 86' lang='lat' dir='ltr'>politicis</span> <span class='ocrx_word' id='word_1_331' title='bbox 911 2346 951 2378; x_wconf 92' lang='lat' dir='ltr'>et</span> <span class='ocrx_word' id='word_1_332' title='bbox 977 2340 1232 2389; x_wconf 84' lang='lat' dir='ltr'>militaribus,</span> <span class='ocrx_word' id='word_1_333' title='bbox 1256 2346 1304 2378; x_wconf 90' lang='lat' dir='ltr'>ut</span> <span class='ocrx_word' id='word_1_334' title='bbox 1320 2340 1400 2378; x_wconf 74' lang='lat' dir='ltr'>fele</span> <span class='ocrx_word' id='word_1_335' title='bbox 1419 2353 1507 2378; x_wconf 91' lang='lat' dir='ltr'>cum</span> <span class='ocrx_word' id='word_1_336' title='bbox 1529 2339 1639 2378; x_wconf 88' lang='lat' dir='ltr'>inani</span> 
     </span>
     <span class='ocr_line' id='line_1_38' title="bbox 185 2395 1641 2449; baseline -0.001 -15"><span class='ocrx_word' id='word_1_337' title='bbox 185 2402 226 2435; x_wconf 88' lang='lat' dir='ltr'>et</span> <span class='ocrx_word' id='word_1_338' title='bbox 251 2397 424 2447; x_wconf 90' lang='lat' dir='ltr'>specioso</span> <span class='ocrx_word' id='word_1_339' title='bbox 454 2396 650 2449; x_wconf 87' lang='lat' dir='ltr'>dignitatis</span> <span class='ocrx_word' id='word_1_340' title='bbox 667 2396 783 2434; x_wconf 86' lang='lat' dir='ltr'>titulo</span> <span class='ocrx_word' id='word_1_341' title='bbox 802 2397 881 2434; x_wconf 91' lang='lat' dir='ltr'>sola</span> <span class='ocrx_word' id='word_1_342' title='bbox 901 2396 1093 2448; x_wconf 84' lang='lat' dir='ltr'>religionis</span> <span class='ocrx_word' id='word_1_343' title='bbox 1113 2409 1182 2434; x_wconf 89' lang='lat' dir='ltr'>seu</span> <span class='ocrx_word' id='word_1_344' title='bbox 1199 2396 1332 2447; x_wconf 90' lang='lat' dir='ltr'>potius</span> <span class='ocrx_word' id='word_1_345' title='bbox 1351 2395 1641 2448; x_wconf 86' lang='lat' dir='ltr'>superstitionis</span> 
     </span>
     <span class='ocr_line' id='line_1_39' title="bbox 185 2451 1639 2505; baseline -0.001 -15"><span class='ocrx_word' id='word_1_346' title='bbox 185 2451 486 2491; x_wconf 88' lang='lat' dir='ltr'>Mahumetanae</span> <span class='ocrx_word' id='word_1_347' title='bbox 528 2459 698 2505; x_wconf 87' lang='lat' dir='ltr'>potestas</span> <span class='ocrx_word' id='word_1_348' title='bbox 732 2465 849 2504; x_wconf 85' lang='lat' dir='ltr'>penes</span> <span class='ocrx_word' id='word_1_349' title='bbox 883 2453 1089 2505; x_wconf 87' lang='lat' dir='ltr'>Chaliphas</span> <span class='ocrx_word' id='word_1_350' title='bbox 1121 2458 1354 2492; x_wconf 82' lang='lat' dir='ltr'>remaneret.</span> <span class='ocrx_word' id='word_1_351' title='bbox 1410 2452 1517 2490; x_wconf 85' lang='lat' dir='ltr'>unde</span> <span class='ocrx_word' id='word_1_352' title='bbox 1546 2452 1639 2490; x_wconf 89' lang='lat' dir='ltr'>Bal-</span> 
     </span>
     <span class='ocr_line' id='line_1_40' title="bbox 190 2509 1639 2559; baseline 0.001 -13"><span class='ocrx_word' id='word_1_353' title='bbox 190 2509 298 2547; x_wconf 86' lang='lat' dir='ltr'>drico</span> <span class='ocrx_word' id='word_1_354' title='bbox 327 2510 480 2548; x_wconf 89' lang='lat' dir='ltr'>Dolensi</span> <span class='ocrx_word' id='word_1_355' title='bbox 507 2510 535 2548; x_wconf 93' lang='lat' dir='ltr'>l.</span> <span class='ocrx_word' id='word_1_356' title='bbox 553 2513 602 2559; x_wconf 86' lang='lat'>3,</span> <span class='ocrx_word' id='word_1_357' title='bbox 631 2509 847 2548; x_wconf 84' lang='lat' dir='ltr'>Tudebodo</span> <span class='ocrx_word' id='word_1_358' title='bbox 878 2511 906 2550; x_wconf 88' lang='lat' dir='ltr'>l.</span> <span class='ocrx_word' id='word_1_359' title='bbox 925 2510 972 2559; x_wconf 86' lang='lat'>4,</span> <span class='ocrx_word' id='word_1_360' title='bbox 1003 2510 1208 2548; x_wconf 89' lang='lat' dir='ltr'>Vincentio</span> <span class='ocrx_word' id='word_1_361' title='bbox 1238 2509 1435 2550; x_wconf 83' lang='lat' dir='ltr'>Belvac.1‚</span> <span class='ocrx_word' id='word_1_362' title='bbox 1455 2512 1507 2551; x_wconf 82' lang='lat'>31</span> <span class='ocrx_word' id='word_1_363' title='bbox 1531 2522 1564 2547; x_wconf 91' lang='lat' dir='ltr'>c.</span> <span class='ocrx_word' id='word_1_364' title='bbox 1586 2510 1639 2550; x_wconf 82' lang='lat'>93</span> 
     </span>
     <span class='ocr_line' id='line_1_41' title="bbox 189 2564 1781 2617; baseline 0 -15"><span class='ocrx_word' id='word_1_365' title='bbox 189 2564 220 2603; x_wconf 87' lang='lat' dir='ltr'>l.</span> <span class='ocrx_word' id='word_1_366' title='bbox 241 2568 294 2606; x_wconf 82' lang='lat'>32</span> <span class='ocrx_word' id='word_1_367' title='bbox 313 2580 347 2606; x_wconf 88' lang='lat' dir='ltr'>c.</span> <span class='ocrx_word' id='word_1_368' title='bbox 366 2566 441 2617; x_wconf 85' lang='lat'>54,</span> <span class='ocrx_word' id='word_1_369' title='bbox 470 2567 664 2605; x_wconf 86' lang='lat' dir='ltr'>Roderico</span> <span class='ocrx_word' id='word_1_370' title='bbox 687 2566 877 2604; x_wconf 88' lang='lat' dir='ltr'>Toletano</span> <span class='ocrx_word' id='word_1_371' title='bbox 894 2567 923 2609; x_wconf 85' lang='lat' dir='ltr'>l.</span> <span class='ocrx_word' id='word_1_372' title='bbox 939 2570 966 2608; x_wconf 89' lang='lat'>7</span> <span class='ocrx_word' id='word_1_373' title='bbox 986 2580 1018 2609; x_wconf 74' lang='lat' dir='ltr'>c,</span> <span class='ocrx_word' id='word_1_374' title='bbox 1041 2570 1092 2609; x_wconf 90' lang='lat'>10</span> <span class='ocrx_word' id='word_1_375' title='bbox 1118 2572 1156 2603; x_wconf 89' lang='lat' dir='ltr'>et</span> <span class='ocrx_word' id='word_1_376' title='bbox 1182 2565 1284 2615; x_wconf 85' lang='lat' dir='ltr'>aliis,</span> <span class='ocrx_word' id='word_1_377' title='bbox 1307 2579 1445 2617; x_wconf 84' lang='lat' dir='ltr'>papae</span> <span class='ocrx_word' id='word_1_378' title='bbox 1473 2572 1508 2602; x_wconf 84' lang='lat' dir='ltr'>et</span> <span class='ocrx_word' id='word_1_379' title='bbox 1539 2579 1640 2616; x_wconf 86' lang='lat' dir='ltr'>apo-</span> <span class='ocrx_word' id='word_1_380' title='bbox 1662 2571 1692 2605; x_wconf 90' lang='lat' dir='ltr'>P</span> <span class='ocrx_word' id='word_1_381' title='bbox 1714 2570 1781 2605; x_wconf 76' lang='grc'>492</span> 
     </span>
     <span class='ocr_line' id='line_1_42' title="bbox 191 2621 1642 2675; baseline 0.001 -18"><span class='ocrx_word' id='word_1_382' title='bbox 191 2621 324 2659; x_wconf 81' lang='lat' dir='ltr'>stolici</span> <span class='ocrx_word' id='word_1_383' title='bbox 346 2637 445 2661; x_wconf 84' lang='lat' dir='ltr'>suae</span> <span class='ocrx_word' id='word_1_384' title='bbox 468 2626 603 2675; x_wconf 83' lang='lat' dir='ltr'>gentis</span> <span class='ocrx_word' id='word_1_385' title='bbox 629 2624 746 2674; x_wconf 88' lang='lat' dir='ltr'>vulgo</span> <span class='ocrx_word' id='word_1_386' title='bbox 772 2623 1031 2675; x_wconf 88' lang='lat' dir='ltr'>appellantur.</span> <span class='ocrx_word' id='word_1_387' title='bbox 1093 2622 1242 2674; x_wconf 88' lang='lat' dir='ltr'>primus</span> <span class='ocrx_word' id='word_1_388' title='bbox 1272 2628 1400 2660; x_wconf 86' lang='lat' dir='ltr'>autem</span> <span class='ocrx_word' id='word_1_389' title='bbox 1430 2621 1642 2674; x_wconf 83' lang='lat' dir='ltr'>Chaliphae</span> 
     </span>
     <span class='ocr_line' id='line_1_43' title="bbox 192 2678 1641 2731; baseline 0.001 -17"><span class='ocrx_word' id='word_1_390' title='bbox 192 2690 334 2716; x_wconf 89' lang='lat' dir='ltr'>nomen</span> <span class='ocrx_word' id='word_1_391' title='bbox 356 2685 394 2717; x_wconf 89' lang='lat' dir='ltr'>et</span> <span class='ocrx_word' id='word_1_392' title='bbox 415 2680 643 2731; x_wconf 86' lang='lat' dir='ltr'>dignitatem</span> <span class='ocrx_word' id='word_1_393' title='bbox 661 2680 870 2731; x_wconf 86' lang='lat' dir='ltr'>usurpavit</span> <span class='ocrx_word' id='word_1_394' title='bbox 891 2678 1168 2730; x_wconf 86' lang='lat' dir='ltr'>Abubacarus,</span> <span class='ocrx_word' id='word_1_395' title='bbox 1197 2678 1409 2717; x_wconf 85' lang='lat' dir='ltr'>Mahometi</span> <span class='ocrx_word' id='word_1_396' title='bbox 1430 2691 1641 2727; x_wconf 89' lang='lat' dir='ltr'>successor,</span> 
     </span>
     <span class='ocr_line' id='line_1_44' title="bbox 193 2734 1640 2789; baseline 0.003 -19"><span class='ocrx_word' id='word_1_397' title='bbox 193 2738 241 2771; x_wconf 90' lang='lat' dir='ltr'>ut</span> <span class='ocrx_word' id='word_1_398' title='bbox 259 2739 396 2773; x_wconf 85' lang='lat' dir='ltr'>auctor</span> <span class='ocrx_word' id='word_1_399' title='bbox 415 2743 475 2775; x_wconf 90' lang='lat' dir='ltr'>est</span> <span class='ocrx_word' id='word_1_400' title='bbox 491 2738 679 2789; x_wconf 88' lang='lat' dir='ltr'>Georgius</span> <span class='ocrx_word' id='word_1_401' title='bbox 694 2736 954 2775; x_wconf 88' lang='lat' dir='ltr'>El-Macinus.</span> <span class='ocrx_word' id='word_1_402' title='bbox 994 2736 1087 2776; x_wconf 84' lang='lat' dir='ltr'>vide</span> <span class='ocrx_word' id='word_1_403' title='bbox 1107 2741 1222 2775; x_wconf 87' lang='lat' dir='ltr'>notas</span> <span class='ocrx_word' id='word_1_404' title='bbox 1241 2735 1292 2774; x_wconf 86' lang='lat' dir='ltr'>ad</span> <span class='ocrx_word' id='word_1_405' title='bbox 1307 2749 1346 2788; x_wconf 88' lang='lat' dir='ltr'>p.</span> <span class='ocrx_word' id='word_1_406' title='bbox 1365 2737 1446 2778; x_wconf 84' lang='lat'>328</span> <span class='ocrx_word' id='word_1_407' title='bbox 1463 2734 1640 2774; x_wconf 80' lang='lat' dir='ltr'>Alexiad.</span> 
     </span>
    </p>
   </div>
   <div class='ocr_carea' id='block_1_5' title="bbox 192 2818 1644 2917">
    <p class='ocr_par' dir='ltr' id='par_1_5' title="bbox 192 2818 1644 2917">
     <span class='ocr_line' id='line_1_45' title="bbox 192 2818 1644 2917; baseline -0.001 -58"><span class='ocrx_word' id='word_1_408' title='bbox 192 2876 244 2917; x_wconf 69' lang='lat'>21</span> <span class='ocrx_word' id='word_1_409' title='bbox 275 2831 344 2917; x_wconf 51' lang='lat'>2}</span> <span class='ocrx_word' id='word_1_410' title='bbox 364 2821 447 2862; x_wconf 82' lang='lat'>290</span> <span class='ocrx_word' id='word_1_411' title='bbox 464 2833 506 2861; x_wconf 85' lang='lat' dir='ltr'>v.</span> <span class='ocrx_word' id='word_1_412' title='bbox 526 2823 592 2864; x_wconf 90' lang='grc'>10.</span> <span class='ocrx_word' id='word_1_413' title='bbox 650 2821 919 2875; x_wconf 81' lang='grc' dir='ltr'>Παλαιστίνης</span> <span class='ocrx_word' id='word_1_414' title='bbox 943 2818 1039 2875; x_wconf 80' lang='grc' dir='ltr'>ρὴξ]</span> <span class='ocrx_word' id='word_1_415' title='bbox 1069 2820 1286 2860; x_wconf 82' lang='lat' dir='ltr'>willelmus</span> <span class='ocrx_word' id='word_1_416' title='bbox 1302 2820 1396 2872; x_wconf 82' lang='lat' dir='ltr'>Tyr.</span> <span class='ocrx_word' id='word_1_417' title='bbox 1413 2819 1438 2858; x_wconf 92' lang='lat' dir='ltr'>l.</span> <span class='ocrx_word' id='word_1_418' title='bbox 1455 2823 1510 2862; x_wconf 83' lang='lat'>20</span> <span class='ocrx_word' id='word_1_419' title='bbox 1537 2833 1571 2857; x_wconf 87' lang='lat' dir='ltr'>c.</span> <span class='ocrx_word' id='word_1_420' title='bbox 1590 2820 1644 2861; x_wconf 82' lang='lat'>20</span> 
     </span>
    </p>
   </div>
  </div>
 </body>
</html>
