1878 3262
338 194 396 238 IN
413 191 725 237 HISTORIAM
741 191 966 236 IOANNIS
986 189 1218 236 CINNAMI
1234 189 1435 235 NOTAE.
1515 189 1612 236 389

161 313 249 344 ctae
264 302 503 354 ordinibus,
531 303 685 342 bellicis
703 301 847 340 usibus
868 300 1108 350 habiliores,
1137 314 1238 353 quae
1253 301 1375 353 vulgo
1387 301 1531 353 galeae
1547 298 1615 337 di-

161 368 328 411 cuntur,
358 367 514 398 centum
544 360 859 412 quinquaginta.
917 360 1011 394 item
1039 359 1084 396 in
1107 357 1174 395 his
1198 359 1370 396 maiores
1393 356 1452 395 ad
1471 355 1614 408 depor-

159 416 308 456 tandm
337 431 456 468 equos
489 414 725 467 deputatae,
755 415 864 452 ostia
881 413 1069 452 habentes·
1097 416 1140 452 in
1162 414 1374 466 puppibus
1405 412 1464 451 ad
1485 412 1614 451 indu-

161 472 304 522 cendos
324 471 606 524 ducendosque
622 487 688 510 eos·
694 472 904 523 patentia,
925 470 1119 521 pontibus
1137 472 1280 520 etiam,
1315 470 1463 522 quibus
1477 468 1536 507 ad
1551 471 1615 507 in-

155 543 340 582 gressum
367 537 403 567 et
436 531 586 567 exitum
613 536 699 566 tam
724 527 930 565 hominum
955 541 1080 577 quam
1103 541 1296 578 equorum
1310 526 1614 578 procurabatur

158 585 434 634 commoditas,
452 587 718 623 communitae
731 585 954 635 sexaginta.
997 584 1090 619 item
1109 583 1258 621 harum
1277 584 1489 631 maximae,
1511 596 1613 634 quae

159 641 366 681 dromones
391 641 606 692 (licuntur,
635 642 838 678 alimentis
866 639 976 676 varii
997 641 1158 690 generis
1187 641 1392 691 armisque
1409 639 1613 690 multipli-

159 699 291 747 cibus,
321 698 520 736 machinis
546 712 704 750 quoque
727 704 764 734 et
792 697 998 734 tormentis
1017 695 1168 733 bellicis
1190 709 1317 746 usque
1336 694 1394 732 ad
1413 708 1614 733 summum

156 757 326 805 refertae
352 754 483 792 decem
507 763 580 792 aut
606 752 827 793 duodecim.
883 752 1014 789 locum
1045 750 1152 789 hunc
1179 751 1289 803 Tyrii
1309 751 1501 802 integrum
1521 750 1613 789 ideo

158 811 457 854 describendum
484 811 599 859 duxi,
628 816 675 848 ut
697 823 775 847 non
797 807 915 846 modo
934 807 1096 846 navium
1117 821 1328 856 numerum,
1357 808 1499 858 quibus
1514 821 1610 845 con·
1634 801 1664 835 P
1687 800 1754 836 487

156 868 251 906 flata
271 873 358 906 erat
374 867 564 906 Manuelis
585 866 729 916 classis,
752 865 845 902 inde
862 870 1078 912 constaret,
1109 864 1177 902 sed
1195 864 1420 915 praesertim
1438 870 1486 902 ut
1505 863 1614 913 quod

156 923 250 975 περὶ
271 924 516 978 ἴππαγωγαῖν
546 937 615 962 seu
643 923 692 961 de
711 922 903 959 wis-seriis·
927 920 979 958 ad
999 920 1317 959 Villharduinum
1335 933 1358 957 a
1375 932 1438 958 me
1457 919 1613 972 pridem

157 980 410 1019 observatum
423 1008 435 1029 ,
462 980 541 1019 hoc
557 980 624 1031 qui
644 985 728 1017 tum
746 992 828 1016 non
848 985 1077 1015 occurrerat
1096 977 1183 1016 loco
1201 977 1412 1018 firmarem.

268 1072 309 1110 p.
318 1060 401 1100 278
411 1071 451 1098 v.
461 1061 527 1099 22.
565 1055 684 1110 μέγας
703 1053 825 1108 dode]
845 1055 1007 1107 Tyrius:
1027 1056 1140 1092 misit
1158 1061 1295 1092 autem
1313 1068 1405 1092 cum
1421 1054 1549 1092 classe
1563 1052 1612 1092 ‹le

156 1115 244 1152 suis·
265 1114 524 1166 principibus
552 1112 816 1164 megalducas
841 1113 1186 1162 consanguineum
1205 1125 1349 1158 suum,
1380 1124 1497 1162 quem
1516 1113 1612 1148 uni-

156 1173 281 1208 versis
298 1171 516 1222 praeficit,
555 1177 591 1207 et
623 1167 837 1221 quemdam
866 1169 998 1206 alium
1029 1169 1283 1204 Maure-sium
1311 1169 1491 1217 nomine,
1531 1167 1612 1204 sibi

156 1226 274 1265 valde
288 1227 549 1277 familiarem
577 1232 650 1265 ete.
709 1231 750 1263 at
770 1225 838 1275 qui
856 1225 977 1277 Tyrio
993 1223 1228 1274 Mauresius,
1257 1223 1415 1262 Nicetae
1437 1223 1612 1275 appella-

154 1289 223 1322 tur
241 1283 473 1322 Theodorus
490 1283 776 1323 Maurozumes.

264 1376 303 1414 p.
323 1364 404 1406 279
422 1375 463 1400 v.
482 1364 520 1402 6.
583 1357 784 1412 Ταμιᾶθι]
813 1358 938 1410 Vulgo
958 1360 1175 1406 Damieta,
1206 1357 1301 1396 urbs
1319 1356 1486 1410 Aegypti
1503 1363 1609 1407 nota,

154 1431 254 1470 quae
272 1418 507 1457 describitur
519 1431 545 1454 >a
565 1417 685 1469 Tyrio
704 1416 730 1457 l.
750 1420 804 1458 20
823 1429 856 1454 c.
869 1419 932 1456 16.
988 1416 1032 1454 in
1051 1414 1223 1454 Concilio
1239 1414 1435 1467 Ephesino
1454 1420 1561 1467 part.
1581 1410 1624 1456 2⁷

154 1481 230 1518 act.
247 1479 278 1518 ,1
304 1474 351 1513 fit
368 1474 516 1512 mentio
535 1473 704 1525 episcopi
730 1472 986 1524 Ταμιαθίδος.

265 1555 305 1582 v.
329 1544 396 1583 22.
453 1536 658 1595 ἠγγέλλετο
679 1536 722 1579 δὲ
744 1537 799 1586 ὥς
821 1534 1040 1591 χρήμασιν]
1067 1537 1229 1589 Tyrius:
1257 1537 1316 1575 ibi
1330 1537 1510 1588 profecto
1525 1550 1609 1588 pa.

152 1599 234 1636 tuit
249 1605 408 1636 nostros·
429 1604 504 1635 aut
526 1598 664 1634 minus
682 1596 940 1647 experientiae
961 1594 1174 1644 habuisse,
1206 1601 1281 1631 aut
1301 1607 1328 1630 a
1349 1594 1474 1630 solita
1494 1591 1607 1644 defe-

153 1657 255 1693 cis-se
277 1653 518 1706 prudentia,
559 1660 635 1690 aut
669 1653 861 1689 exercitus
888 1650 1157 1688 moderatores
1186 1651 1387 1688 malitiose
1415 1657 1607 1687 versato&

153 1712 223 1749 sed
243 1723 316 1748 nec
336 1711 450 1762 culpa
468 1710 551 1747 lata
574 1721 729 1748 vacasse
753 1709 922 1746 Graecos
943 1707 1079 1745 asserit
1095 1707 1200 1745 idem
1219 1708 1390 1758 scriptor
1409 1719 1441 1743 c.
1465 1707 1530 1754 18,
1561 1711 1608 1743 ut

154 1773 194 1805 et
221 1766 443 1805 Matthaeus
476 1766 594 1804 Paris.
628 1766 700 1803 An.
724 1766 843 1807 1219.
899 1763 998 1801 haec
1023 1765 1191 1812 civitas,
1220 1763 1274 1801 ait
1299 1762 1388 1811 ille,
1408 1763 1545 1814 primo
1579 1776 1609 1799 a

157 1825 324 1863 Graecis
341 1822 499 1860 obsessa
517 1823 686 1873 legitur,
716 1822 789 1871 qui
807 1821 851 1857 in
871 1821 960 1856 eius
977 1822 1159 1870 captione
1175 1818 1414 1871 dficerunt.

263 1904 301 1942 p-
318 1892 400 1932 280
427 1902 468 1927 v.
488 1891 528 1930 3.
583 1885 796 1940 χειμῶνος]
827 1886 873 1924 Id
898 1887 1028 1937 ipsum
1058 1886 1108 1925 de
1133 1890 1367 1938 tempestate
1391 1883 1605 1923 observant

153 1947 297 2000 Tyrius
316 1952 357 1984 et
370 1946 533 1984 Nicetas.
837 1940 839 1942 ’

262 2027 301 2052 v.
321 2016 386 2054 13.
442 2011 510 2052 καὶ
530 2007 728 2060 δουλείαν]
755 2008 853 2047 Vide
871 2008 1177 2060 inscriptionem,
1200 2021 1318 2060 quam
1336 2006 1542 2046 retulimus
1562 2005 1604 2044 in

153 2069 422 2108 dissertatione
439 2071 492 2110 27
512 2067 564 2105 ad
580 2065 795 2104 Ioinvillam
816 2079 854 2116 p.
869 2067 964 2108 319.

263 2149 303 2175 v.
324 2135 388 2178 14.
444 2132 524 2175 ὑπὸ
539 2135 680 2174 τοῦτον
698 2130 769 2173 τόν
786 2129 952 2184 χρόνον]
980 2132 1033 2169 Ut
1065 2131 1204 2170 Veneti
1234 2134 1468 2169 mercatores
1495 2134 1603 2167 cete-

151 2193 264 2244 rique
294 2192 530 2244 reipublicae
554 2190 726 2229 Venetae
751 2189 920 2237 subditi,
949 2194 1142 2238 quotquot
1170 2189 1275 2226 intra
1295 2186 1502 2237 Byzantini
1523 2185 1601 2223 im-

152 2245 249 2300 perii
268 2249 365 2286 fines
386 2247 551 2299 reperti,
581 2245 727 2284 carceri
751 2245 960 2296 mancipati
993 2244 1138 2283 suerint
1166 2256 1378 2293 eorumque
1395 2243 1499 2280 bona
1520 2255 1600 2292 pu-

151 2306 315 2353 blicata,
343 2305 521 2356 pluribus
544 2305 665 2341 refert
687 2302 838 2340 Nicetas
855 2301 921 2343 l.5
939 2304 1028 2350 n.9,
1058 2308 1104 2339 ut
1129 2307 1168 2339 et
1188 2300 1398 2339 Sabellicus
1417 2298 1552 2336 decad.
1575 2300 1595 2338 1

151 2362 178 2403 l.
197 2365 235 2404 7.
282 2361 337 2399 ita
355 2362 460 2400 idem
479 2360 636 2399 Manu'cl
653 2359 850 2406 similibus,
876 2363 924 2396 ut
947 2371 1019 2409 par
1041 2364 1099 2396 est
1121 2357 1292 2406 credere,
1320 2356 1368 2394 de
1391 2354 1514 2392 causis
1532 2353 1600 2391 Pi-

156 2431 269 2456 sanos
284 2417 351 2468 qui
368 2418 478 2471 Cpoli
494 2418 716 2467 frequentes
734 2415 784 2452 ob
802 2414 1050 2452 mercimonia
1069 2414 1245 2462 aderant,
1273 2412 1372 2450 urbe
1390 2417 1430 2448 et
1446 2408 1617 2461 impen’i‘

155 2474 367 2513 ditionibus
383 2474 634 2527 postmodum
653 2471 816 2523 expulit,
831 2483 970 2521 eosque
986 2484 1144 2509 rursum
1161 2469 1365 2509 revocavit
1379 2467 1455 2508 An.
1475 2468 1598 2514 1172,

153 2536 200 2569 ut
217 2531 329 2568 estin
345 2531 560 2570 Annalibus
578 2542 711 2568 rerum
730 2527 1108 2578 Pisan.Ughellianis.

262 2610 302 2638 v.
331 2602 398 2642 19.
451 2595 610 2654 τέναγός
642 2596 703 2648 τι]
748 2595 1027 2633 Constantinus
1063 2594 1112 2632 de
1149 2592 1266 2633 Adm.
1290 2591 1428 2642 imper.
1458 2601 1491 2627 e.
1519 2588 1596 2629 38:

151 2650 182 2704 ’ἦ
195 2653 358 2748 {evexia
375 2652 422 2697 *to*
447 2652 520 2709 μὲν
544 2650 714 2696 παλαιὸν
731 2646 786 2705 ἦν
802 2646 924 2700 τόπος
946 2646 1093 2704 ἔρημός
1112 2665 1174 2700 τε,
1205 2644 1390 2701 ἆοίκητος
1409 2643 1476 2686 καὶ
1498 2645 1596 2697 βαλ-

152 2724 206 2749 τω
233 2723 294 2760 ης.
772 2736 777 2741 a

262 2787 305 2816 V.
324 2777 392 2818 23.
449 2774 704 2832 βωμολόχον]
731 2775 886 2815 Nicetas
921 2774 971 2814 de
1002 2773 1180 2813 Venetis:
1218 2769 1369 2825 ἄνδρας
1396 2765 1596 2818 θαλάττης

154 2831 387 2885 τροφίμους,
407 2831 506 2875 κατὰ
531 2835 721 2884 Φοίνικας
740 2829 924 2888 ἀγύρτας,
945 2826 1199 2886 πανούργους
1217 2827 1261 2875 τὸ
1284 2825 1484 2884 φρόνημα.
