1878 3262
546 186 1093 231 COMMENTARIORUM
1124 188 1182 233 1„
1202 186 1239 232 Ι.
1559 183 1626 233 47

153 302 284 359 βάνει.
351 302 458 345 ἀλλὰ
487 306 607 345 τοῦτο
640 301 846 357 μαθόντες
881 304 920 345 οἳ
950 305 1040 361 περὶ
1070 303 1143 346 τὸν
1174 302 1350 358 βασιλέα
1367 319 1420 363 ,τε
1451 303 1520 346 καὶ
1551 302 1624 346 τὸν

152 375 331 430 καίσαρα
363 371 559 415 ἐσκόπουν
591 373 681 414 τίνα
710 371 840 429 τούτῳ
867 372 1084 414 ἀντίπαλον
1115 372 1421 427 καταστήσειαν.
1488 372 1623 423 ἔδοξεν

155 437 228 484 οὖν
253 447 335 484 τῶν
365 446 439 483 τοῦ
468 443 664 498 καίσαρος
690 441 809 483 υἱέων
837 445 896 497 τῷ
918 442 1097 500 νεωτέρῳ
1118 442 1164 484 τὸ
1178 440 1403 496 Ῥωμαικὸν
1423 440 1622 484 πιστεύειν

153 509 448 568 στρατόπεδον,
484 511 600 567 ἀνδρὶ
631 511 699 551 καὶ
733 510 807 564 τὴν
830 516 948 566 χεῖρα
976 513 1142 567 γενναίῳ
1171 513 1239 553 καὶ
1267 511 1341 565 τὴν
1363 509 1522 554 σύνεσιν
1543 510 1631 561 ὀξεῖ’

118 587 194 623 ὅτε
218 582 285 621 καὶ
307 581 545 637 θαυμασίῳ.
614 576 635 621 ὃ
668 579 712 620 δὲ
744 579 818 628 τὰς
853 577 1043 632 δυνάμεις
1072 579 1211 633 λαβὼν
1240 578 1380 636 ἐχώρει
1410 579 1516 621 κατὰ
1549 583 1625 621 τοῦ

150 649 393 704 Διογένους,
429 650 496 690 καὶ
527 648 654 702 ἀγχοῦ
683 648 788 690 κατὰ
821 652 893 702 τῆς
905 647 1124 701 Ἀμασείας
1150 647 1359 704 γενόμενος
1379 653 1522 704 πρῶτα
1542 649 1617 702 μὲν
1638 657 1673 693 1)

150 723 295 773 συνῆγε
324 717 369 759 τὸ
396 715 627 774 στράτευμα
649 718 717 758 καὶ
740 717 1053 772 ἀκροβολισμοῖς
1072 718 1216 773 ἐχρῆτο
1229 749 1241 767 ,
1278 719 1346 759 καὶ
1369 716 1501 760 πάντα
1523 715 1623 774 τρό-

150 803 227 828 πον
247 788 476 840 ἐμηχανᾶτο
507 785 533 840 ἢ
560 784 740 842 αἱρήσειν
763 786 833 827 τὸν
858 786 1055 841 Διογένην
1079 785 1105 840 ἢ
1129 784 1328 835 ἐξελάσειν
1357 791 1430 840 τῆς
1455 785 1624 836 πόλεως.

152 853 174 896 ὃ
194 857 238 898 δὲ
256 853 610 911 στενοχωρούντων
631 859 712 896 τῶν
734 853 984 911 πραγμάτων
1004 855 1116 912 αὐτῷ
1137 853 1379 910 ἠναγκάσθη
1403 855 1478 904 τὰς
1496 853 1623 897 δυνά-

96 930 141 966 10
149 941 239 978 μεις
265 926 469 979 ἐξαγαγεῖν
500 925 568 965 καὶ
599 922 933 979 παρατάττεσθαι
963 923 1066 980 πρὸς
1097 924 1167 965 τὸν
1202 925 1342 966 δοῦκα.
1410 925 1624 979 μίγνυνται

151 987 223 1035 οὗν
246 991 460 1050 ἀμφότερα
481 992 534 1034 τὰ
554 990 822 1049 στρατόπεδα,
848 995 916 1034 καὶ
937 994 1150 1035 πίπτουσιν
1170 990 1422 1049 ἑκατέρωθεν
1443 996 1623 1035 πλεῖστοι

149 1066 232 1104 τῶν
259 1066 495 1117 στρατηγῶν
525 1059 723 1117 ἑκατέρων
752 1063 940 1117 γενναίως
975 1062 1286 1117 ἀγωνιζομένων.
1356 1060 1550 1118 φεύγουσι
1576 1061 1620 1103 δ’

151 1129 263 1184 ὅμως
288 1131 326 1172 οἶ
348 1133 436 1186 περὶ
459 1130 528 1172 τὸν
549 1131 767 1186 Διογένην,
802 1134 877 1172 τοῦ
898 1129 1044 1172 Δούκα
1069 1131 1379 1172 Κωνσταντίνου
1400 1128 1624 1185 γενναιότε-
1652 1136 1653 1140 ’

151 1216 224 1255 ρον
244 1196 548 1255 προσβαλόντος
576 1206 660 1249 τοῖς
689 1199 794 1241 κατὰ
815 1201 1001 1253 μέτωπον
1025 1199 1254 1252 ἱσταμένοις
1276 1201 1343 1240 καὶ
1367 1198 1440 1253 τὴν
1462 1199 1622 1241 ἐκείνων

84 1266 391 1323 ν15ὠθήσαντος
412 1267 616 1325 φάλαγγα.
683 1269 895 1310 πίπτουσιν
917 1262 988 1309 οὖν
1008 1270 1149 1309 πολλοὶ
1170 1272 1251 1309 τῶν
1271 1269 1361 1324 περὶ
1380 1267 1452 1309 τὸν
1471 1267 1622 1323 Διογέ-

149 1355 248 1391 νην,
285 1337 407 1386 αὐτὸς
441 1338 484 1378 δὲ
518 1334 724 1393 διαφεύγει
755 1338 821 1378 καὶ
854 1336 929 1378 σὺν
961 1336 1109 1391 ὀλίγοις
1137 1343 1221 1386 τοῖς
1247 1338 1337 1393 περὶ
1357 1336 1480 1379 αὐτὸν
1502 1337 1559 1387 εἴς
1582 1354 1621 1379 τι
1643 1340 1674 1376 P
1696 1342 1743 1378 34

147 1407 317 1448 κλείεται
341 1403 551 1462 φρούριον.
621 1409 740 1446 τοῦτο
772 1410 933 1461 πρῶτον
960 1403 1149 1461 θάρσους
1179 1405 1309 1447 αἴτιον
1334 1412 1419 1455 τοῖς
1439 1407 1529 1462 περὶ
1553 1405 1624 1448 τὸν

146 1475 319 1528 βασιλέα
342 1474 518 1528 Μιχαὴλ
539 1475 710 1529 γίνεται,
745 1476 813 1516 καὶ
836 1474 1033 1529 Διογένης
1062 1475 1246 1516 ἐντεῦθεν
1270 1474 1399 1530 ἀρχὴν
1421 1473 1623 1528 λαμβάνει

146 1548 220 1598 τῆς
238 1541 508 1592 καταλύσεως.
543 1544 610 1584 καὶ
635 1541 741 1584 ἑάλω
764 1541 813 1584 ἂν
835 1543 1002 1593 αὐτίκα,
1033 1544 1068 1584 εἰ
1091 1541 1150 1596 μή
1173 1560 1212 1584 τι
1240 1542 1339 1584 ἄλλο
1365 1541 1623 1586 συνεπεπτώ-

85 1621 222 1656 mna.
290 1611 392 1668 ἀνὴρ
423 1610 500 1667 γάρ
536 1628 596 1661 τις
630 1613 672 1661 ἐξ
685 1611 897 1668 Ἀρμενίας
927 1614 972 1654 τὸ
992 1612 1103 1667 γένος
1126 1611 1324 1662 ἀνέλκων,
1359 1612 1434 1666 τὴν
1457 1610 1623 1667 γνώμην

146 1678 287 1735 βαθύς
300 1712 312 1732 ,
348 1681 421 1735 τὴν
438 1687 558 1736 χεῖρα
577 1687 755 1735 γενναῖος
780 1678 800 1722 ὅ
821 1679 1105 1737 Κουτατάριος
1127 1675 1189 1735 ἦν.
1247 1678 1376 1736 ἀρχήν
1395 1697 1484 1723 τινα
1506 1681 1622 1737 παρὰ

147 1754 223 1791 τοῦ
249 1750 469 1804 Διογένους
501 1754 581 1791 τῶν
612 1750 810 1804 μεγίστων
845 1747 1006 1802 λαβών,
1051 1747 1221 1803 ὁπηνίκα
1250 1750 1397 1798 ἐκεῖνος
1426 1749 1622 1803 βασιλεῦς

141 1816 353 1870 ςΡωμαίων
372 1816 630 1871 ἐχρημάτιζε,
660 1816 835 1873 χάριτας
857 1818 968 1874 αὐτῷ
984 1819 1046 1859 ἐπὶ
1067 1822 1139 1858 τοῦ
1158 1816 1468 1871 δυστυχήματος
1489 1818 1622 1859 ἀνθο-

147 1883 466 1941 μολογούμενος,
513 1884 764 1942 στρατιώτας
791 1886 964 1939 συχνοὺς
994 1883 1239 1941 ἐπαγόμενος
1274 1884 1455 1942 πρόσεισι
1488 1880 1619 1946 τούτῳ
1641 1892 1673 1928 Β

150 2018 282 2052 Caesar
297 2016 494 2061 cogitabant
509 2026 607 2060 quem
623 2014 786 2050 adversus
801 2027 874 2050 eum
890 2015 1074 2050 mitterent.
1119 2015 1255 2050 tandem
1281 2016 1410 2062 placuit
1423 2015 1620 2051 Andronico

148 2064 270 2099 iuniori
286 2062 443 2097 Caesaris
466 2062 537 2095 filio
550 2087 561 2103 ‚
590 2061 666 2095 viro
683 2073 781 2095 manu
796 2062 878 2095 forti
892 2062 1109 2106 expeditique
1124 2074 1166 2096 ac
1181 2063 1330 2108 prompti
1346 2074 1410 2097 nec
1423 2063 1531 2097 minus
1545 2063 1619 2098 sani

149 2108 301 2151 consilii,
334 2110 520 2143 Romanum
541 2107 723 2141 exercitum
746 2107 950 2141 ductandum
966 2108 1115 2142 tradere.
1162 2109 1302 2154 sumptis
1317 2109 1422 2152 igitur
1435 2109 1493 2143 hic
1505 2121 1619 2145 secum

149 2157 258 2201 copiis
274 2160 391 2189 contra
405 2155 592 2198 Diogenem
608 2153 732 2195 movit,
763 2158 1015 2199 provectusque
1030 2154 1064 2187 in
1079 2153 1232 2188 viciniam
1250 2158 1437 2188 Amasenae
1451 2155 1616 2199 civitatis,

150 2208 268 2236 coacto
284 2202 318 2235 in
334 2212 434 2234 unum
450 2211 573 2244 corpus
589 2199 762 2240 exercitu,
791 2199 1044 2233 velitationibus
1066 2200 1254 2234 lacessebat
1273 2201 1403 2235 bostem
1415 2229 1425 2245 ‚
1458 2201 1617 2247 omnique

149 2249 281 2283 ratione
297 2248 484 2281 conabatur
499 2251 557 2279 aut
572 2248 695 2288 capere
711 2250 772 2279 aut
787 2246 871 2279 urbe
886 2245 1012 2290 pellere
1026 2246 1231 2290 Diogenem:
1256 2247 1314 2291 qui
1329 2247 1363 2280 in
1379 2251 1475 2281 arcto
1491 2247 1618 2292 depre-

149 2295 292 2334 hensus,
324 2300 465 2327 coactus
489 2297 541 2324 est
567 2291 712 2324 educere
734 2302 813 2324 suas
840 2292 955 2337 copias
984 2295 1019 2325 et
1042 2292 1162 2336 praelii
1187 2292 1316 2337 copiam
1343 2292 1462 2326 Ducae
1488 2293 1617 2328 facere.

149 2340 331 2374 miscentur
345 2350 427 2383 ergo
445 2339 542 2372 ambo
558 2337 749 2379 exercitus,
777 2337 967 2382 caduntque
982 2337 1149 2383 utrimque
1164 2338 1315 2383 plurimi,
1342 2338 1484 2372 ducibus
1513 2340 1618 2373 utris-

149 2397 217 2431 que
230 2397 396 2429 generose
411 2383 650 2430 pugnantibus.
695 2383 829 2426 fugiunt
851 2389 961 2417 tamen
982 2383 1026 2417 ad
1053 2390 1240 2418 extremum
1261 2384 1482 2428 Diogeniani‚
1514 2385 1559 2418 ad
1583 2384 1619 2420 id

150 2432 356 2478 potissimum
384 2430 517 2476 impulsi
543 2429 787 2467 vehementiori
813 2429 1050 2474 impressione,
1081 2441 1148 2474 qua
1175 2429 1418 2463 Constantinus
1442 2430 1558 2464 Ducas
1582 2431 1619 2466 iu

163 2482 292 2512 rontem
308 2478 456 2522 ipsorum
473 2475 557 2509 aciei
572 2474 734 2508 ferociter
749 2475 902 2509 invectus
912 2500 922 2516 ‚
953 2475 1152 2520 phalangem
1169 2475 1244 2508 loco
1260 2475 1378 2510 movit.
1427 2476 1536 2510 eaesis
1550 2475 1625 2521 igi-

151 2526 209 2557 tur
224 2523 336 2557 multis
352 2535 395 2557 ex
411 2528 511 2567 parte
526 2521 690 2563 Diogenis
700 2546 711 2563 ‚
738 2521 826 2564 fugit
842 2521 916 2566 ipse
931 2533 973 2555 ac
988 2532 1061 2554 cum
1078 2521 1197 2565 paucis
1210 2521 1244 2554 in
1259 2531 1371 2555 arcem
1386 2531 1424 2554 se
1440 2523 1616 2566 quamdam

150 2568 296 2604 inclusit.
341 2580 382 2603 ea
406 2569 511 2613 prima
534 2568 623 2601 bene
647 2566 806 2611 sperandi
829 2567 872 2600 de
885 2578 1014 2601 summa
1029 2567 1108 2600 belli
1125 2577 1227 2600 causa
1242 2567 1359 2601 oblata
1375 2572 1429 2601 est
1443 2568 1615 2603 tuentibus

150 2613 327 2648 Michaelis
342 2620 457 2660 partes
472 2613 632 2658 exitiique
648 2612 778 2647 initium
792 2612 938 2646 indidem
954 2612 1045 2646 haud
1061 2612 1162 2646 dubie
1178 2612 1346 2657 Diogenes
1360 2614 1510 2659 sumpsit.
1558 2620 1615 2649 at-

152 2671 219 2705 que
244 2661 327 2694 adeo
351 2665 472 2705 captus
495 2659 611 2693 statim
638 2663 730 2692 esset
740 2683 752 2701 ‚
783 2658 845 2692 uisi
871 2658 1030 2703 quiddam
1054 2658 1237 2692 accidisset
1255 2659 1347 2703 quod
1363 2670 1441 2693 mox
1455 2661 1615 2698 referam.

151 2706 207 2739 vir
220 2709 293 2739 erat
307 2706 467 2740 oriundus
480 2716 525 2740 ex
540 2704 715 2747 Armenia,
746 2705 906 2750 profundi
921 2704 1071 2746 consilii,
1102 2715 1200 2738 manu
1216 2710 1392 2750 promptus
1402 2731 1413 2748 ,
1446 2706 1617 2740 Chutata-

150 2751 222 2786 rius
236 2751 394 2786 nominee
417 2751 447 2784 is
462 2751 665 2796 magistratu
680 2750 825 2796 quodam
838 2762 906 2785 uno
921 2762 964 2784 ex
978 2750 1131 2784 maximis
1148 2761 1169 2784 a
1181 2750 1340 2794 Diogene
1354 2755 1425 2785 tum
1439 2751 1614 2797 imperium

150 2796 405 2831 administrante
418 2802 558 2831 ornatus
567 2823 578 2840 ‚
596 2808 669 2831 eam
684 2797 894 2831 benefactori
907 2808 969 2830 suo
985 2796 1126 2841 gratiam
1140 2808 1179 2830 se
1193 2796 1322 2830 debere
1336 2797 1478 2831 credidit
1488 2823 1498 2840 ‚
1514 2809 1614 2842 quam

150 2841 349 2880 dubioeius
369 2846 523 2888 temporo
539 2848 805 2890 ‚repraesentare
826 2847 1014 2890 oporteret.
1057 2842 1177 2890 itaque
1197 2842 1354 2878 collectis
1370 2843 1531 2879 militibus
1544 2854 1626 2879 uon.
