1878 3262
255 222 348 268 168
732 218 905 260 IOANN
907 216 958 260 IS
992 209 1222 261 CINNAMI

250 354 320 380 νου
340 331 627 390 ἢ“Ρομπέρτον
646 332 782 383 αὐτοῖς
799 332 1069 387 ἐπιβοηθῆσαι
1099 331 1249 387 γένοιτο
1285 330 1518 389 (ἠγγέλλετο
1535 331 1612 389 γὰρ
1630 331 1710 389 ἤδη

254 402 441 457 δυνάμεις
460 401 659 458 ἀθροίσας
675 401 902 455 ἐπανιέναι)
922 399 948 455 ἢ
966 405 1061 457 γοῦν
1079 397 1250 457 στρατιά
1267 417 1327 451 τις
1341 401 1552 458 ἦπειρῶτις
1567 400 1594 455 ἢ
1611 419 1711 443 ναυ-

253 472 342 525 τικὴ
362 472 404 512 ἔκ
425 471 624 524 βασιλέως
643 471 827 528 ἀφίκοιτο
845 469 946 525 παρ’
970 466 1129 519 αὐτούς.
1181 470 1247 510 καὶ
1267 469 1318 523 δὴ
1338 467 1504 520 ἐκτάξας
1520 470 1566 512 τὸ
1586 468 1712 526 στρά-

205 544 235 577 C
258 557 384 593 τευμα
402 539 506 580 κατὰ
525 537 736 596 φάλαγγας
754 535 905 595 ἐχώρει.
966 536 1164 591 εΡωμαῖοι
1185 538 1228 579 δὲ
1240 535 1490 594 (Ρομπέρτου
1509 537 1584 580 εἴτε
1602 536 1714 580 ἕκόν-

254 625 325 658 τος
350 607 425 650 εἴτε
454 605 555 664 τύχῃ
581 610 657 650 τινὶ
682 606 942 664 ὕστεροῦντος
968 604 1176 649 ἐτάττοντο
1196 607 1263 648 καὶ
1283 605 1396 647 αὐτοὶ
1416 605 1492 647 κάκ
1508 610 1588 648 τῶν
1605 605 1748 649 ἐνόν-5

255 693 336 718 των
373 676 644 731 κοσμηθέντες
679 676 943 730 ἀντιμέτωποι
966 676 1146 717 ἵσταντο.
1216 672 1279 716 ὅτε
1308 673 1357 728 δὴ
1386 675 1453 715 καὶ
1477 672 1644 728 θάμβος
1669 669 1719 730 ’ἦν

223 755 225 757 ’
258 743 359 802 ὁρᾶν
378 742 595 798 εΡωμαίων
620 742 932 802 εὖπερίγραπτόν
958 761 1048 787 τινα
1068 743 1182 798 ἲσχὺν
1200 742 1312 793 ὅλαις
1330 740 1546 796 δυνάμεσιν
1563 759 1722 797 μαχου-

257 813 380 868 μένην
417 816 652 864 Σικελικαῖς.
720 813 836 870 μέχρι
861 813 934 867 μὲν
961 807 1031 854 οὗν
1057 829 1164 862 τινος
1189 812 1387 868 οὗδέτεροι
1410 815 1557 868 χειρῶν
1581 805 1722 868 ἦρχον,

259 881 361 935 μετὰ
380 882 423 923 δὲ
439 886 568 924 ταῦτα
586 887 666 924 τῶν
683 879 1047 939 μισθοφορούντων
1072 899 1132 931 τις
1156 876 1304 923 ἱππέων
1321 878 1620 934 τῆςεΡωμαίων
1637 878 1722 937 φά-

259 943 417 1005 λαγγος
435 950 698 1007 προπηδήσας
716 952 756 992 ἓν
773 952 994 1008 μεταιχμίῳ
1012 949 1105 1004 ἔστη
1123 949 1191 992 τὸν
1207 946 1454 1004 βουλόμενον
1478 955 1721 1002 μονομαχεῖν
1734 954 1778 990 10

259 1017 596 1075 προκαλούμενος.
664 1018 795 1076 τούτῳ
819 1036 860 1060 τε
887 1022 946 1075 τῷ
971 1017 1107 1076 τρόπῳ
1131 1008 1398 1072 συμπεσόντες
1417 1015 1605 1071 ἀλλήλοις
1622 1014 1723 1071 ἓμά-

257 1103 392 1139 χοντο.
461 1089 528 1129 καὶ
555 1085 580 1141 ἦ
607 1086 718 1142 μάχη
742 1088 868 1129 ἕωθεν
888 1087 1088 1143 ἀρξαμένη
1106 1086 1223 1143 μέχρι
1241 1086 1313 1140 μὲν
1331 1081 1402 1128 οὖν
1420 1089 1572 1127 πολλοῦ
1591 1083 1724 1141 ἀγχώ-

261 1159 393 1207 μαλος
417 1149 466 1208 ἦν
485 1153 703 1209 ςΡωμαίων
727 1154 987 1210 εὖφυχότατα
1015 1155 1351 1211 διαγωνιζομένων
1357 1186 1370 1206 ,
1408 1153 1542 1195 ἔπειτα
1567 1155 1727 1196 Σικελοὶ

209 1226 242 1260 D
265 1227 323 1280 τῷ
341 1221 488 1277 πλήθει
505 1222 744 1278 βιασάμενοι
763 1224 982 1281 ἐτρέψαντο
1003 1222 1182 1273 τούτους.
1252 1221 1478 1280 φευγόντων
1497 1216 1568 1264 οὖν
1584 1223 1726 1263 πολλοὶ

265 1290 404 1333 ἴπεσον
422 1294 488 1334 καὶ
508 1293 669 1349 ζωγριάι
686 1291 895 1349 ᾑρέθησαν
903 1324 916 1343 ,
953 1292 991 1334 οἳ
1023 1293 1064 1334 <5²
1088 1291 1203 1334 ἄλλοι
1222 1292 1295 1333 σὺν
1314 1291 1487 1348 ὠθισμῷ
1505 1294 1641 1347 πολλῷ
1659 1292 1727 1333 καὶ
1739 1294 1782 1330 15

263 1361 335 1418 βία
362 1362 418 1409 εἷς
443 1361 516 1415 τὴν
542 1359 658 1403 πόλιν
684 1361 926 1412 εἷσέπιπτον,
964 1362 1005 1402 ἓν
1032 1357 1092 1411 οἷς
1119 1353 1370 1409 καὶἈλέξιος
1387 1356 1408 1400 ὃ
1427 1358 1648 1416 στρατηγὸς
1665 1354 1728 1414 ἦν.

264 1426 286 1468 ὃ
323 1426 489 1479 Δούκας
526 1430 569 1471 δὲ
595 1430 754 1484 τειχέων
783 1428 858 1479 ἔξω
884 1431 1066 1486 λειφθεὶς
1093 1429 1140 1471 οὗ
1169 1426 1361 1486 πρότερον
1379 1422 1497 1482 ἀνῆκε
1515 1429 1644 1469 παίων
1662 1429 1731 1469 καὶ

266 1495 481 1551 παιόμενος
490 1529 502 1549 ,
540 1500 633 1554 πρὶν
659 1497 737 1540 ὕπὸ
768 1502 847 1540 τῶν
875 1499 1075 1552 πολεμίων
1104 1499 1327 1546 κυκλωθεὶς
1353 1493 1611 1550 αἰχμάλωτος
1627 1495 1731 1550 μετὰ

266 1566 475 1615 πλείστους
502 1564 623 1615 ὅσους
649 1567 797 1621 ἐγένετο
818 1566 988 1621 ἀγῶνας.
1057 1567 1214 1608 Σικελοὶ
1235 1566 1277 1607 δὲ
1295 1565 1429 1618 ἐπειδὴ
1448 1568 1590 1606 τοῦτον
1610 1562 1731 1617 εἷλον,

267 1634 333 1674 καὶ
363 1633 458 1684 τοὺς
484 1634 548 1675 ἐπὶ
576 1638 647 1689 τῆς
677 1633 828 1684 πόλεως
847 1635 985 1676 λοιπὸν
1005 1634 1173 1690 ἀμογητὶ
1194 1632 1248 1684 ὥς
1265 1634 1306 1675 ἐν
1324 1631 1515 1690 πανάγρῳ
1535 1631 1788 1688 σαγηνεύ-ΞΟ

268 1717 409 1751 σαντες
441 1701 570 1756 ἴσχον.
639 1704 680 1753 ἐς
708 1707 825 1744 τοῦτο
854 1703 904 1757 δὴ
931 1703 1070 1753 τέλους
1086 1707 1144 1760 τῷ
1162 1704 1365 1759 Κομνηνῷ
1383 1703 1449 1743 καὶ
1467 1705 1525 1759 τῷ
1543 1699 1688 1762 Δούκᾳ
1705 1699 1733 1756 ἦ

268 1769 440 1823 ἀβουλία
457 1770 502 1812 τὸ
521 1773 614 1828 πρὶν
630 1769 855 1828 περιήνεγκε
873 1772 998 1821 κλέος,
1067 1770 1195 1821 οὕτως
1222 1770 1259 1812 οἱ
1286 1774 1357 1812 νῦν
1375 1769 1586 1827 ἄνθρωποι
1606 1769 1644 1812 οἳ
1660 1769 1735 1823 μὲν

149 1839 177 1873 Ρ
198 1841 243 1876 98
268 1836 499 1881 παντάπασι
525 1844 799 1896 στρατηγικῶν
825 1838 986 1897 ἄμοιροι
1007 1841 1277 1890 διατελοῦντες
1294 1839 1344 1881 τὰ
1362 1837 1581 1896 πράγματα
1599 1835 1735 1896 σφάλ-

365 1925 420 1959 11.
443 1921 764 1969 προκαλούμενος]
790 1923 877 1959 Cod.
900 1920 1231 1968 προσκαλούμενος.

271 2003 314 2025 ne
337 1992 469 2035 interea
491 1993 685 2035 Robertus,
715 2004 813 2038 quem
837 1991 1021 2026 contractis
1044 1991 1147 2036 copiis
1163 1991 1347 2026 adventare
1362 2002 1475 2026 rumor
1489 1995 1583 2035 erat,
1612 1990 1737 2025 auxilia

272 2037 312 2070 iis
338 2038 466 2080 ferret,
497 2043 556 2072 aut
582 2043 763 2073 terrestres
787 2038 1015 2072 maritimaeve
1031 2038 1148 2082 copiae
1165 2037 1207 2071 ab
1223 2037 1424 2082 imperatore
1441 2037 1562 2071 missae
1572 2036 1735 2071 *subveni-

274 2088 362 2118 rent.
407 2083 574 2117 instructa
597 2084 712 2128 itaque
734 2096 796 2130 per
821 2089 948 2117 turmas
964 2083 1039 2116 acie
1053 2083 1232 2128 processit.
1279 2083 1420 2117 Romani
1435 2088 1567 2126 autem,
1598 2083 1654 2117 vel
1667 2093 1735 2115 non

273 2134 508 2172 repugnante,
538 2130 595 2163 vel
618 2131 707 2163 sorte
732 2129 981 2174 tergiversante
1006 2130 1178 2170 Roberto,
1207 2128 1309 2173 copiis
1333 2129 1461 2174 pariter
1477 2128 1669 2171 instructis,
1700 2131 1737 2160 et

274 2173 429 2207 ordinata
454 2179 555 2219 prout
583 2180 724 2219 potuere
748 2175 838 2216 acie,
878 2174 1024 2208 adversa
1047 2175 1160 2208 fronte
1188 2175 1380 2208 constitere.
1427 2174 1628 2207 horrendum
1655 2172 1735 2217 quid

272 2222 344 2252 tum
371 2224 464 2261 erat,
499 2220 651 2263 exiguam
676 2221 904 2254 Romanorum
930 2220 994 2254 vim
1019 2231 1093 2253 cum
1117 2220 1282 2253 universis
1298 2220 1485 2253 Siculorum
1502 2217 1608 2264 copiis
1626 2218 1736 2263 depu-

273 2268 448 2308 gnaturam
471 2264 605 2302 intueri,
653 2266 852 2309 aliquamdiu
871 2277 891 2298 a
908 2277 1091 2309 congressu
1110 2272 1251 2310 utraque
1266 2276 1345 2310 pars
1361 2264 1531 2298 abstinuit.
1576 2263 1636 2297 sed
1658 2275 1734 2297 mox

273 2310 407 2354 quidam
429 2321 532 2355 eques
555 2311 812 2355 stipendiarius,
843 2323 863 2344 e
889 2312 1111 2344 Romanorum
1134 2312 1300 2356 phalange
1315 2319 1513 2355 procurrens
1526 2309 1559 2342 in
1578 2309 1735 2351 medium,

273 2356 425 2397 hostem,
454 2356 511 2401 qui
535 2356 697 2400 singulari
723 2356 904 2389 certamine
918 2368 1029 2390 secum
1045 2357 1149 2391 vellet
1164 2355 1342 2400 congredi,
1374 2359 1506 2390 evocat.
1553 2355 1666 2399 sicque
1681 2354 1736 2388 in-

274 2401 383 2435 vicem
398 2407 654 2446 concurrentes,
682 2401 844 2446 praelium
866 2401 1003 2435 ineunt:
1033 2403 1123 2447 quod
1138 2414 1233 2436 mane
1251 2407 1404 2446 coeptum
1419 2400 1556 2445 ancipiti
1572 2400 1737 2445 aliquam-

275 2446 332 2479 diu
348 2447 462 2481 Marte
483 2451 691 2492 protractum
716 2451 787 2488 est,
820 2446 975 2480 Romanis
1003 2448 1184 2481 fortissime
1200 2447 1450 2481 dimicantibus:
1482 2457 1595 2479 verum
1612 2446 1736 2480 Siculis

274 2492 432 2537 deinceps
457 2493 663 2526 multitudine
687 2504 747 2526 sua
773 2503 829 2526 eos
856 2492 1218 2536 circumfundentibus,
1247 2493 1380 2526 tandem
1397 2492 1443 2525 illi
1460 2492 1631 2534 fugantur.
1680 2491 1737 2524 su·-

276 2538 436 2580 gientium
460 2539 556 2572 multi
578 2538 753 2581 cecidere,
785 2538 877 2572 multi
900 2538 969 2571 vivi
993 2539 1082 2584 capti
1099 2544 1198 2578 sunt,
1229 2538 1284 2571 alii
1299 2539 1417 2571 crebra
1432 2537 1629 2582 impulsione
1644 2548 1735 2570 sum-

275 2594 396 2627 moque
410 2584 535 2629 impetu
551 2583 584 2617 in
601 2585 716 2617 urbem
733 2595 806 2617 sese
821 2595 1000 2628 recepere,
1027 2590 1130 2628 atque
1144 2585 1177 2617 iu
1194 2584 1244 2617 bis
1259 2584 1326 2616 dux
1341 2583 1412 2628 ipse
1427 2582 1575 2616 Alexius.
1623 2583 1738 2616 Ducas

276 2639 359 2662 vero
385 2635 484 2663 extra
507 2630 636 2662 moenia
661 2630 797 2663 relictus
812 2655 821 2671 ‚
853 2640 918 2662 non
936 2629 1027 2674 prius
1047 2636 1082 2663 et
1097 2630 1197 2663 ferire
1215 2633 1250 2662 et
1263 2629 1357 2663 feriri
1373 2628 1502 2662 abstitit
1515 2654 1524 2670 ,
1557 2639 1655 2673 quam
1671 2628 1737 2662 cir-

277 2673 464 2708 cumclusus
480 2676 523 2708 ab
541 2676 691 2708 hostibus
709 2681 785 2720 post
800 2675 930 2719 longam
948 2680 983 2708 et
1000 2675 1202 2720 pertinacem
1221 2685 1363 2719 pugnam
1380 2679 1498 2719 captus
1524 2679 1586 2710 est.
1640 2677 1738 2719 post-

276 2730 374 2764 quam
398 2719 488 2753 illum
515 2732 638 2764 cepere
655 2720 781 2764 Siculi,
813 2721 896 2753 ulios
914 2721 970 2764 qui
986 2721 1017 2753 in
1036 2721 1119 2754 urbe
1135 2726 1233 2754 erant
1247 2720 1318 2752 siue
1333 2719 1450 2752 labore
1466 2720 1561 2753 velut
1576 2719 1640 2753 reti
1657 2730 1740 2753 con-
1775 2730 1777 2733 ·

277 2765 387 2799 clusos
404 2766 602 2799 habuerunt.
649 2765 698 2798 sic
714 2770 844 2810 partam
859 2770 959 2799 antea
974 2766 1170 2798 aComueno
1188 2770 1222 2798 ct
1237 2765 1332 2798 Dum
1347 2765 1485 2809 gloriam
1502 2765 1663 2799 exstinxit
1679 2776 1739 2798 eo-

276 2822 350 2844 rum
364 2811 596 2856 imprudentia.
645 2810 693 2843 ita.
707 2811 808 2854 igitur
825 2822 936 2844 eorum
953 2811 1010 2855 qui
1027 2822 1114 2844 nunc
1132 2811 1250 2846 vivunt
1266 2810 1321 2843 alii
1337 2822 1410 2845 cum
1426 2811 1457 2844 in
1474 2811 1576 2844 rebus
1589 2809 1740 2844 militari-

276 2858 339 2890 bus
356 2868 492 2903 operam
505 2856 715 2902 studiumque
733 2868 799 2890 uon
815 2856 1034 2900 contulerint,
1066 2856 1231 2902 publicam
1259 2868 1329 2892 rem
1350 2861 1526 2892 evertunt:
1556 2857 1613 2891 alii
1629 2860 1741 2890 autem
