1878 3262
637 237 1031 283 HISTORIARUM
1063 241 1111 282 L.
1145 240 1223 287 IV..
1585 239 1680 287 147

211 351 412 410 ’βασιλέως
436 351 651 396 τελέσαντα
678 351 1030 412 ὗπογραμματεῖς,
1064 351 1153 398 τότε
1178 354 1223 397 δὲ
1243 356 1382 413 σφίσιν
1400 352 1590 411 ἑπόμενον
1609 360 1678 400 καὶ

214 421 338 466 αὗτόν
346 455 360 475 ,
391 422 465 465 σὺν
479 424 636 480 χρυσίῳ
654 423 726 480 ἐφ’
748 418 782 480 ᾧ
799 423 942 472 ἱππέας
960 423 1113 465 ἐκεῖθεν
1129 428 1286 477 μισθοῦ
1303 424 1463 480 ἀγαγεῖν
1481 425 1678 470 ἴστελλον.

215 493 254 535 οἷ
277 492 321 534 δὲ
343 493 407 534 ἐπὶ
442 491 512 533 τὸν
543 492 648 534 κατὰ
677 489 954 540 Μονοπόλεως
972 491 1301 545 συνεσκευάζοντο
1319 492 1507 548 πόλεμον.
1574 487 1678 539 Μο-

212 565 421 604 νοπολῖται
449 561 583 602 τοίνυν
603 559 817 614 Ῥωμαίοις
849 559 1087 609 ἃπεναντίας
1116 562 1214 603 ἴέναι
1244 562 1317 604 οῧκ
1348 562 1681 620 ἇποθαρσοῦντες

180 628 335 689 ὅρητόν
365 647 455 673 τινα
474 628 621 686 χρόνον
645 630 861 683 ἐνδοθῆναι
893 626 1031 678 αὖτοῖς
1052 629 1213 683 ἠξίουν,
1248 625 1296 672 οὗ
1323 630 1436 674 ἔνδον
1460 634 1496 674 εἶ
1516 632 1574 687 μὴ
1592 633 1679 674 ἐπι-

214 701 358 757 κουριά
377 716 438 750 τις
467 697 564 741 ὅθεν
586 696 733 754 δήποτε
756 697 894 747 αὐτοῖς
911 697 1071 753 γε’νηται
1081 729 1095 750 ,
1123 698 1196 752 τὴν
1213 696 1329 740 πόλιν
1347 700 1526 756 ἀμαχητὶ
1553 701 1679 758 ἔγχει-

214 775 326 826 ριεῖν.
395 769 539 824 ἐγίνετο
558 767 608 822 δὴ
630 771 759 810 ταῦτα
770 799 785 819 ,
819 768 888 809 καὶ
909 764 1077 822 σελήνης
1095 764 1243 824 ἡμέραι
1262 768 1454 825 ἐκεχειρία
1472 773 1675 814 Μονοπο-
1695 778 1731 814 D

211 839 341 888 λίταις
361 838 530 879 ἐδίδοτο.

352 905 398 951 6.
465 907 551 948 Καὶ
569 905 607 946 οἳ
630 905 703 959 μὲν
721 904 823 961 πρὸς
840 901 998 954 τούτοις
1015 897 1132 959 ἦσαν.
1200 906 1445 959 Βασαβίλας
1467 906 1525 958 δέ,
1554 924 1683 964 στρα-

160 972 422 1029 1οτευμάτων
441 973 520 1029 ἤδη
543 977 758 1016 Σικελικῶν
777 973 1025 1027 ἐπιθεμένων
1047 973 1179 1031 αὐτῷ,
1217 972 1430 1031 γράμμασι
1459 975 1557 1026 τοὺς
1579 975 1681 1019 Ῥω-

212 1045 346 1098 μαίων
375 1044 597 1097 μετέπεμπε
626 1042 876 1099 στρατηγοὺς
907 1046 1063 1085 θᾶττον
1098 1041 1373 1099 ἐπικουρήσειν
1409 1043 1533 1101 αὐτῷ.
1601 1049 1683 1087 τῶν

215 1114 259 1155 δὲ
287 1113 346 1167 μὴ
371 1110 631 1169 προσχόντων
655 1109 716 1162 οἷς
738 1112 893 1168 ᾐτεῖτο,
934 1105 1059 1162 αὖθις
1089 1112 1235 1162 ἒκεῖνος
1267 1113 1436 1167 πέμψας
1453 1113 1567 1168 ἠξίου
1589 1116 1679 1171 περὶ
1703 1122 1738 1157 V
1758 1125 1804 1161 67

213 1186 295 1224 τῶν
316 1181 462 1223 αὐτῶν.
524 1179 716 1235 Ῥωμαῖοι
733 1182 867 1223 τοίνυν
887 1179 934 1223 τὸ
952 1181 1026 1235 μὲν
1045 1185 1205 1238 πρῶτον
1227 1181 1432 1237 ἀπέλεγον,
1463 1181 1536 1224 οῧκ
1556 1183 1626 1239 ἐφ’
1650 1177 1687 1240 ᾧ

212 1251 435 1309 Βασαβίλᾳ
454 1248 735 1304 συμμαχήσειν
751 1250 794 1292 ἐκ
813 1250 1014 1303 βασιλέως
1031 1250 1211 1292 ἐνταῦθα
1239 1249 1350 1305 ἣκειν
1372 1248 1549 1301 εἰπόντες
1570 1251 1686 1307 (οὐδὲ

149 1322 204 1368 ι15
212 1319 295 1375 μὴν
313 1323 442 1362 ταῦτα
463 1319 538 1369 τὰς
554 1318 705 1372 μεταξὺ
725 1320 946 1372 Βασαβίλα
957 1320 1024 1360 καὶ
1045 1318 1179 1360 αὐτῶν
1195 1317 1421 1372 βούλεσθαι
1433 1317 1684 1376 ὁμολογίας),

213 1388 311 1431 ἄλλ’
335 1387 390 1438 ὧς
413 1387 462 1430 ἂν
493 1386 677 1442 δηλονότι
705 1391 872 1441 βασιλεῖ
889 1387 1065 1430 Ἰταλίαν
1080 1385 1231 1443 ταύτην
1248 1388 1350 1445 πρὸς
1371 1389 1499 1431 αὐτοῦ
1517 1406 1685 1444 συμμα-

209 1455 402 1512 χούμενοι
430 1455 762 1510 κατακτήσαιντο.
833 1456 872 1498 οἳ
897 1457 971 1511 μὲν
1000 1455 1105 1498 οὕτω
1124 1459 1344 1516 Βασαβίλα
1362 1457 1604 1512 ἠμείψαντο.
1659 1456 1681 1500 ὃ
1705 1468 1736 1503 Ρ
1760 1469 1805 1504 86

215 1527 260 1569 δὲ
284 1526 399 1568 οὐδὲν
431 1520 552 1580 ἧττον
572 1525 668 1575 τοὺς
688 1525 842 1582 ἄνδρας
866 1524 1026 1580 ἤπειγεν
1046 1523 1230 1579 ἐσχάτοις
1247 1526 1372 1581 λέγων
1395 1530 1687 1584 περιειλῆφθαι

213 1601 364 1646 κακοῖς.
436 1592 682 1648 σκεψάμενοι
712 1596 846 1636 τοίνυν
876 1595 920 1636 ἐκ
938 1592 1108 1650 Βάρεως
1135 1596 1191 1644 εἷς
1211 1592 1328 1636 πόλιν
1349 1593 1589 1637 Βουτούταν
1609 1589 1687 1650 ἦλὲ-

160 1667 294 1707 203ον
304 1697 318 1716 ,
353 1661 508 1720 ἡμέρας
525 1661 619 1705 ὁδὸν
638 1663 754 1720 ἀνδρὶ
775 1661 1071 1721 ὃπλοφοροῦντι
1092 1663 1318 1717 διέχουσαν.
1388 1664 1469 1705 ἐπεὶ
1495 1664 1539 1706 δὲ
1569 1661 1687 1721 φήμη

214 1750 278 1782 τις
293 1731 450 1789 ἐκράτει
470 1731 689 1789 πρότερον,
725 1730 781 1782 ὡς
799 1729 1273 1790 ΒασαβίλαςῬιτζάρδῳ
1304 1731 1360 1774 ἴτι
1382 1731 1560 1789 περιόντι
1583 1749 1687 1789 προ-

218 1803 359 1843 δοῦναι
382 1799 608 1854 (Ρωμαίους
637 1801 866 1853 σκέπτοιτο,
913 1803 995 1843 δεῖν
1029 1800 1205 1856 ἔγνωσαν
1231 1803 1299 1842 καὶ
1332 1802 1531 1857 δευτέροις
1563 1801 1687 1843 αὐτὸν

215 1868 351 1927 ὅρκοις
371 1868 564 1923 Ῥωμαῖοι
592 1874 858 1924 καταλαβεῖν,
905 1864 953 1912 οὗ
981 1868 1189 1925 γεγονότος
1214 1870 1344 1911 οὐκέτι
1365 1869 1504 1910 λοιπὸν
1526 1867 1689 1928 ὖποψίᾳ

214 2021 261 2056 ad
279 2021 473 2067 pontificem
488 2020 598 2054 literis
615 2023 818 2054 recusarunt
832 2019 952 2054 duces:
971 2019 1176 2054 Basilacium
1191 2030 1275 2053 vero
1292 2019 1470 2064 quemdam
1485 2031 1528 2054 ex
1542 2019 1688 2065 impera—

216 2068 301 2102 toris
317 2067 437 2101 scribis
453 2066 512 2111 qui
537 2070 609 2100 tum
635 2066 717 2111 ipsis
743 2066 862 2100 aderat
874 2090 883 2107 ‚
908 2077 950 2099 eo
966 2077 1040 2099 cum
1057 2065 1206 2111 pecuniis
1221 2066 1263 2099 ad
1280 2065 1516 2100 conducendos
1530 2065 1689 2100 mercede

215 2113 348 2159 equites
364 2113 496 2146 misere.
543 2112 608 2157 ipsi
629 2111 763 2146 interim
779 2123 817 2145 se
832 2111 875 2145 ad
891 2112 1149 2157 oppugnandam
1164 2111 1372 2157 Monopolim
1390 2115 1598 2157 comparant.
1650 2115 1689 2145 at

215 2159 376 2205 oppidani
391 2158 585 2203 neutiquam
600 2158 762 2191 Romanis
777 2157 945 2191 obsistere
961 2158 1045 2198 ausi,
1069 2157 1198 2202 aliquot
1213 2157 1340 2192 dierum
1355 2156 1508 2191 inducias
1523 2157 1588 2192 sibi
1611 2157 1689 2191 dari

216 2210 348 2251 petunt,
373 2206 495 2250 quibus
512 2203 635 2248 elapsis
650 2204 677 2237 si
693 2203 816 2237 nullum
833 2202 986 2237 alicunde
1001 2203 1256 2237 submitteretur
1272 2203 1443 2245 auxilium,
1468 2204 1585 2236 urbem
1602 2203 1689 2237 citra

216 2256 387 2286 certamen
414 2250 590 2284 dedituros
609 2260 648 2283 se
669 2249 882 2296 pollicentur.
928 2249 1022 2294 quod
1047 2254 1083 2283 et
1120 2250 1248 2284 factum
1271 2253 1348 2294 est,
1378 2249 1570 2294 mensisque
1591 2249 1690 2283 unius

215 2297 447 2332 conceduntur
460 2296 628 2330 induciae.

310 2344 342 2377 6.
389 2343 476 2377 Dum
492 2343 576 2376 haec
600 2341 648 2375 ibi
672 2344 858 2385 geruntur,
893 2351 965 2375 cum
983 2340 1171 2374 Siculorum
1200 2339 1329 2374 instare
1351 2340 1467 2385 copias
1489 2340 1689 2374 adverteret

217 2388 431 2432 Bassavilla‚
454 2389 630 2422 Romanos
654 2388 758 2421 duces
780 2387 822 2420 ad
847 2386 1023 2420 ferendam
1049 2386 1113 2420 sibi
1136 2386 1337 2431 quantocius
1365 2398 1464 2430 opem
1481 2397 1543 2431 per
1569 2386 1686 2419 literas

218 2434 392 2469 sollicitat.
441 2445 582 2478 cumque
598 2438 837 2466 cunctarentur
851 2432 875 2466 ii
891 2444 954 2466 nec
968 2432 1139 2478 postulata
1154 2437 1312 2466 curarent
1323 2457 1334 2474 ,
1359 2432 1465 2465 missis
1481 2441 1611 2464 rursum
1633 2431 1687 2465 le-

218 2480 309 2525 gatis
325 2480 440 2515 eadem
457 2481 502 2513 ab
517 2481 558 2513 iis
575 2479 755 2522 efflagitat.
803 2482 840 2512 at
854 2478 960 2523 primo
976 2478 1109 2523 quidem
1123 2477 1157 2511 id
1173 2488 1310 2523 prorsus
1326 2478 1515 2511 abnuerunt
1531 2476 1686 2519 Romani,

219 2537 286 2560 non
309 2537 347 2560 se
371 2526 415 2560 ab
432 2525 637 2571 imperatore
652 2525 802 2558 dicentes
827 2524 893 2558 huc
911 2523 1033 2558 missos
1057 2534 1132 2558 esse
1155 2529 1195 2556 ut
1221 2522 1433 2556 Bassavillae
1448 2521 1688 2556 auxiliarentur

221 2573 348 2616 (neque
371 2572 456 2606 enim
480 2571 572 2605 illum
589 2571 680 2604 inter
705 2575 741 2603 et
756 2570 926 2604 Romanos
942 2576 1079 2614 pactum
1096 2569 1216 2602 foedus
1233 2568 1395 2602 eiusmodi
1411 2568 1588 2614 praeferre
1603 2579 1687 2602 con-

4 2626 8 2646 t
221 2617 406 2662 ditiones),
430 2617 490 2651 sed
507 2622 545 2651 ut
562 2616 746 2650 coniunctis
762 2615 891 2650 viribus
905 2615 1038 2649 Italiam
1061 2614 1204 2660 principi
1218 2625 1352 2647 rursum
1367 2625 1519 2647 asserere
1534 2614 1687 2648 connite-

222 2667 350 2697 rentur.
397 2664 483 2697 haec
507 2662 573 2696 etsi
597 2663 640 2696 ad
656 2661 874 2695 Bassavillam
890 2671 1054 2714 responsa
1075 2660 1264 2701 misissent,
1288 2659 1389 2693 nihilo
1416 2659 1524 2693 minus
1537 2659 1686 2694 instabat

7 2735 22 2763 e
222 2708 291 2746 ille,
316 2719 458 2753 seseque
472 2709 507 2742 in
523 2713 673 2742 extrema
688 2707 868 2741 adductum
884 2706 1035 2752 pericula
1049 2705 1189 2739 ducibus
1204 2705 1428 2749 significabat.
1473 2705 1588 2739 habita
1604 2716 1686 2748 ergo

226 2753 488 2796 deliberatione,
511 2754 594 2788 Bari
618 2755 779 2788 Bututam
794 2754 912 2787 urbem
922 2778 933 2794 ‚
956 2756 1115 2797 quantum
1130 2751 1185 2784 vir
1198 2757 1346 2785 armatus
1361 2751 1418 2785 die
1433 2762 1502 2784 una
1516 2751 1687 2784 conficere

226 2802 343 2843 potest
355 2799 479 2834 itinere
501 2800 681 2834 distantem
691 2825 701 2843 ‚
726 2810 862 2833 venere.
907 2802 946 2832 at
960 2809 1035 2831 cum
1050 2796 1163 2830 nescio
1191 2796 1267 2841 quis
1279 2796 1344 2830 iam
1361 2797 1613 2841 percrebuisset
1627 2805 1687 2828 ru-

227 2854 318 2887 mor,
341 2844 512 2878 Richardo
527 2845 636 2879 adbuc
650 2845 835 2890 superstite
850 2844 886 2878 in
910 2844 1082 2878 Romanos
1096 2842 1318 2888 proditionem
1333 2842 1483 2876 molitum
1506 2853 1582 2875 esse
1597 2840 1687 2873 Bas-

227 2889 401 2931 savinam,
422 2892 644 2926 necessarium
657 2895 821 2936 putarunt
832 2890 859 2924 ii
874 2889 1020 2924 secundo
1036 2887 1201 2924 hominem
1215 2887 1434 2922 iureiurando
1450 2886 1686 2928 obstringat-,3
