1878 3262
292 215 388 264 176
771 211 999 256 IOANNIS
1033 211 1263 256 CINNAMI

429 327 506 372 16.
577 324 643 369 Τὰ
660 326 733 381 μὲν
752 325 803 381 δὴ
821 330 901 368 τῶν
916 324 1122 368 Ἰταλικῶν
1139 324 1323 379 πολέμων
1343 325 1522 370 ἐνταῦθα
1536 324 1748 381 Ῥωμαίοις

149 407 178 441 P
204 405 270 442 102
291 397 416 453 πέρας
441 394 546 448 ἴσχε.
611 395 804 450 βασιλεὺς
832 396 875 438 δὲ
901 396 968 437 καὶ
995 392 1189 451 πρότερον
1207 394 1280 448 μέν
1306 398 1386 436 τῶν
1407 395 1511 437 κατὰ
1530 395 1602 450 τὴν
1613 395 1749 438 Ἀσίαν

285 466 365 520 ἤδη
394 462 656 518 κεκινημένων
683 461 931 522 πραγμάτων
940 496 953 516 ,
993 461 1163 517 ὁπηνίκα
1187 461 1244 504 ἔτι
1270 461 1344 513 τὰς
1368 463 1571 522 ε’νἿταλία
1593 464 1749 520 διέφερε

286 531 446 588 μάχας,
486 533 683 589 φροντίδα
711 537 791 582 τῶν
817 533 911 589 τῇδε
939 529 1014 586 εἶχε
1043 529 1222 586 πολλήν,
1257 528 1346 573 τότε
1367 532 1410 572 δὲ
1425 529 1751 588 ὃλοσχερέστερον

287 601 428 644 λοιπὸν
447 599 707 656 ἀντεποιήθη.
760 599 782 642 ὃ
801 602 874 655 μὲν
890 601 967 658 γὰρ
982 602 1158 657 Περσῶν
1173 599 1346 642 σουλτάν
1363 598 1606 656 ῘΙούνουράν
1624 618 1663 642 τε
1685 601 1750 641 καὶ.
1762 608 1785 644 5

288 671 470 724 Σίβυλαν
494 668 707 723 Ῥωμαίοις
737 667 959 725 κατηκόους
990 666 1270 725 παρεστήσατο
1299 666 1455 719 πόλεις,
1493 666 1667 724 Τερόζης
1694 668 1751 719 δέ,

289 733 412 795 οὗπερ
430 737 508 793 ἤδη
528 737 758 793 ἐμνήσθην,
797 742 877 780 τῶν
904 739 945 779 ἓν
973 739 1138 796 Κιλικία
1166 738 1355 787 πλείστας
1381 734 1638 793 ἀφήρπασεν,
1671 736 1755 779 Ἰα-

291 806 502 864 γουπασὰν
523 807 585 858 δέ,
627 806 670 857 ὃς
691 809 757 848 καὶ
782 806 903 856 αὐτὸς
919 808 1095 863 Περσῶν
1113 804 1322 862 φύλαρχος
1338 799 1387 860 ἦν
1397 837 1410 857 ,
1441 804 1577 861 ἄρχων
1594 808 1666 860 γῆς
1683 808 1755 860 τῆς

292 877 608 927 Καππαδοκῶν,
649 874 813 917 Οἴναιόν
841 893 882 918 τε
909 875 1075 917 κατέθεε
1107 876 1175 916 καὶ
1205 872 1430 931 Παυράην,
1467 871 1601 925 πόλεις
1629 871 1757 930 ἄμφω

291 942 510 995 Ποντικάς.
559 944 733 994 Ἀλέξιον
758 946 891 986 τοίνυν
910 942 980 985 τὸν
999 945 1040 985 Γ
1038 941 1212 999 ιφάρδον
1231 943 1294 984 ἐπὶ
1312 942 1381 985 τὸν
1400 941 1573 984 σουλτάν
1589 942 1756 996 πέμψας
1769 951 1813 985 10

291 1012 366 1063 τὰς
389 1013 599 1069 εἲρημένας
628 1013 796 1066 ἀνέλαβε
821 1010 982 1064 πόλεις,
1018 1011 1287 1067 Ἰαγουπασὰν
1318 1012 1361 1053 δὲ
1388 1015 1460 1066 τῆς
1487 1012 1550 1052 ἐπὶ
1582 1010 1634 1052 τὰ
1655 1008 1757 1052 Ῥω·-

241 1084 272 1119 Β
293 1082 426 1135 μαίων
457 1079 731 1135 ἀποσχόμενον
760 1081 959 1137 ἐκδρομῆς
987 1078 1118 1137 ἑαυτῷ
1139 1080 1398 1137 προσανέχειν
1414 1078 1657 1135 ἠνάγκασεν·
1695 1078 1759 1120 ἐπὶ

292 1149 430 1203 μέντοι
450 1153 521 1202 τῆς
540 1150 718 1190 Κιλίκιον
737 1149 858 1199 αὐτὸς
876 1147 1148 1206 ἐκστρατεύειν
1166 1152 1364 1191 διενοεῖτο.
1420 1149 1461 1189 ἐν
1494 1149 1537 1189 δὲ
1566 1145 1696 1205 τούτῳ
1717 1147 1759 1188 ἓν

294 1218 505 1275 Βυζαντίῳ
524 1215 619 1260 τάδε
639 1217 861 1260 συνέπεσεν.
929 1211 980 1272 ’ἧν
1005 1235 1066 1267 τις
1082 1218 1272 1259 Λευιτῶν
1291 1216 1361 1267 οὓς
1380 1214 1590 1266 διακόνους
1609 1218 1759 1257 καλοῦ-

172 1295 208 1330 V
232 1296 278 1330 80
297 1299 396 1341 μεν·
439 1284 569 1340 ὄνομα
602 1284 731 1343 τούτῳ
761 1286 987 1336 Βασίλειος.
1056 1279 1174 1335 οὗτος
1201 1283 1467 1327 ἀναπτύσσειν
1495 1292 1579 1334 τοῖς
1596 1287 1760 1334 πολλοῖς
1771 1292 1814 1328 15

293 1355 369 1404 τὰς
387 1356 505 1404 θείας
524 1356 565 1396 ἓν
583 1361 671 1405 ταῖς
691 1353 792 1397 ὅπου
814 1353 960 1409 δήποτε
979 1358 1155 1403 τελεταῖς
1182 1354 1487 1407 πεπιστευμένος
1514 1353 1653 1411 φωνὰς
1685 1351 1762 1394 ἄλ-

294 1427 391 1474 λους
415 1441 456 1465 τε
477 1427 557 1465 τῶν
577 1426 643 1465 καὶ
662 1423 766 1466 κατὰ
784 1423 920 1480 βραχὺ
940 1420 1317 1480 προσκεκρουκότων
1335 1422 1447 1479 αὐτῷ
1466 1423 1507 1464 ἓν
1525 1419 1690 1471 ταύταις
1709 1420 1761 1475 δὴ

293 1498 383 1542 ταῖς
401 1490 576 1546 ὁμιλίαις
595 1490 772 1546 σχήματι
790 1494 856 1534 καὶ
876 1489 1087 1548 ἐπικρύψει
1103 1497 1338 1547 κακηγορεῖν
1356 1490 1476 1546 ἤθελε
1485 1523 1499 1542 ,
1537 1492 1602 1532 καὶ
1622 1489 1672 1544 δὴ
1693 1490 1762 1531 καὶ

290 1560 471 1613 Μιχαὴλ
490 1562 558 1601 καὶ
580 1559 819 1617 Νικηφόρον
841 1561 1044 1613 ἐπίκλησιν
1064 1558 1334 1610 Βασιλάκιον,
1378 1553 1433 1602 ὧν
1458 1557 1479 1600 ὃ
1501 1560 1575 1612 μὲν
1597 1558 1760 1615 ῥητορι-

292 1631 366 1681 κῆς
385 1627 426 1677 ἔς
443 1625 534 1669 τόδε
555 1632 698 1684 καιροῦ
714 1627 953 1683 ,καθηγητὴς
971 1625 1181 1683 ἐτύγχανεν
1202 1626 1258 1669 ὢν
1277 1625 1297 1668 ὃ
1317 1625 1492 1681 Μιχαήλ
1502 1659 1515 1678 ,
1539 1627 1591 1669 τὰ
1611 1625 1699 1684 ἱερά
1717 1642 1759 1668 τε
1771 1634 1817 1668 20

291 1695 355 1737 ἐπὶ
375 1699 448 1737 τοῦ
467 1699 538 1750 τῆς
556 1698 715 1753 Σοφίας
736 1697 846 1753 ἱεροῦ
865 1698 1076 1751 διεξηγεΐτο
1097 1699 1177 1737 τῶν
1196 1695 1432 1750 εὐαγγελίων
1460 1693 1562 1751 ῥητά
1571 1727 1585 1747 ,
1621 1694 1762 1751 ἅτερος

247 1766 277 1800 C
302 1765 346 1806 δὲ
373 1762 586 1818 εὐδόκιμος
611 1764 717 1806 ἄλλα
744 1782 785 1807 τε
813 1768 893 1807 τῶν
921 1765 963 1805 ἐν
990 1762 1123 1819 λόγοις
1141 1758 1190 1818 ἦν
1208 1765 1274 1805 καὶ
1296 1763 1345 1818 δὴ
1365 1765 1432 1805 καὶ
1450 1761 1579 1819 λόγων
1606 1762 1764 1819 ἀγαθὸς

296 1830 563 1890 δημιουργός·
604 1833 739 1887 ἀμέλει
764 1837 861 1888 γοῦν
884 1834 952 1874 καὶ
981 1831 1113 1874 πολλὰ
1140 1836 1220 1875 τῶν
1239 1831 1343 1875 κατὰ
1363 1831 1576 1890 ῥητορικὴν
1592 1831 1761 1887 μεμελέ-

388 1986 443 2020 18.
465 1981 645 2030 σχήματι]
670 1984 804 2020 Tollius
825 1986 861 2020 et
883 1982 971 2018 Duc.
993 1982 1172 2028 σχίσματι.

392 2120 445 2154 16.
492 2119 594 2153 Hunc
608 2119 710 2153 finem
724 2118 876 2154 habuere
893 2119 984 2154 bella
998 2119 1222 2155 Romanorum
1242 2119 1373 2155 Italica.
1419 2120 1497 2155 dum
1510 2121 1550 2155 iis
1564 2120 1674 2157 adhuc
1690 2122 1762 2156 dis-

297 2164 462 2198 tineretur
490 2165 692 2209 imperator,
722 2164 943 2199 Asiaticorum
969 2171 1117 2200 motuum
1141 2177 1221 2199 cura
1246 2166 1425 2201 sollicitum
1455 2168 1608 2201 tenebat:
1640 2169 1762 2212 quibus

298 2210 429 2244 demum
450 2211 618 2254 peractis,
647 2214 755 2244 totum
771 2222 809 2244 se
824 2213 924 2245 rebus
940 2212 1012 2245 istis
1029 2212 1201 2256 applicuit.
1249 2213 1428 2246 Persarum
1447 2213 1574 2257 quippe
1597 2213 1760 2253 Sultanus

296 2256 468 2289 Punurmn
499 2260 536 2288 et
567 2255 720 2298 Sybilam
732 2280 743 2297 ,
773 2256 999 2291 Romanorum
1023 2258 1178 2292 civitates
1189 2284 1199 2300 ‚
1226 2263 1502 2302 expugnaverat:
1533 2262 1567 2290 et
1593 2259 1760 2302 Torosus,

295 2301 391 2334 cuius
408 2311 511 2346 supra
525 2301 730 2334 meminimus
743 2326 753 2344 ‚
783 2302 941 2346 plurimas
957 2303 1057 2337 etiam
1074 2303 1262 2343 abstulerat
1275 2304 1308 2336 in
1324 2302 1451 2336 Cilicia.
1498 2302 1542 2336 ad
1567 2305 1631 2337 hoc
1656 2305 1760 2349 lagu-

294 2358 422 2391 pasan,
456 2346 513 2391 qui
543 2351 576 2381 et
605 2346 679 2390 ipse
706 2346 912 2391 phylarchus
944 2353 1019 2382 erat
1047 2349 1230 2382 Persarum
1260 2355 1295 2382 et
1321 2347 1559 2393 Cappadociae
1589 2350 1760 2396 princeps,

297 2393 472 2426 Oenaeum
489 2396 524 2425 et
540 2392 712 2431 Pauraen,
742 2392 903 2426 Ponticas
920 2395 1040 2436 urbes,
1070 2394 1274 2429 incursabat.
1320 2394 1419 2428 misso
1444 2393 1559 2438 itaque
1582 2396 1626 2429 ad
1642 2397 1760 2431 Sulta-

296 2449 373 2471 num
399 2437 518 2472 Alexio
546 2437 745 2482 Gipbardo,
779 2449 820 2472 ea
846 2439 969 2483 oppida
986 2440 1130 2485 recepit:
1160 2440 1402 2484 Iagupasanem
1416 2450 1499 2472 vero
1514 2439 1760 2476 incursionibus

295 2483 331 2517 in
346 2484 432 2517 fines
449 2484 618 2517 Romanos
634 2483 803 2518 abstinere
815 2508 826 2525 ‚
853 2485 984 2528 sibique
999 2485 1159 2530 deinceps
1179 2485 1364 2519 adhaerere
1386 2485 1511 2528 coegit.
1555 2486 1591 2520 in
1608 2486 1759 2525 Ciliciam

296 2534 408 2563 autem
423 2529 496 2573 ipse
511 2529 755 2573 expeditionem
769 2529 945 2564 instituere
961 2530 1125 2565 decrevit.
1172 2531 1301 2564 interea
1323 2531 1407 2564 baec
1421 2531 1578 2574 Byzantii
1591 2533 1758 2572 accidere.

296 2578 372 2609 erat
388 2575 522 2619 quidam
540 2586 582 2608 ex
597 2575 790 2609 Levitarum
807 2575 943 2615 ordine,
960 2587 1044 2620 quos
1060 2587 1120 2610 nos
1137 2576 1294 2610 diaconos
1309 2587 1484 2618 vocamus,
1515 2578 1644 2612 nomine
1659 2579 1761 2613 Basi-

297 2619 372 2653 lius.
421 2620 474 2653 hic
501 2620 546 2654 ad
568 2620 799 2665 explicandum
813 2621 848 2655 in
864 2621 1097 2656 ecclesiasticis
1114 2622 1264 2660 coetibus
1279 2622 1418 2655 verbum
1432 2622 1577 2657 divinum
1592 2624 1760 2659 constitu-

298 2669 355 2698 tus
370 2689 378 2705 ‚
408 2665 492 2698 alios
508 2665 564 2709 qui
579 2667 635 2699 vel
650 2667 817 2701 minimum
831 2667 875 2700 ab
891 2667 962 2701 eius
977 2667 1152 2701 sententiis
1167 2667 1371 2701 dissidebant
1386 2667 1418 2700 in
1435 2667 1525 2701 hisce
1542 2670 1759 2704 concionibus

299 2713 392 2744 tecte
408 2715 444 2743 et
459 2711 614 2744 occultim
636 2712 827 2756 redarguit:
858 2716 960 2757 atque
975 2713 1009 2746 in
1026 2713 1075 2746 his
1090 2712 1289 2746 Michaelern
1305 2717 1340 2746 et
1353 2712 1580 2758 Nicephorum
1592 2741 1604 2756 ‚
1630 2727 1760 2760 cogno-

301 2759 412 2790 mento
440 2755 661 2798 Basilacium3
693 2769 834 2801 quorum
863 2758 949 2792 alter
974 2759 1144 2792 rhetorum
1169 2768 1210 2791 ea
1233 2762 1431 2803 tempestate
1455 2760 1632 2804 magister,
1660 2771 1762 2797 saera

302 2801 550 2845 evangeliorum
565 2803 671 2835 verba
687 2803 888 2848 explanabat
902 2803 935 2836 in
952 2802 1123 2847 Sophiano
1138 2802 1280 2848 templo:
1312 2803 1400 2838 alter
1415 2816 1497 2838 vero
1514 2806 1657 2841 celebris
1671 2807 1761 2843 inter

302 2846 451 2882 eruditos
465 2846 500 2881 in
515 2846 719 2882 orationibus
736 2848 970 2883 elucubrandis
988 2847 1130 2883 maxime
1145 2850 1360 2894 praestabat,
1389 2850 1557 2897 multaque
1582 2852 1616 2887 in
1641 2853 1761 2888 rheto-
