1878 3262
644 179 1038 225 HISTORIARUM
1064 180 1114 224 L.
1141 181 1196 224 V.
1543 179 1652 228 239

197 310 323 348 μασιν
339 291 616 350 ἄντιπαρεῖχον
635 293 798 349 αὐτοῖς)
807 327 821 348 ,
854 299 955 350 νῆας
973 296 1039 337 καὶ
1059 294 1173 338 αὖτοὶ
1192 291 1495 349 συλλεξάμενοι,
1528 291 1652 350 μήπω

198 366 272 404 τοῦ
298 362 372 404 σὺν
402 367 460 419 τῷ
488 365 529 404 Γ
525 368 635 423 αβρᾷ
662 366 729 406 καὶ
762 368 821 421 τῷ
846 366 1050 421 Βρυεννίῳ
1079 362 1379 420 στρατεύματος
1406 363 1650 420 ἀφικομένου

199 431 262 471 ἐπὶ
285 429 480 486 Οὖννικήν
490 464 502 483 ,
540 432 607 474 διὰ
630 437 705 474 τοῦ
725 436 909 485 ποταμοῦ
923 432 1026 473 κατὰ
1043 437 1123 474 τῶν
1133 431 1367 487 Ῥωμαϊκῶν
1386 433 1573 488 ἐφέροντο
1593 429 1648 481 ὡς
1670 439 1701 474 C

197 498 489 550 καταδύσαντὲς
507 518 547 543 τε
568 500 694 551 αὐτὰς
711 502 777 542 καὶ
792 498 905 556 μάχῃ
927 499 975 541 οὗ
994 500 1068 542 σὺν
1090 498 1200 559 πόνῳ
1217 499 1557 558 περιγενησόμενοι
1568 532 1582 552 ,
1617 501 1653 542 εἰ

164 569 267 608 ὄκαὶ
293 565 442 623 ταύτης
467 573 537 623 τῆς
561 570 701 626 πείρας
723 569 934 623 ἠλέγχοντο
966 566 1154 625 δεύτεροι.
1222 570 1265 610 αἱ
1293 569 1370 626 γὰρ
1396 569 1527 610 αὐτῶν
1547 572 1651 623 νῆες,

197 634 267 678 ἅτε
290 634 435 690 ἣκιστα
455 642 528 679 τοῦ
550 641 842 692 ναυπηγεῖσθαι
860 639 997 687 δεξιῶς
1016 637 1055 686 ἒς
1075 634 1332 693 ἀσύμμετρόν
1351 655 1388 679 τι
1407 635 1653 691 διατεινόμε-

196 722 264 746 ναι
291 699 429 762 εὖρος,
460 706 510 747 τὰ
534 708 742 762 δευτεραΐα
762 707 826 747 ἐπὶ
845 704 1036 759 ταχύτητι
1063 706 1291 759 κομίζονται
1314 709 1393 747 τῶν
1404 704 1653 760 Ῥωμαϊκῶν.

194 772 319 830 ᾔεσαν
343 774 416 827 μὲν
443 773 520 829 γὰρ
540 774 607 815 διὰ
628 778 702 815 τοῦ
722 778 930 828 ποταμοῦ,
963 771 1154 827 Ῥωμαῖοι
1174 774 1217 815 δὲ
1235 771 1496 830 παρατάξεως
1516 778 1654 828 σχῆμα

196 839 456 896 ποιησάμενοι
487 842 591 883 κατὰ
622 843 747 895 μέσον
778 840 1134 896 ἀπολαμβάνοι-σιν
1168 841 1315 891 αὐτοὺς
1342 840 1470 895 συχνά
1498 859 1539 883 τε
1572 848 1656 891 τοῖς

142 919 186 961 10
197 908 435 963 τοξεύμασιν
463 909 656 964 ἔβαλλον,
691 911 762 967 ἐφ’
785 908 845 960 οἷς
872 909 1127 967 ἀπειρηκότες
1146 911 1283 952 ἐκεῖνοι
1305 908 1490 966 πρύμναν
1512 907 1655 965 ἐκρού-

195 994 331 1020 σαντο.
400 979 443 1020 αἱ
471 979 545 1032 μὲν
571 973 642 1020 οὖν
662 978 780 1020 ἄλλαι
801 983 891 1034 νῆες
908 979 1040 1021 αὐτῶν
1055 979 1214 1037 θατέρᾳ
1234 982 1306 1020 τοῦ
1325 981 1511 1032 ποταμοῦ
1530 975 1656 1019 πελά-

194 1064 318 1090 σασαι
338 1045 446 1102 ὄχθῃ
465 1047 533 1089 τὸν
548 1048 729 1089 κίνδυνον
750 1047 897 1104 ἔφυγον
908 1080 920 1099 ,
956 1049 1031 1101 μιά
1061 1048 1104 1089 δὲ
1131 1048 1264 1089 αὐτῶν
1282 1047 1439 1102 ἀνδρῶν
1456 1046 1557 1088 πλέα
1574 1049 1656 1087 τῶν

194 1115 297 1170 παρ’
333 1115 470 1164 αὐτοῖς
498 1114 826 1171 στρατηγούντων
851 1114 1078 1172 ὑποχείριος
1097 1114 1311 1170 Ῥωμαίοις
1335 1116 1483 1170 ἐγένετο
1507 1131 1654 1156 σκευα-

193 1187 278 1240 στῴ
295 1184 390 1239 πυρὶ
410 1182 686 1238 καταπλήξασι
703 1183 864 1239 ταύτην.
935 1179 1081 1226 Οῧννοι
1104 1186 1260 1235 τοίνυν,
1294 1184 1429 1238 ἐπειδὴ
1456 1185 1524 1225 καὶ
1549 1180 1652 1225 ταύ-
1673 1182 1706 1217 D

140 1256 182 1292 15
194 1269 266 1306 της
288 1250 559 1307 ἀπετύγχανον
574 1257 647 1307 τῆς
664 1255 826 1309 πείρας,
862 1252 931 1309 ἐφ’
950 1251 1087 1310 ἑτέρας
1106 1251 1336 1309 ἐτράποντο.
1404 1255 1484 1294 τῶν
1500 1251 1578 1308 γὰρ
1598 1255 1657 1309 τῷ

193 1318 389 1377 Στεφάνῳ
421 1322 790 1376 διυπηρετουμένων
821 1320 984 1378 Οὕννων
1011 1319 1199 1378 χρήμασί
1220 1338 1331 1370 τινας
1356 1318 1657 1375 ὗποκλὲψαντες

194 1387 434 1445 δηλητήριον
455 1393 513 1445 τῷ
536 1387 741 1447 ἀνθρώπῳ
764 1388 930 1447 κεράσαι
949 1390 1170 1431 ἀνέπεισαν.
1239 1389 1455 1431 κάντεῦθεν
1473 1387 1500 1444 ἥ
1518 1406 1559 1430 τε
1578 1386 1655 1429 πό-

193 1460 256 1506 λις
281 1455 386 1498 ἑάλω
415 1458 482 1498 καὶ
502 1459 671 1514 Σίρμιον
689 1457 797 1500 ἅπαν
814 1457 892 1499 ὑπὸ
917 1458 1095 1508 Οὖννους
1113 1453 1235 1507 αὖθις
1264 1458 1426 1513 ἐγένετο.
1495 1457 1533 1499 οἳ
1558 1457 1655 1511 με’ν-

192 1542 254 1566 τοι
283 1524 396 1567 ἔνδον
419 1523 616 1579 Ῥωμαῖοί
645 1543 686 1568 τε
717 1528 784 1568 καὶ
814 1522 959 1569 Οῧννοι
972 1559 985 1578 ,
1022 1526 1108 1568 ὅσοι
1136 1527 1210 1568 σὺν
1234 1530 1292 1582 τῷ
1320 1523 1516 1582 Στεφάνῳ
1539 1523 1679 1576 {uit--

135 1604 330 1645 ᾓοτοντο,
377 1594 523 1643 ἀσινεῖς
549 1595 792 1650 διεγένοντο,
838 1594 906 1637 ἅτε
933 1593 1126 1654 ὁμολογίᾳ
1155 1593 1321 1650 τοιαύτῃ
1348 1594 1421 1648 τὴν
1451 1592 1566 1635 πόλιν
1592 1594 1658 1634 ἓν-

193 1660 330 1712 &dmg
357 1661 505 1712 αὐτοῖς.
580 1658 726 1705 Οὗννοι
758 1665 801 1705 δὲ
828 1668 886 1721 τῷ
913 1668 987 1706 τοῦ
1007 1661 1217 1719 Στεφάνου
1243 1664 1510 1718 ἓιψβρίζοντες
1529 1665 1658 1719 νεκρῷ

191 1730 238 1771 τὸ
270 1731 343 1783 μὲν
370 1735 529 1786 πρῶτον
561 1730 650 1773 οὔτε
678 1730 792 1782 ὁσίας
817 1733 1046 1785 μετέδωκαν
1076 1730 1166 1774 οὔτε
1196 1731 1303 1781 τινὸς
1329 1731 1452 1772 ἄλλου
1485 1734 1565 1772 τῶν
1592 1731 1657 1771 ἐπὶ

191 1801 386 1840 τεθνεῶσι
405 1800 584 1852 νομίμων
604 1799 802 1854 ἠξίωσαν,
830 1799 908 1857 πρὸ
930 1801 974 1842 δὲ
994 1804 1074 1842 τῶν
1093 1804 1166 1855 τῆς
1183 1798 1335 1850 πόλεως
1353 1799 1517 1841 ἴκθετον
1534 1815 1653 1853 ποιη-
1675 1800 1704 1835 P
1731 1801 1797 1839 139

283 1928 318 1961 6.
342 1922 486 1971 ἥκιστα]
509 1927 709 1962 Addendum
723 1929 862 1963 videtur
885 1927 1034 1973 ἔχουσαι
1055 1929 1110 1964 vel
1134 1926 1323 1963 ἐλθοῦσαι.
1416 1929 1472 1964 11.
1493 1925 1654 1973 θατέρᾳ]

283 1972 371 2007 cod.
395 1969 521 2019 ἁτέρᾳ,
661 1974 716 2010 15.
741 1972 804 2019 ἐφ’
830 1974 979 2020 ἑτέρας]
1003 1977 1090 2010 Duc.
1114 1971 1181 2018 ἐφ’
1206 1972 1347 2019 ἑτέραν.

191 2088 227 2122 in
255 2098 369 2120 eorum
399 2086 508 2120 locum
537 2087 774 2121 substituebat.
821 2087 964 2131 navigiis
987 2087 1093 2131 igitur
1118 2089 1152 2121 et
1174 2086 1240 2133 ipsi
1262 2086 1432 2130 collectis,
1462 2087 1656 2133 priusquam

192 2134 334 2167 Gabrae
354 2136 389 2166 et
404 2133 564 2177 Bryennii
579 2133 613 2166 in
629 2132 836 2178 Hungariam
853 2132 1070 2167 advenissent
1085 2133 1221 2178 copiae,
1251 2146 1313 2178 per
1339 2133 1462 2167 flumen
1477 2133 1509 2166 in
1527 2134 1656 2167 Roma-

191 2190 252 2213 nas
283 2190 389 2212 naves
419 2178 521 2212 delati
551 2183 652 2222 sunt,
684 2184 723 2212 ut
753 2190 812 2213 eas
841 2179 1092 2222 submergerent
1115 2191 1178 2212 nec
1199 2180 1302 2213 multo
1318 2190 1392 2213 cum
1406 2179 1526 2213 labore
1540 2179 1655 2214 hostes

191 2225 320 2270 praelio
337 2224 571 2266 devincerent3
596 2225 659 2258 etsi
674 2225 727 2258 hic
743 2230 882 2258 conatus
898 2225 1003 2258 minus
1018 2234 1180 2270 prospere
1194 2225 1234 2259 iis
1249 2225 1363 2260 cessit.
1393 2235 1508 2259 eorum
1526 2226 1654 2271 quippe

191 2281 298 2304 naves
325 2271 430 2303 minus
454 2275 536 2315 apte
560 2271 742 2304 fabricatae
756 2277 790 2304 et
804 2271 837 2304 in
853 2270 1057 2304 immodicam
1073 2278 1235 2305 extensae
1248 2271 1455 2305 latitudinem
1471 2272 1657 2305 velocitate

191 2317 418 2350 Romanorum
440 2317 698 2361 superabantur.
745 2320 782 2350 et
805 2316 871 2350 iam
894 2316 928 2349 in
951 2316 1073 2351 flumen
1093 2317 1261 2351 deductae
1276 2323 1391 2358 erant,
1423 2328 1496 2350 cum
1511 2317 1656 2350 Romani

191 2362 335 2396 navibus
361 2362 430 2395 suis
452 2362 486 2395 in
509 2362 614 2395 aciem
636 2362 796 2403 ordinatis
810 2362 885 2396 illas
901 2362 1071 2407 excipiunt
1086 2363 1282 2407 crebrisque
1297 2362 1554 2396 iaculationibus
1568 2362 1658 2396 inse-

192 2411 300 2442 stant:
333 2407 455 2452 quibus
482 2407 530 2441 illi
555 2408 687 2452 fatigati
704 2419 808 2441 naves
821 2408 1006 2442 inhibuere.
1053 2419 1168 2442 earum
1184 2419 1262 2453 pars
1278 2408 1375 2441 alteri
1395 2407 1538 2453 appulsa
1551 2407 1658 2441 littori

193 2453 368 2486 discrimen
385 2453 509 2487 evasit:
534 2465 599 2486 una
614 2466 699 2487 vero
715 2454 835 2487 ducum
850 2453 1037 2487 militarium
1051 2454 1151 2499 plena
1164 2454 1198 2487 in
1215 2455 1435 2487 Romanorum
1452 2457 1658 2497 potestatem

194 2499 301 2542 venit,
333 2503 475 2544 arteque
501 2501 657 2533 confecto
685 2500 760 2543 igne
784 2501 959 2544 absumpta
975 2504 1038 2533 est.
1085 2500 1240 2543 Hungari
1260 2500 1397 2543 itaque,
1423 2502 1600 2543 postquam
1619 2503 1655 2532 et

193 2543 247 2578 hic
260 2544 374 2578 irritus
389 2551 526 2578 conatus
543 2545 626 2589 fuit,
658 2545 745 2578 aliud
762 2550 839 2578 sunt
854 2546 967 2579 moliti.
1013 2546 1189 2578 nonnullos
1206 2545 1290 2578 enim
1309 2555 1349 2578 ex
1366 2555 1428 2578 sua
1443 2551 1566 2588 gente,
1598 2544 1655 2589 qui

195 2589 368 2635 Stephano
396 2591 663 2635 famulabantur,
694 2591 844 2636 pecuniis
872 2595 1111 2635 corrumpunt,
1140 2590 1248 2635 iisque
1264 2590 1471 2636 persuadent
1485 2594 1523 2623 ut
1537 2591 1656 2635 propi-

195 2639 274 2668 nato
289 2646 420 2669 veneno
435 2636 599 2670 hominem
616 2641 785 2670 necarent.
830 2635 876 2669 ita
902 2642 937 2669 et
962 2638 1043 2669 urbs
1067 2641 1169 2681 capta
1188 2640 1241 2669 est
1265 2641 1300 2669 et
1325 2641 1433 2670 totum
1449 2636 1607 2669 Sirmium
1621 2636 1656 2669 in

195 2678 247 2712 ius
277 2681 368 2715 venit
395 2682 643 2727 Hungarorum.
692 2687 729 2716 at
761 2682 818 2727 qui
842 2682 875 2715 in
898 2682 1040 2715 civitate
1054 2693 1115 2726 pro
1134 2682 1307 2727 Stephano
1323 2683 1477 2724 stabant,
1512 2681 1656 2715 Romani

196 2724 334 2769 perinde
359 2738 399 2760 ac
424 2728 579 2772 Hungari
591 2754 600 2769 ‚
629 2728 812 2762 incolumes
827 2733 862 2761 et
877 2724 982 2761 illaesi
999 2739 1151 2761 mansere
1163 2753 1174 2768 ‚
1206 2732 1325 2772 utpote
1341 2727 1398 2772 qui
1419 2727 1470 2760 his
1488 2727 1656 2761 conditio-

194 2769 292 2803 nibus
307 2771 420 2805 urbem
434 2774 653 2807 tradiderant.
693 2773 857 2819 Stephani
872 2784 954 2807 vero
972 2773 1132 2807 cadaveri
1145 2773 1326 2807 illudentes
1343 2773 1497 2816 Hungari
1513 2772 1654 2818 primum

194 2815 327 2861 quidem
341 2815 422 2852 illud
435 2819 533 2854 nullis
547 2819 651 2856 sacris
666 2818 838 2867 prosecuti
851 2824 930 2854 sunt
944 2819 1144 2864 honoribus,
1169 2830 1280 2866 neque
1303 2819 1377 2855 aliis
1401 2829 1489 2865 quae
1512 2815 1653 2853 mortuis
