1878 3262
256 214 353 260 210
706 213 910 257 CAROLI
943 214 1024 258 DU
1054 215 1266 260 FRESNE

254 323 497 370 consentiat,
525 322 633 361 haud
661 322 737 362 erit
765 324 938 362 fortassis
965 324 1186 376 ingratum,
1230 325 1263 364 si
1287 327 1394 377 quod
1418 328 1461 367 in
1490 328 1594 366 hanc
1619 340 1704 366 rem

253 382 390 430 habet,
421 380 471 418 ad
494 379 774 418 illustrandum
790 381 1051 433 Bryennium‚
1080 381 1201 420 hocce
1217 382 1304 420 loco
1319 384 1362 421 in
1377 385 1549 423 medium
1567 385 1705 436 profe-

252 450 350 475 ram.
398 436 589 487 sicigitur
603 437 690 475 ille:
719 451 825 474 anno
855 439 937 479 463
967 438 1176 489 (Hegirae,
1206 451 1304 488 quae
1326 440 1454 491 coepit
1471 443 1526 482 20
1542 441 1702 479 Octobr.

251 493 297 532 A.
340 492 435 532 Chr.
477 492 614 544 1069)
667 493 869 531 contendit
898 496 1087 546 princeps
1139 495 1437 534 Olbarsalanus
1480 496 1705 534 Aclzlatum

254 549 442 602 (Graecis
473 547 609 601 χλιοῖτ)
659 552 704 587 in
739 564 948 588 occursum
974 552 1174 589 Romanis
1203 559 1294 589 cur'n
1321 551 1458 594 40000
1487 553 1704 604 equitibus,

253 614 394 644 contra
423 620 524 658 quos
550 605 711 657 prodiit
733 609 938 658 patricius
967 607 1137 659 quidam
1167 606 1404 662 (Basilacius
1425 609 1457 646 is
1479 615 1535 646 est
1552 608 1704 660 Bryen-

252 660 349 716 nio)
382 676 475 700 cum
495 665 658 714 magnis
677 666 823 715 copiis,
852 663 924 700 sed
936 678 1041 715 quas
1057 666 1156 701 vicit
1167 666 1374 717 princeps,
1405 672 1522 716 capto
1547 672 1584 702 et
1605 663 1706 702 duce

252 734 410 768 eorum,
439 733 555 771 quem
583 727 618 757 et
647 734 747 758 naso
780 721 999 760 mutilavit.
1057 720 1198 759 deinde
1223 723 1307 773 ipse
1320 720 1478 773 prodiit
1496 722 1706 759 Romano-

250 791 343 814 rum
361 778 600 827 imperator,
628 779 698 814 cui
709 779 896 828 princeps
913 779 1090 815 occurrit
1106 779 1148 815 in
1167 779 1252 816 loco
1271 777 1379 816 dicto
1398 778 1558 827 Zabra,
1581 776 1705 829 idque

250 832 316 870 die
331 836 385 874 26
404 832 643 871 Dulkiadae
655 863 666 884 ‚
697 841 733 871 et
759 835 1014 886 oppugnavit
1031 835 1240 872 Romanos
1259 834 1325 872 die
1347 835 1533 885 Veneris,
1561 847 1706 885 eosque

251 892 296 927 in
312 889 472 941 fugam
500 892 640 939 vertit,
671 897 708 927 et
737 889 969 928 occiderunt
997 891 1183 929 Mus-limi
1201 905 1243 929 eo
1261 890 1326 929 die
1344 898 1465 943 atque
1483 897 1596 928 noete
1613 891 1704 928 Ro-

251 960 392 984 manos
417 948 655 985 innumeros.
716 948 814 997 quin
845 955 881 984 et
905 949 990 998 ipse
1015 949 1295 985 Romanorum
1324 949 1540 999 imperator
1558 953 1704 998 captus

239 1003 364 1054 fuit.-
396 1001 469 1039 sed
492 1002 650 1040 dimisit
674 1017 764 1040 eum
790 1005 979 1055 princeps
1009 1018 1055 1041 ea
1086 1005 1169 1055 lege
1187 1011 1234 1042 ut
1255 1004 1415 1057 afferret
1436 1003 1544 1046 1500
1565 1017 1704 1040 aureo-

252 1073 345 1097 rum
371 1059 526 1107 millia,
556 1066 593 1095 et
613 1061 658 1095 in
683 1060 865 1110 singulos
879 1074 1007 1098 annos
1027 1060 1225 1098 tributum
1241 1062 1407 1099 solveret
1424 1062 1507 1102 360
1525 1060 1704 1096 millium

253 1129 487 1165 aureorum,
518 1128 568 1151 ac
585 1113 801 1152 dimitteret
817 1129 949 1152 omnes
970 1117 1203 1165 Muslimos,
1235 1119 1308 1169 qui
1326 1118 1438 1169 capti
1456 1118 1498 1153 in
1517 1117 1702 1154 Romano

252 1173 418 1223 imperio
441 1179 577 1209 essent.
634 1185 724 1209 cum
749 1178 886 1209 autem
903 1173 1183 1210 Romanorum
1206 1175 1420 1225 imperator
1441 1174 1486 1209 in
1505 1174 1704 1224 regionem

250 1242 369 1266 suam
386 1242 564 1266 reversus
582 1235 700 1276 esset,
729 1229 918 1280 comperit
934 1230 1140 1267 Romanos
1160 1229 1291 1267 alium
1309 1231 1585 1280 imperatorem
1605 1242 1703 1265 con-

250 1286 450 1333 stituisse,
480 1283 586 1322 unde
613 1285 651 1321 is
669 1285 797 1323 vitam
818 1299 858 1322 se
876 1286 1074 1323 simulans
1099 1299 1300 1337 capessere
1321 1286 1603 1333 monasticam,
1633 1298 1704 1323 ve·-

250 1349 328 1379 stes
355 1340 492 1378 induit
517 1341 675 1386 laneas,
705 1343 892 1393 misitque
917 1341 976 1378 ad
986 1343 1213 1393 principem
1229 1345 1311 1385 200
1329 1354 1538 1379 aureorum
1557 1340 1704 1389 millia,

249 1406 286 1435 et
318 1396 519 1448 lapidem,
563 1399 683 1435 cuius
705 1400 887 1449 pretium
914 1401 1140 1450 nonaginta
1168 1399 1346 1436 millium
1374 1410 1588 1436 aureorum
1619 1402 1706 1434 erat

247 1451 606 1507 (πολυθρύλλητον
627 1467 766 1505 nempe
784 1454 895 1492 illum
915 1451 1142 1508 μάργαρον,
1175 1452 1220 1495 ὃν
1246 1451 1448 1507 Ὀρφανὸν
1471 1448 1706 1505 κατωνόμα-

234 1560 235 1563 Ὶ
249 1513 340 1559 ζον,
370 1517 418 1547 ut
449 1516 508 1548 est
532 1510 638 1560 apud
669 1509 934 1563 Bryennium)
965 1525 1014 1548 ac
1041 1512 1196 1549 iuravit
1217 1525 1258 1548 se
1274 1511 1375 1562 plus
1394 1516 1603 1562 praestare
1624 1522 1704 1546 non

242 1569 440 1618 potuisse.
498 1564 638 1604 deinde
665 1566 867 1604 contendit
886 1566 947 1604 ad
969 1570 1246 1619 imperatorem
1264 1568 1516 1616 Romanum,
1546 1579 1638 1602 cum
1658 1578 1700 1602 eo

245 1629 593 1662 commoraturus.-
635 1622 708 1659 sed
743 1625 845 1674 cepit
876 1637 966 1661 eum
995 1638 1061 1660 rex
1086 1623 1376 1671 Armenorum,
1419 1621 1703 1674 (Andronicus

245 1680 396 1727 Ducas,
444 1679 511 1729 qui
539 1679 765 1728 Armeniae,
809 1692 878 1716 seu
912 1680 1064 1716 Ciliciae
1094 1677 1312 1730 praefectus
1340 1679 1452 1730 erat)
1498 1678 1703 1729 oculisque

247 1735 425 1784 orbavit,
455 1735 568 1787 quod
585 1737 707 1772 misso
728 1734 788 1772 ad
801 1737 1025 1786 principem
1045 1737 1187 1772 nuntio
1213 1737 1248 1772 ei
1265 1735 1529 1786 significavit.
1585 1745 1704 1784 prac-

249 1799 327 1829 stat
357 1792 474 1829 etiam
503 1792 640 1829 audire
666 1804 687 1828 e
719 1791 862 1829 nostris
883 1791 1025 1829 dehac
1041 1791 1299 1829 funestissima
1316 1790 1426 1829 clade
1451 1789 1702 1827 disserentem

249 1848 414 1900 Tyrium
433 1849 458 1889 l.
483 1851 502 1889 1
524 1861 558 1889 c.
575 1851 625 1889 9:
655 1855 846 1899 regnante
877 1846 992 1900 apud
1023 1848 1198 1885 Graecos
1221 1849 1430 1894 Romano,
1458 1847 1529 1898 qui
1547 1859 1704 1897 cogno-

250 1906 433 1942 minatus
463 1911 520 1941 est
545 1906 768 1955 Diogenes,
797 1912 832 1941 et
851 1918 941 1942 cum
957 1906 1066 1942 omni
1077 1906 1345 1955 prosperitate
1365 1903 1704 1953 Constantinopo-

251 1962 430 1999 litanum
447 1959 761 1999 administrante
782 1963 992 2013 imperium
1004 1992 1014 2009 ,
1041 1974 1219 2012 egressus
1238 1967 1295 1998 est
1311 1959 1359 1997 de
1376 1960 1532 1997 intimis
1544 1958 1703 2009 finibus

256 2019 435 2056 Orientis
462 2020 678 2055 Persarum
709 2025 746 2054 et
772 2018 1036 2068 Assyriorum
1059 2024 1230 2068 satrapa
1247 2017 1574 2068 potentissimus,
1603 2014 1704 2052 Beb-

244 2074 345 2125 plzet
372 2075 550 2123 nomine,
583 2073 897 2127 (Tagrolbecus)
927 2074 1132 2125 infinitam
1157 2072 1460 2110 incredularum
1489 2072 1702 2110 nationum

250 2144 384 2167 secum
406 2131 566 2168 trahens
584 2130 908 2179 multitudinem,
944 2144 1046 2181 quae
1068 2143 1279 2168 numerum
1298 2128 1492 2167 diceretur
1513 2126 1700 2174 excedere,

252 2194 288 2224 et
311 2188 541 2224 universam
558 2194 684 2224 terrae
703 2181 948 2238 superficiem
966 2188 1144 2237 operiret.
1201 2184 1417 2223 ascendens
1434 2198 1525 2236 ergo
1543 2186 1588 2221 in
1605 2197 1700 2222 cur-

249 2243 366 2280 ribus
390 2250 426 2279 et
452 2244 584 2294 equis,
615 2244 658 2279 in
673 2244 868 2294 gregibus
887 2251 923 2281 et
940 2245 1153 2294 armentis,
1183 2250 1219 2279 et
1241 2243 1459 2294 magnifico
1477 2242 1600 2278 nimis
1621 2252 1699 2291 ap-

247 2307 423 2351 paratu,
460 2300 570 2350 fines
595 2300 801 2350 ingressus
830 2306 889 2337 est
920 2301 1104 2351 imperii,
1149 2307 1295 2342 cuncta
1320 2299 1401 2336 sibi
1429 2297 1641 2335 subiiciens
1671 2309 1700 2332 a

248 2355 496 2393 suburbanis
532 2355 838 2407 campestribus,
878 2369 1005 2406 usque
1028 2354 1087 2392 ad
1119 2355 1236 2393 urbes
1260 2362 1465 2403 muratas,
1493 2360 1530 2390 et
1549 2349 1700 2403 oppida

249 2413 536 2451 munitissima.
595 2426 674 2449 non
704 2419 790 2449 erat
819 2413 892 2463 qui
919 2413 1136 2461 resisteret,
1166 2426 1245 2449 non
1269 2418 1355 2449 erat
1376 2411 1449 2462 qui
1460 2423 1538 2460 pro
1554 2408 1698 2458 salute,

241 2482 318 2519 pro
353 2468 490 2505 liberis
522 2476 558 2505 et
585 2469 844 2519 coniugibus,
885 2475 921 2504 et
949 2465 1089 2521 (quod
1109 2470 1285 2519 gravius
1313 2466 1399 2520 est)
1420 2478 1497 2517 pro
1521 2463 1699 2502 libertate

245 2523 482 2562 contendens
513 2539 553 2561 se
580 2532 801 2576 opponeret.
857 2526 1006 2561 interea
1031 2526 1247 2562 nuntiatur
1272 2521 1504 2575 imperatori
1525 2519 1698 2572 gladius

246 2581 490 2630 incumbens,
516 2581 578 2618 vis
599 2582 729 2618 maior
747 2588 783 2618 et
800 2580 962 2618 hostilis
979 2582 1170 2617 exercitus
1191 2580 1468 2619 Christianum
1484 2575 1699 2615 devastans

249 2637 485 2687 imperium.-
526 2639 597 2687 qui
619 2651 693 2688 pro
721 2651 762 2675 re
781 2637 950 2689 publica
978 2637 1181 2674 sollicitus
1211 2634 1474 2688 expeditiones
1506 2639 1697 2671 convocat

250 2693 447 2743 equitum,
475 2699 510 2728 et
527 2692 708 2742 peditum
729 2694 887 2745 colligit
908 2695 1064 2744 copias,
1096 2700 1274 2744 quantas
1295 2691 1506 2727 imminens
1527 2690 1698 2740 compel-

250 2748 356 2786 lebat
381 2749 616 2796 necessitas,
647 2757 683 2786 et
704 2757 878 2801 quantas
897 2751 1126 2787 universum
1150 2748 1360 2799 imperium
1378 2747 1607 2783 ministrare
1622 2759 1698 2796 po-

252 2812 367 2842 terat.
425 2802 527 2856 quid
536 2805 695 2855 plura?
725 2807 978 2857 congregatis
997 2805 1219 2856 legionibus
1231 2833 1242 2853 ,
1271 2810 1307 2840 et
1324 2804 1507 2854 equitatu
1524 2803 1696 2853 copioso,

255 2860 438 2899 hostibus
457 2859 640 2912 procedit
667 2861 844 2902 obviam:
872 2868 907 2899 et
934 2862 1092 2912 imperii
1113 2860 1337 2912 penetralia
1365 2861 1450 2897 iam
1467 2859 1630 2908 tenenti,
1659 2864 1696 2895 et
