1878 3262
247 230 341 278 174
723 226 947 271 IOANNIS
980 226 1209 273 CINNAMI

243 344 460 390 ἐπιτιθέναι
478 339 639 397 βούλει,
678 339 861 400 κράτιστε
879 345 1069 397 βασιλεῦ’,
1106 340 1206 396 ἴχεις
1221 340 1299 398 ’ἤδη
1314 344 1392 395 ἵκαῖ
1415 341 1514 401 ὑπὲρ
1535 340 1558 386 ὃ
1576 343 1694 402 ἓχρῆν

237 415 409 457 Ἰταλίαν
435 409 655 465 μετελθών.
723 409 856 462 πόλεις
884 428 924 453 τε
953 410 1030 468 γὰρ
1060 412 1298 468 τριακοσίων
1318 412 1389 453 οὗκ
1415 411 1603 462 ἐλάττους
1632 414 1694 454 ἐπὶ

241 483 366 537 με’σης
389 480 515 534 αὐτῆς
533 476 793 536 παρεστήσω,
830 484 997 537 πρᾶγμα
1018 479 1190 529 παλαιὸς
1207 479 1249 530 ἐξ
1266 473 1314 520 οὗ
1327 478 1473 536 χρόνος
1494 481 1566 535 τὴν
1586 479 1694 522 εΡω-

240 551 373 604 μαίων
392 549 520 605 ἀρχὴν
537 547 806 600 ἒπιλελοιπός,
845 550 911 590 καὶ
935 548 1047 596 κλέος
1067 546 1268 602 ἀνεὸήσω,
1307 546 1328 588 ὃ
1350 548 1451 601 μετὰ
1462 548 1693 590 Ἰουστινια-

241 618 310 660 νὸν
340 618 508 674 ἀρχαῖον
530 615 745 670 εΡωμαίων
769 614 1047 673 αὐτοκράτορα
1078 616 1206 658 οὗὸἐνὶ
1235 619 1315 657 τῶν
1347 615 1479 657 ἄλλων
1508 615 1729 673 ὖπῆρξεν,5

99 702 128 736 Ρ
154 701 219 736 101
243 686 303 728 ὅτι
323 685 381 740 μὴ
401 689 458 742 τῷ
476 682 610 742 κράτει
629 689 687 741 τῷ
706 689 778 743 σῷ.
848 686 1035 738 ἀξιοῦμεν
1050 685 1128 741 γὰρ
1143 685 1305 734 ἀντίθες
1323 682 1504 740 ἀγνόημα
1521 684 1566 726 τὸ
1583 683 1697 739 ἡμῶν

241 756 362 811 (λε’γω
384 754 434 808 δὴ
453 751 621 808 ὁπηνίκα
639 751 847 810 Κόρινθόν
865 771 906 796 τε
926 755 994 795 καὶ
1012 751 1191 807 Εὔβοιαν
1212 753 1494 810 κατετρέχομεν
1512 752 1584 807 τὴν
1602 752 1696 807 σὴν)

123 838 154 873 V
178 837 224 873 79
247 825 314 866 καὶ
343 822 416 872 τὰς
438 820 654 875 εΡωμαίων
682 823 722 863 ἒν
741 822 890 881 Ἰταλία
914 823 1049 873 νίκας,
1089 821 1134 863 οἳ
1156 822 1206 876 δὴ
1234 825 1426 864 τοσοῦτον
1451 820 1529 876 ἤδη
1551 819 1698 877 χρόνον

240 892 385 948 ἄγουσί
399 907 440 932 τε
458 892 525 932 καὶ
544 891 710 947 φέρουσι
729 890 780 932 τὰ
798 891 978 932 ἐνταῦθα
990 922 1002 941 ,
1045 888 1228 944 αἱμάτων
1252 892 1338 947 τρὶς
1364 887 1566 932 τοσούτων
1589 893 1697 944 μᾶλ-

239 965 311 1003 λον
333 960 375 1001 δὲ
388 956 598 1008 πλεονάκις
617 957 819 1001 τοσούτων
837 959 909 1014 τὴν
926 960 1020 1015 τῇδε
1039 957 1322 1015 πληρώσαντες
1339 962 1435 1014 γῆν,
1471 959 1538 999 καὶ
1565 956 1700 1008 πόλεις
1711 970 1754 1004 10

240 1029 287 1071 οὗ
317 1025 695 1080 ὃιασκυλευσάμενοι
720 1026 845 1081 μόνον
870 1025 1093 1079 τοσαύτας,
1133 1027 1224 1068 ἀλλ’
1254 1026 1331 1081 ἤδη
1356 1028 1422 1068 καὶ
1449 1025 1700 1083 ὗποχειρίους

238 1097 415 1150 θέμενοι.
484 1093 633 1151 πότερά
653 1111 716 1136 σοι
736 1098 848 1137 δοκεῖ
859 1094 1165 1152 μεγαλειότερα;
1204 1094 1278 1137 κᾶν
1307 1096 1365 1149 μὴ
1383 1095 1484 1152 πρὸς
1501 1093 1608 1149 ἡμᾶς
1627 1092 1713 1136 civ?

237 1167 514 1221 τιμετρεῒσθαι
533 1167 661 1204 ταῦτα
679 1162 816 1217 βούλει
835 1167 972 1220 πολλῷ
994 1165 1328 1220 καταδεεστέρους
1343 1168 1416 1205 τοῦ
1434 1167 1510 1205 σοῦ
1528 1161 1700 1219 κράτους

239 1233 380 1284 ὄντας,
419 1231 523 1274 ἀλλὰ
549 1230 598 1273 σύ
618 1248 659 1286 γε
680 1232 742 1272 ἐπὶ
759 1232 854 1281 τοὺς
870 1230 1009 1288 πρώην
1029 1230 1236 1288 ἀνάὸραμε
1254 1232 1448 1285 βασιλέας
1466 1233 1532 1273 καὶ
1551 1232 1603 1273 τὰ
1624 1249 1698 1273 κα-

237 1300 352 1344 τόπιν
371 1304 430 1357 τῷ
443 1298 578 1356 χρόνῳ
597 1300 784 1354 ε’πίβλεπέ
799 1317 869 1353 μοι
882 1298 1100 1353 εΡαῃιιαίων
1119 1298 1489 1356 ἀνδραγαθήματα·
1520 1298 1546 1354 ἦ
1567 1300 1612 1341 οὗ
1633 1301 1698 1341 καὶ
1712 1309 1753 1344 15

237 1367 423 1425 τηνικάδε
443 1369 709 1423 συγκέκρουκέ
724 1386 784 1418 τις
797 1366 1013 1421 εΡωμαίων
1039 1372 1089 1425 τῇ
1120 1368 1226 1425 ἀρχῇ
1235 1387 1250 1422 ;
1289 1368 1420 1409 πολλὰ
1447 1365 1575 1422 δήπου
1597 1366 1699 1410 πάν-

182 1457 214 1491 B
238 1456 317 1488 τως
345 1439 476 1479 ἐθνῶν
495 1438 561 1478 καὶ
578 1439 753 1493 Περσῶν
771 1438 838 1478 καὶ
862 1436 1024 1479 Οῧννων
1043 1439 1108 1478 καὶ
1128 1437 1215 1479 εἴτι
1233 1437 1291 1491 μὴ
1313 1438 1535 1493 δυσφοροίη
1555 1435 1701 1493 κράτος

234 1507 282 1550 τὸ
312 1504 384 1548 σόν
391 1537 406 1557 ,
445 1506 510 1546 καὶ
536 1503 779 1561 Ῥομπὲρτος
798 1506 942 1554 ἐκεῖνος
961 1504 981 1546 ὃ
997 1506 1221 1547 Ἰταλιάθεν
1241 1507 1281 1554 ἒς
1295 1505 1537 1558 Ἐπίδαμνον
1555 1504 1701 1560 διαβὰς

229 1572 410 1630 μεγάλας
438 1574 531 1628 τῇδε
564 1571 714 1629 πάππῳ
743 1577 800 1629 τῷ
819 1577 880 1630 σῷ
907 1572 1217 1629 συνδιηγώνιστο
1245 1571 1393 1626 μάχας.
1463 1573 1567 1614 ἀλλὰ
1584 1571 1701 1628 μόγις

231 1644 300 1685 καὶ
319 1642 536 1697 ἀγαπητῶς
557 1640 597 1681 ἐκ
619 1644 690 1694 τῆς
703 1638 913 1694 Ῥωμαίων
931 1642 1075 1691 ἐκεῖνος
1089 1640 1331 1697 Ῥομπὲρτον
1350 1639 1523 1682 ὁίιόσατο
1534 1673 1546 1692 ,
1586 1641 1635 1682 σὺ
1657 1641 1756 1690 (5320

232 1713 299 1754 καὶ
322 1714 395 1765 τῆς
415 1707 610 1765 ἡμετέρας
630 1706 772 1762 σχεδόν
790 1725 827 1750 τι
846 1710 1099 1765 περιγέγονας
1118 1707 1289 1763 ἁπάσης.
1344 1708 1385 1750 εἶ’
1396 1726 1432 1750 τι
1453 1703 1524 1750 οὖν
1544 1725 1607 1750 σοι
1629 1713 1702 1751 τοῦ

233 1776 548 1832 ἆνταμύνασθαι
569 1774 678 1831 ἡμᾶς
697 1778 809 1818 ἕνεκα
829 1781 957 1818 ταῦτα
977 1779 1263 1834 ἐπικεχείρηται
1276 1809 1288 1828 ,
1318 1775 1407 1827 ἅλις
1425 1793 1488 1818 σοι
1508 1781 1588 1818 τῶν
1605 1794 1701 1834 τρο-

235 1848 387 1891 παίων·
423 1846 569 1895 ἶκανῶς
587 1844 687 1899 ἔχεις
707 1842 816 1900 ἡμᾶς
833 1844 1055 1898 μετελθών.
1124 1845 1197 1900 τὴν
1215 1843 1411 1903 ἡμετέραν
1429 1847 1623 1888 πατοῦντί
1637 1863 1701 1887 σοι

327 1954 362 1990 4.
394 1949 584 2007 ἄνεᾷήσω]
611 1951 697 1989 cod.
726 1948 905 1987 α’νεὸύσω.
1044 1954 1078 1988 7.
1101 1949 1383 1998 κατετρὲχομεν]
1407 1952 1460 1989 Ita
1480 1952 1567 1988 Duc.
1613 1953 1700 1988 Cod.

327 2009 607 2046 κατατρεχομεν.

236 2093 336 2128 tehac
361 2090 603 2132 commisimus,
633 2090 700 2125 iam
723 2093 818 2125 certe
838 2090 939 2126 etiam
965 2101 1068 2135 supra
1095 2101 1194 2136 quam
1217 2090 1367 2136 oportuit
1389 2090 1522 2125 Italiam
1543 2090 1633 2125 ultus
1648 2101 1700 2126 es.

238 2139 394 2173 civitates
416 2137 502 2170 enim
525 2136 560 2170 in
586 2136 693 2170 media
716 2136 771 2170 illa
786 2148 853 2170 non
869 2137 974 2171 minus
989 2143 1160 2171 trecentas
1174 2136 1392 2182 expugnasti,
1422 2136 1512 2181 quod
1533 2136 1699 2181 prioribus

235 2183 369 2230 imperii
394 2182 537 2216 Romani
561 2182 769 2226 temporibus
794 2194 962 2227 nunquam
983 2184 1144 2217 hactenus
1170 2184 1315 2216 factum:
1345 2182 1474 2226 tibique
1497 2182 1700 2226 comparasti

236 2229 377 2274 gloriam
388 2255 399 2271 ‚
437 2227 543 2271 qualis
575 2232 654 2271 post
678 2233 827 2261 veterem
853 2229 944 2262 illum
971 2228 1187 2262 Iustinianum
1215 2229 1440 2262 Romanorum
1465 2227 1698 2271 imperatorem

235 2275 316 2309 nulli
331 2274 386 2308 alii
399 2300 410 2318 ‚
439 2279 679 2317 praeterquam
695 2273 860 2306 maiestati
877 2280 979 2317 tuae,
1009 2274 1161 2316 contigit.
1206 2274 1325 2307 confer
1335 2273 1460 2316 igitur,
1494 2273 1634 2306 obsecro
1649 2277 1699 2315 te,

233 2321 391 2354 delictum
415 2322 584 2360 nostrum,
615 2328 690 2350 cum
706 2318 858 2351 nimirum
875 2319 1070 2353 Corinthum
1087 2319 1327 2363 Euboeamque
1341 2323 1430 2351 tuam
1443 2318 1698 2360 incursavimus,

234 2371 273 2400 et
288 2371 405 2411 partas
420 2364 455 2397 in
470 2363 568 2397 Italia
583 2362 743 2396 victorias
759 2375 778 2396 a
797 2364 955 2398 Romanis
966 2391 975 2406 ,
1007 2366 1064 2409 qui
1087 2366 1188 2408 longo
1213 2364 1280 2397 illic
1304 2364 1368 2397 iam
1384 2368 1537 2407 tempore
1553 2375 1700 2397 commo-

233 2417 373 2454 rantur,
405 2409 578 2454 omniaque
595 2407 674 2442 inde
689 2410 848 2442 auferunt
863 2410 1063 2454 rapiuntque
1074 2438 1083 2454 ‚
1114 2416 1149 2444 et
1164 2410 1326 2453 sanguiue
1338 2435 1348 2450 ‚
1377 2408 1481 2442 tertia
1496 2408 1570 2454 plus
1587 2415 1697 2453 parte,

233 2458 333 2491 immo
356 2456 520 2501 amplius,
548 2459 672 2487 terram
697 2453 794 2487 istam
818 2455 1014 2500 implerunt:
1046 2456 1101 2500 qui
1127 2456 1230 2489 urbes
1251 2454 1394 2498 denique
1417 2465 1483 2487 non
1508 2455 1698 2499 spoliarunt

232 2503 332 2536 modo
344 2530 354 2546 ‚
384 2501 445 2535 sed
461 2505 495 2534 et
508 2499 642 2534 easdem
659 2500 771 2533 secere
785 2500 850 2533 sibi
866 2501 1041 2534 obnoxias.
1083 2506 1192 2535 utrum
1208 2500 1270 2534 tibi
1284 2499 1418 2533 videtur
1432 2499 1535 2534 maius
1545 2500 1564 2533 ’ἒ
1588 2501 1696 2545 quod-

234 2548 263 2583 si
289 2549 372 2581 haec
392 2559 412 2580 a
429 2545 525 2580 nob1s
536 2571 544 2585 ‚
576 2548 694 2590 utpote
710 2545 767 2590 qui
783 2546 958 2580 maiestate
975 2551 1033 2579 tua
1048 2546 1146 2590 longe
1161 2545 1336 2580 inferiores
1351 2555 1463 2578 sumus
1475 2570 1485 2585 ‚
1517 2557 1583 2579 non
1600 2552 1698 2591 pate-

231 2593 278 2628 ris
291 2592 496 2637 comparari,
513 2591 632 2624 saltem
649 2590 690 2624 ad
707 2591 836 2635 priores
852 2603 990 2625 recurre
1006 2591 1193 2636 principes,
1221 2597 1256 2624 et
1270 2595 1362 2624 retro
1377 2595 1455 2624 acta
1472 2591 1698 2625 Romanorum

232 2638 409 2685 praeclara
425 2637 563 2670 revolve
579 2636 750 2677 facinora,
781 2642 816 2670 et
831 2648 873 2671 an
889 2649 955 2671 non
971 2637 1070 2671 etiam
1085 2641 1154 2670 tum
1171 2636 1286 2680 aliquis
1303 2636 1488 2669 Romanum
1515 2647 1698 2681 aggressus

234 2688 287 2718 est
307 2684 490 2728 imperium.
539 2681 660 2715 multae
681 2682 799 2726 utique
814 2687 934 2726 gentes
945 2709 955 2724 ,
987 2688 1022 2716 et
1039 2683 1160 2716 Persae
1175 2686 1210 2715 et
1226 2681 1379 2724 Hungari
1390 2707 1398 2722 ,
1431 2688 1467 2715 et
1483 2683 1509 2715 si
1527 2694 1592 2715 non
1608 2682 1697 2716 indi-

234 2734 355 2775 gnetur
371 2728 527 2762 maiestas
542 2731 620 2769 tua,
648 2727 820 2761 Robertus
836 2728 891 2761 ille
903 2754 913 2770 ‚
939 2728 995 2772 qui
1011 2728 1231 2772 Epidamnum
1247 2738 1289 2760 ex
1312 2727 1407 2760 ltalia
1422 2728 1607 2770 traficiens,
1625 2739 1698 2761 ma-

235 2787 301 2820 gna
313 2774 361 2809 ibi
381 2772 560 2808 certamina
577 2783 650 2805 cum
666 2783 733 2805 avo
750 2777 808 2805 tuo
822 2773 977 2806 instituit.
1024 2773 1086 2806 sed
1109 2772 1167 2806 vix
1191 2782 1358 2816 aegreque
1375 2784 1416 2806 ex
1433 2773 1554 2807 finibus
1571 2774 1698 2807 Roma-

235 2821 286 2855 nis
310 2820 400 2854 ilium
425 2817 578 2852 dimovit.
623 2822 660 2850 tu
678 2828 759 2850 vero
776 2818 942 2862 regionem
958 2822 1106 2852 nostram
1122 2818 1194 2851 fere
1210 2828 1338 2850 omnem
1354 2819 1536 2863 occupasti.
1584 2819 1612 2852 si
1628 2819 1697 2852 ita-

236 2878 302 2911 que
316 2865 421 2901 nostri
435 2861 615 2900 ulciscendi
627 2873 731 2898 causa
746 2874 785 2897 ea
798 2874 978 2909 aggressus
995 2874 1032 2897 es
1045 2889 1056 2906 ,
1083 2861 1163 2897 satis
1178 2863 1241 2897 tibi
1258 2863 1493 2907 victoriarum
1524 2863 1599 2910 plus
1613 2863 1696 2898 satis
