1878 3262
630 198 1024 244 HISTORIARUM
1055 199 1105 243 L.
1137 198 1197 244 V.
1540 196 1641 244 237

189 310 454 373 προσελθόντι
490 314 682 370 βασιλεὺς
715 312 850 357 ἔδωκε.
915 315 1134 368 τηνικαῦτα
1167 312 1236 355 καὶ
1276 308 1482 355 Οῧέννετοι
1509 309 1642 371 στόλῳ

187 382 381 441 τριήρεων
411 382 553 426 ἑκατὸν
576 381 788 438 Ῥωμαίοις
817 383 858 432 ἔς
883 381 978 431 τοὺς
1007 381 1111 423 κατὰ
1135 379 1354 423 θάλασσαν
1378 381 1643 437 συναίρεσθαι

188 450 452 508 ὡμολόγησαν
492 450 659 504 πόνους,
697 451 772 501 τὰς
803 447 997 506 πρότερον
1028 449 1074 491 τὸ
1102 448 1286 506 δεύτερον
1327 447 1646 503 ἀνανεωσάμενοι

160 549 166 557 -
188 519 407 575 ξυνθήκας.
475 521 522 562 οὗ
551 521 633 575 μὴν
659 519 763 562 ἀλλὰ
780 519 847 560 καὶ
870 519 1098 574 Φρεὸερίκῳ
1115 522 1172 575 τῷ
1182 518 1420 571 Ἀλαμανῶν
1437 516 1527 574 ῥηγὶ
1546 517 1650 559 πᾶσί

154 597 230 632 ὅτε
258 589 395 639 ἄλλοις
420 595 504 639 τοῖς
535 588 613 630 ἀνὰ
641 588 713 641 τὴν
733 586 919 643 ἕσπερίαν
942 588 1054 640 λῆξιν
1079 586 1316 637 ἅπεναντίας
1340 584 1407 628 διὰ
1429 587 1523 640 βιόυ
1546 586 1647 628 ἰέναι

185 656 237 714 ἢν
255 658 318 700 ἐπὶ
335 656 559 711 Ῥωμαίους
581 654 832 713 στρατεύοιεν
844 687 858 706 ,
891 655 1042 704 πίστεις
1059 652 1216 696 ἔδοσαν.

329 726 404 771 13.
473 726 558 768 Καὶ
583 725 635 766 τὰ
656 725 730 779 μὲν
758 723 863 766 κατὰ
890 722 963 777 τὴν
980 721 1152 779 ἑσπέραν
1169 723 1264 779 τῇδε
1283 721 1460 778 ἐφέρετο.
1528 724 1647 764 Βαλ-

187 795 348 844 δουΐνος
375 795 419 836 δὲ
443 791 463 835 ὃ
481 795 760 847 Παλαιστίνης
777 791 851 849 ῥὴξ
868 791 1066 847 ἀδελφιὸῇ
1087 795 1160 832 τοῦ
1175 790 1376 844 βασιλέως
1397 792 1588 839 ξυνοικῶν
1606 791 1650 840 ε”ξ

187 860 416 919 ἀνθρώπων
436 860 648 918 ἠφάνιστο.
717 861 786 903 ἅτε
810 861 854 902 δὲ
875 859 1191 918 αὐτοῦ-ἄπαιδος
1212 858 1281 901 τὸν
1306 859 1397 912 βιόν
1416 860 1644 914 ξυμμετρη-
1666 869 1698 904 c

134 931 362 985 1οσαμένου
374 962 387 981 ,
421 931 482 972 ἐπὶ
508 930 577 972 τὸν
608 929 784 986 ἀδελφὸν
808 929 934 970 αὐτοῦ
954 926 980 982 ἦ
1002 932 1073 982 τῆς
1087 926 1228 984 χώρας
1253 929 1454 981 μετῆλθεν
1480 925 1648 982 ἐπικρά-

186 1017 301 1055 τησις
311 1030 324 1050 ,
360 998 405 1048 ὃς
432 998 522 1055 ἄρτι
549 996 699 1052 ταύτην
723 994 959 1051 ἀναλαβών,
994 997 1161 1050 πέμψας
1177 997 1217 1046 ἒς
1233 995 1405 1049 βασιλέα
1424 994 1554 1051 ᾖτεῖτο
1573 992 1648 1049 κή-

188 1070 285 1117 δους
312 1069 379 1109 καὶ
411 1067 533 1117 αὐτὸς
554 1071 628 1109 τοῦ
657 1067 699 1108 ἔκ
714 1065 925 1119 Ῥωμαίων
940 1071 1072 1118 τυχεῖν
1079 1097 1092 1116 ,
1128 1063 1214 1119 ἅμα
1237 1081 1278 1106 τε
1295 1065 1361 1106 καὶ
1380 1061 1541 1119 γνώμης
1558 1080 1646 1105 πει-

187 1140 343 1193 ρᾶσθαι
363 1134 483 1190 ἤθελε
502 1139 574 1190 τῆς
597 1134 722 1176 αὐτοῦ
744 1134 852 1184 ὅπως
870 1134 964 1176 ποτὲ
980 1135 1068 1190 περὶ
1082 1133 1322 1186 Ἀντιοχείας
1342 1131 1432 1186 ἔχει.
1493 1131 1647 1174 Ἀντιο-

182 1211 269 1258 χεῖς
293 1203 372 1261 γὰρ
409 1202 478 1246 ἅτε
508 1201 626 1261 φύσει
651 1201 873 1259 ψεῦὁορκοι
901 1201 1010 1251 ὄντες
1040 1203 1102 1243 ini
1133 1202 1412 1255 Παλαιστίνην
1442 1203 1501 1258 τῷ
1531 1202 1649 1242 Βαλ-

131 1278 175 1314 15
189 1273 332 1330 ὃουίνῳ
362 1270 660 1328 συγγεγονότες,
696 1271 933 1327 αὐθαίρετοι
961 1270 1035 1324 τὴν
1060 1274 1133 1325 τῆς
1163 1268 1316 1319 πόλεως
1343 1270 1408 1310 καὶ
1434 1272 1550 1325 σφῶν
1572 1264 1650 1310 αὖ-

185 1346 266 1384 τῶν
293 1342 480 1397 ἓχείριζον
504 1341 766 1396 προστασίαν.
836 1337 931 1381 ἀλλ’
961 1338 1107 1389 ἐκεῖνος
1128 1338 1245 1388 εῗὸἰὺς
1267 1336 1322 1387 ὥς
1339 1340 1504 1391 βασιλεῖ’
1522 1334 1650 1391 κατή-

186 1427 280 1459 κοος
304 1407 330 1464 ἦ
358 1408 473 1459 πόλις
498 1408 598 1463 αὕτη
627 1407 810 1464 τυγχάνει
839 1402 966 1459 οὖσα,
1001 1409 1083 1449 δεῖν
1115 1405 1240 1463 ἔκρινε
1268 1406 1478 1448 πυθέσθαι
1504 1404 1651 1447 τούτου

185 1476 401 1534 πρότερον,
430 1477 563 1535 ὥσπερ
584 1477 750 1534 εἴρηται.
785 1474 806 1518 ὃ
826 1477 869 1518 δὲ
888 1473 1084 1525 τοιούτοις
1103 1475 1226 1516 αὐτὸν
1249 1475 1476 1529 ἀμείβεται·
1505 1471 1558 1515 “5
1578 1473 1653 1527 μέν

185 1547 275 1602 περὶ
300 1544 449 1600 κήδους
478 1545 618 1601 λόγος,
654 1543 789 1599 ἐπειδή
822 1561 885 1586 σοι
914 1543 1148 1600 βουλομένῳ
1173 1544 1279 1584 ἐστὶν
1301 1542 1458 1585 εὔνοιαν
1479 1542 1673 1584 ἓπισπᾶ-.

129 1618 292 1657 meam
320 1614 393 1669 τὴν
416 1613 613 1671 ἡμετέραν
622 1646 635 1665 ,
676 1614 749 1655 οὐκ
781 1614 837 1663 εἲς
859 1612 1022 1669 μακρὰν
1049 1611 1228 1666 ε’πιτελὴς
1253 1610 1388 1663 ἔσται,
1422 1608 1575 1660 πόλεως
1605 1610 1650 1652 δὲ
1671 1613 1706 1650 D

178 1683 419 1737 Ἀντιοχείας
442 1681 567 1724 πάλαι
586 1700 626 1725 τε
638 1680 852 1736 Ῥωμαίοις
867 1679 1078 1737 ὖποςιόρου
1098 1682 1164 1722 καὶ
1191 1683 1262 1721 νῦν
1287 1681 1330 1722 δὲ
1351 1677 1487 1736 κράτει
1506 1681 1650 1721 δεδου-

185 1752 364 1805 λωμένης
383 1755 441 1808 τῷ
460 1749 638 1808 ἡμετέρῳ
656 1750 745 1793 οὔτε
769 1767 832 1793 σοι
854 1748 1070 1806 περιόντων
1088 1746 1203 1803 ἡμῶν
1227 1746 1552 1805 κατακυριεῦσειν
1575 1749 1650 1789 δυ-

185 1819 288 1861 νατὰ
307 1818 418 1861 ἔσται
438 1818 527 1861 οὔτε
547 1824 626 1861 τῶν
643 1818 776 1861 ἄλλων
804 1818 948 1860 οὐδενί.
1011 1817 1222 1871 Ἀντιοχεῖς
1240 1818 1376 1870 μέντοι
1399 1821 1472 1870 τῆς
1492 1817 1532 1865 ἔς
1545 1813 1646 1858 Ῥω·
1667 1819 1702 1856 V
1727 1822 1793 1857 108

183 1888 332 1941 μαιόυς
361 1887 546 1937 ἀπιστίας
572 1887 714 1929 αὐτίκα
744 1886 846 1943 πρὸς
873 1890 947 1928 τοῦ
972 1883 1166 1942 ἡμετέρου
1193 1883 1368 1945 ,κράτους
1394 1883 1445 1926 τὰ
1471 1884 1649 1941 ἐπίχειρα

184 2016 267 2050 cbos
294 2014 543 2061 praecellebat,
574 2014 616 2049 ad
647 2025 686 2049 se
714 2013 902 2049 transeunti
931 2014 1081 2049 dederat.
1126 2016 1199 2048 tum
1225 2024 1360 2058 quoque
1377 2012 1502 2047 Veneti
1515 2016 1649 2049 centnm

186 2062 372 2097 triremium
388 2063 530 2096 classem
545 2061 589 2094 ad
605 2061 787 2095 maritimos
803 2061 934 2094 labores
950 2060 1071 2094 auxilio
1088 2070 1126 2093 se
1141 2060 1300 2093 missuros
1315 2059 1474 2093 Romanis
1484 2085 1494 2102 ,
1525 2060 1648 2105 priori-

185 2109 250 2142 bus
283 2107 455 2142 renovatis
486 2107 701 2148 foederibus,
731 2107 926 2151 promisere.
972 2106 1032 2140 sed
1053 2110 1089 2139 et
1105 2105 1287 2139 Frederico
1302 2105 1559 2139 Alemannorum
1574 2105 1647 2150 regi

187 2154 377 2198 ceterisque
392 2152 588 2188 Occidentis
605 2152 763 2197 gentibus
780 2153 895 2186 hostes
910 2163 947 2185 se
962 2153 1114 2193 futuros,
1143 2151 1300 2196 quamdiu
1314 2151 1387 2185 vita
1401 2155 1576 2197 superstes
1591 2153 1646 2187 fo-

185 2204 259 2242 ret,
289 2200 388 2234 fidem
405 2198 529 2232 dedere
540 2224 551 2242 ‚
579 2199 607 2232 si
626 2198 784 2232 Romanis
798 2199 841 2231 ab
857 2197 896 2231 iis
911 2198 1038 2231 bellum
1052 2197 1244 2231 inferretur.
1656 2197 1700 2225 {„‚
1715 2225 1726 2228 .,

279 2246 334 2281 13.
379 2245 478 2278 Haec
493 2256 533 2278 eo
549 2250 702 2289 tempore
718 2244 752 2277 in
769 2243 955 2277 Occidente
971 2249 1060 2278 acta.
1106 2242 1291 2277 Balduinus
1311 2245 1420 2276 autem
1437 2242 1651 2277 Palaestinae

185 2303 267 2336 rex,
298 2290 512 2336 imperatoris
529 2302 572 2323 ex
589 2291 695 2324 fratre
720 2289 814 2334 nepti
840 2289 1045 2323 matrimonio
1075 2287 1228 2331 iunctus,
1258 2288 1344 2322 diem
1374 2288 1476 2323 obiit:
1509 2299 1652 2334 cumque

186 2337 297 2371 nullos
326 2336 386 2370 reli
412 2336 516 2370 uisset
544 2336 686 2377 liberos,
717 2335 750 2369 in
781 2334 870 2380 illius
899 2335 1038 2369 fratrem
1068 2334 1214 2378 regionis
1243 2334 1454 2380 principatus
1482 2334 1650 2371 transivit.

186 2382 275 2416 hunc
305 2382 361 2416 ubi
389 2381 399 2415 i
414 2382 447 2416 le
473 2381 642 2427 suscepit,
670 2380 713 2415 ad
726 2381 961 2426 imperatorem
974 2381 1104 2425 legatos
1120 2380 1229 2422 misit,
1259 2385 1330 2413 tum
1347 2386 1384 2413 ut
1399 2380 1601 2414 affinitatem
1616 2385 1654 2414 et

186 2427 261 2474 ipse
291 2439 334 2462 ex
358 2427 521 2462 Romanis
547 2428 767 2473 deposceret,
796 2431 866 2460 tum
886 2426 984 2460 etiam
999 2433 1038 2459 ut
1050 2425 1140 2460 illius
1155 2426 1199 2459 de
1213 2425 1390 2459 Antiochia
1405 2425 1503 2459 animi
1520 2435 1653 2459 sensum

187 2473 392 2519 exploraret.
438 2473 640 2507 Antiocheni
671 2472 755 2506 euim
766 2498 775 2514 ‚
806 2477 926 2526 utpote
941 2471 1073 2516 ingenio
1090 2471 1235 2517 perfidi,
1267 2471 1464 2504 Balduinum
1478 2470 1512 2504 in
1527 2471 1655 2505 Palae-

187 2519 277 2554 stina
292 2519 530 2554 convenientes
545 2519 638 2553 urbis
654 2529 733 2552 suae
750 2517 969 2563 principatum
986 2517 1075 2551 ultro
1101 2517 1149 2550 illi
1173 2516 1394 2550 tradiderant.
1441 2520 1478 2550 at
1504 2516 1534 2550 is
1562 2516 1654 2551 haud

188 2563 324 2608 ignarus
341 2564 512 2598 civitatem
527 2565 623 2599 istam
638 2563 834 2610 imperatori
850 2575 923 2597 esse
937 2563 1136 2606 obnoxiam,
1168 2562 1240 2595 eius
1262 2562 1402 2607 primum
1414 2589 1424 2605 ‚
1455 2561 1504 2595 uti
1525 2561 1653 2596 dictum

189 2614 265 2653 est,
291 2610 523 2644 sciscitandam
549 2622 624 2645 esse
646 2611 852 2644 voluntatem
875 2609 1090 2642 existimavit.
1137 2607 1190 2642 hic
1207 2619 1286 2641 vero
1301 2607 1335 2641 in
1353 2607 1438 2641 hanc
1451 2608 1557 2641 ferme
1572 2619 1654 2641 sen-

190 2654 329 2689 tentiam
342 2656 525 2701 respondit.
571 2656 694 2701 “quod
710 2655 843 2701 quidem
859 2654 901 2688 de
914 2654 1059 2688 ineunda
1074 2653 1241 2687 affinitate
1254 2653 1416 2698 requiris,
1440 2653 1573 2698 quando
1589 2653 1651 2687 tibi

190 2704 244 2732 est
259 2698 385 2734 animus
399 2707 543 2736 nostram
560 2712 755 2747 comparare
771 2700 1037 2735 benevtientiam
1049 2726 1060 2743 ,
1090 2706 1199 2734 ratum
1212 2699 1246 2732 id
1262 2698 1358 2733 brevi
1380 2699 1454 2733 erit.
1503 2698 1651 2733 civitatis

188 2750 302 2779 autem
331 2747 560 2782 Antiochenae
571 2775 582 2793 ‚
612 2746 774 2782 Romanis
789 2746 979 2780 iamdudum
994 2745 1170 2789 vectigalis
1184 2749 1387 2789 nostraeque
1402 2744 1569 2778 maiestati
1585 2745 1650 2777 ob-

190 2789 332 2832 noxiae,
360 2802 468 2837 neque
483 2797 540 2838 tu⁷
563 2793 721 2838 quamdiu
735 2792 933 2835 vixerimus,
963 2803 1072 2837 neque
1088 2791 1174 2825 ullus
1190 2790 1274 2825 alius
1290 2791 1510 2836 principatum
1528 2799 1650 2834 capes-

188 2846 267 2871 sere
287 2839 414 2882 potest.
457 2842 496 2874 at
518 2837 719 2875 Antiocbeui
741 2849 823 2875 suae
838 2849 921 2888 erga
934 2838 1107 2874 Romanos
1120 2836 1286 2884 perfidiae
1301 2847 1322 2872 a
1339 2837 1514 2873 maiestate
1530 2839 1647 2870 nostra
