1878 3262
625 220 1018 265 HISTORIARUM
1051 223 1100 264 L.
1132 221 1212 265 IV.
1554 218 1646 265 171

192 344 270 384 τῶν
287 339 350 381 ἐπὶ
369 335 489 393 δόξης
507 334 627 388 τινές,
664 336 709 379 οἳ
726 336 940 391 Ῥωμαίοις
961 334 1117 379 εὔνοιαν
1135 331 1371 394 φθάσαντες
1388 331 1654 391 ὡμολόγησαν

192 409 308 464 (ἔθος
324 408 401 464 γὰρ
422 408 481 449 ἀεὶ
499 406 874 461 βασιλεῖΖΙἸανοι-ὴλ
891 399 940 459 ἦν
957 409 1037 446 τῶν
1054 407 1147 461 τῇδε
1161 405 1334 454 πολλοὺς
1346 402 1655 461 ἕταιριζεσθαι),

191 474 535 530 ἐπαναστήσαντες
552 475 620 517 τὸν
641 477 769 529 δῆμον
787 474 898 530 αὐτῷ
906 505 919 524 ,
955 473 1001 514 τὸ
1026 471 1230 525 βασίλειόν
1247 490 1288 516 τε
1307 479 1472 528 σημεῖον
1498 471 1657 526 ἔντιμό-

190 563 294 588 τατα
319 549 369 602 τῇ
396 543 527 598 δεήσει
553 545 796 594 εἰσεδέξαντο
824 543 888 583 καὶ
917 545 974 598 τῷ
1001 540 1322 599 Κοντοστεφάνῳ
1347 541 1441 583 κατ’
1473 541 1660 592 ἐξουσίαν
1679 544 1710 579 Β

158 613 261 664 ὄοῦς
280 612 329 656 ἂν
344 612 532 668 βούλοιτο
551 615 808 667 μισθοῦσθαι
828 611 995 667 ἐφῆκαν.
1065 610 1136 667 ἐφ’
1158 608 1220 659 οἷς
1233 609 1465 665 χαλεπήνας
1482 608 1504 651 ὅ
1523 610 1660 667 ἀρχιε-

191 681 283 740 ρεύς
293 715 306 734 ,
343 682 366 724 ὃ
391 681 515 736 μόνον
542 680 640 736 εἶχεν
650 713 662 732 ,
699 681 882 737 ἐπιτιμίῳ
912 678 982 720 τὸν
1011 680 1141 733 δῆμον
1168 677 1475 732 καθυποβάλλει
1485 711 1499 731 ,
1534 676 1661 733 μηδὲν

189 751 310 805 μετὸν
329 749 425 794 εἶναι
444 751 567 806 λέγων
578 747 713 806 Ῥώμῃ
733 753 782 805 τῇ
800 748 971 808 νεωτέρα
989 747 1091 804 πρὸς
1106 746 1180 801 τὴν
1202 747 1497 803 πρεσβυτέραν,
1533 746 1661 789 πάλαι

191 821 505 877 ἀπορραγεισιῦν.
567 816 593 832 “
604 818 686 875 χρὴ
719 819 762 859 δὲ
793 820 949 871 μᾶλλον
976 820 1035 874 τῷ
1062 819 1239 858 ..ικελῶν
1269 813 1432 869 ἀμύνειν
1460 814 1661 873 δυνάστῃ·

189 890 299 943 μέλει
317 888 394 945 γὰρ
414 888 546 930 αὐτῶν
565 886 648 929 ἷίντι
658 919 671 939 ,
701 884 785 929 εἶτα
805 889 937 935 κακῶς
954 882 1173 927 πεπονθότι
1193 888 1244 941 τῇ
1262 883 1363 941 πρὸς
1380 887 1518 942 πολλῷ
1536 884 1662 926 αὐτοῦ

139 959 396 1014 ῙΟκρείττονα
415 958 637 1012 διαγωνίσει
655 955 712 1009 μὴ
729 954 1024 1010 βεβοηθηκέναι
1044 952 1251 996 ἀνόσιον.”
1299 957 1419 994 τοῦτο
1440 953 1490 1007 δὴ
1507 952 1553 994 τὸ
1573 953 1659 994 ε’πι-

190 1028 323 1080 τίμιον
350 1026 591 1081 εὐλαβηθεὶς
619 1023 696 1079 ἤδη
723 1041 784 1074 τις
806 1024 1025 1080 ἀφίσταται
1043 1023 1116 1076 μὲν
1133 1026 1213 1064 τιόν
1230 1021 1283 1063 τὰ
1298 1021 1499 1076 βασιλέως
1526 1038 1659 1078 περιε-

190 1094 346 1137 πόντων
355 1127 368 1147 ,
387 1097 443 1144 εἷς
462 1095 505 1136 δὲ
522 1094 590 1136 τὸν
609 1093 795 1149 ἀρχιερέα
814 1090 1052 1148 παλιμβόλῳ
1070 1092 1299 1146 μετετίθετο
1318 1088 1470 1146 γνώμῃ.
1506 1090 1600 1132 ἀλλ’
1622 1090 1661 1132 οἳ

190 1163 244 1206 τὰ
265 1162 474 1217 Ῥωμαίων
498 1160 784 1220 πρεσβεύοντες
808 1165 950 1203 τοῦτον
977 1161 1051 1214 μὲν
1066 1161 1139 1219 βίᾳ
1158 1163 1286 1215 πολλῇ
1305 1160 1457 1201 ἐκεῖθεν
1477 1158 1661 1202 ἀπέσπα-

191 1246 288 1274 σαν·
327 1230 382 1284 ὥς
400 1232 443 1273 δὲ
461 1231 533 1287 τὴν
551 1230 739 1273 ἀπιστίαν
756 1230 868 1288 αὐτῷ
885 1227 1180 1284 στηλιτεῦσαιεν
1190 1261 1203 1281 ,
1224 1225 1436 1285 βάρβαρόν
1452 1245 1540 1270 τινα
1557 1225 1654 1285 τρό-
1681 1237 1711 1272 C

139 1304 180 1340 15
192 1318 267 1344 πον
285 1303 351 1343 καὶ
372 1301 656 1357 ἀπειροκαλίας
674 1299 720 1341 οὗ
739 1297 878 1355 πόρρω
896 1298 1003 1348 τινὸς
1019 1297 1092 1352 τὴν
1109 1298 1351 1351 παντευχίαν
1367 1298 1434 1338 καὶ
1452 1296 1522 1339 τὸν
1536 1298 1662 1339 ἵππον

191 1371 253 1411 ἐπὶ
273 1368 392 1420 ξύλου
411 1370 518 1419 τινὸς
536 1369 738 1425 ἠρτημένα
758 1367 836 1410 ἀπὸ
856 1368 1064 1409 καλωδίων
1083 1366 1246 1424 ἀφῆκαν
1273 1366 1494 1422 φέρεσθαι·
1531 1366 1598 1407 ε’πί
1621 1383 1662 1408 τε

190 1438 261 1481 τὸν
280 1439 466 1496 ἀρχιερέα
485 1439 675 1495 ἐμφανῶς
692 1436 770 1492 ἤδη
790 1434 1007 1486 συστάντες
1024 1434 1173 1477 ἄκοντα
1190 1438 1271 1477 τῶν
1289 1435 1494 1487 ἐπιτιμίων
1513 1434 1664 1476 ἀνεῖναι

191 1507 287 1558 τοὺς
315 1505 560 1564 ἀνθρώπους
586 1506 807 1548 ἀνέπεισαν.
878 1504 976 1547 ὅθεν
1003 1504 1055 1546 τὰ
1076 1502 1286 1557 Ῥωμαίων
1312 1497 1437 1552 αὖθις
1462 1507 1594 1559 πολλῇ
1618 1503 1665 1545 τὸ

193 1577 377 1619 ἐντεῦθεν
403 1577 547 1633 ἐχρῆτο
566 1579 616 1631 τῇ
634 1574 854 1633 παρρησίᾳ.
923 1571 1039 1615 πόλιν
1055 1589 1097 1615 τε
1117 1567 1189 1614 οὖν
1207 1570 1233 1626 ἢ
1253 1570 1332 1612 ἀπὸ
1351 1572 1394 1612 Γ
1389 1576 1567 1627 ερμανοῦ
1591 1575 1673 1613 τοῦ-

137 1646 235 1687 ωέν
253 1643 379 1701 ἁγίοις
396 1645 468 1700 τὴν
486 1645 759 1701 προσηγορίαν
777 1643 855 1697 ἔχει
867 1674 879 1693 ,
911 1642 1072 1699 πολέμῳ
1090 1638 1415 1697 παρεστήσαντο,
1447 1641 1514 1681 καὶ
1539 1639 1666 1690 ἄλλας

194 1714 301 1770 ἀμφὶ
319 1714 393 1763 τὰς
410 1714 643 1770 τριακοσίας
659 1711 737 1754 ὕπὸ
755 1715 920 1766 βασιλεῖ
933 1710 1072 1753 ἔθεντο
1087 1743 1099 1761 ,
1119 1704 1175 1752 ὧν
1194 1708 1302 1759 ὅπως
1321 1706 1468 1763 ἑκάστη
1487 1707 1666 1763 κλήσεως

195 1780 308 1837 ἴσχεν
331 1781 458 1832 ἔξεστι
485 1785 542 1839 τῷ
566 1782 799 1839 βουλομένῳ
828 1781 871 1823 ἐκ
897 1784 970 1822 τοῦ
988 1779 1092 1821 κατὰ
1111 1777 1226 1821 νότον
1243 1782 1315 1832 τῆς
1332 1775 1485 1827 πόλεως
1502 1779 1565 1819 ἐπὶ
1583 1784 1667 1826 τοῖς

288 1901 321 1939 4.
345 1902 390 1948 τῇ
415 1898 588 1947 δεήσειΠ
749 1900 782 1935 8.
807 1897 1108 1945 ἅπορραγεισῶν]
1134 1899 1232 1933 Fort.
1258 1893 1546 1942 ἀπορραγεῖσαν.

198 2017 241 2040 ex
272 2004 510 2039 illustrioribus
537 2003 710 2048 nonnulli,
744 2003 802 2048 qui
829 2002 1096 2037 benevolentiam
1123 1999 1267 2046 principi
1293 2010 1384 2033 suam
1411 1997 1666 2051 spoponderant

198 2051 375 2096 (Manneli
392 2051 517 2096 quippe
532 2049 730 2096 imperatori
743 2049 882 2083 solenne
896 2059 1029 2094 semper
1043 2049 1108 2082 fuit
1122 2046 1283 2092 plurimos
1298 2044 1396 2079 exiis
1411 2044 1468 2088 qui
1478 2043 1526 2077 ibi
1536 2043 1666 2094 degunt

197 2097 261 2131 sibi
287 2098 518 2141 conciliare),
550 2096 719 2131 concitata
733 2095 895 2129 adversus
910 2094 1101 2140 pontificem
1117 2091 1345 2131 multitudine,
1376 2090 1532 2124 vexillum
1556 2089 1665 2134 impe-

197 2143 357 2177 ratorium
374 2154 499 2177 summo
517 2154 590 2176 cum
612 2143 740 2176 bonore
757 2153 818 2175 nec
835 2152 901 2174 non
919 2146 955 2174 et
969 2139 1186 2174 veneratione
1199 2147 1396 2182 suscepere,
1414 2139 1463 2170 'et
1478 2135 1666 2170 Contoste-

198 2189 310 2234 phano
327 2201 389 2234 pro
405 2189 503 2223 libitu
518 2199 602 2234 quos
618 2188 725 2221 vellet.
739 2186 947 2221 conducendi
970 2186 1089 2220 milites
1103 2188 1306 2230 potestatem
1320 2183 1446 2216 fecere.
1493 2181 1538 2214 ob
1555 2192 1597 2215 ea
1610 2182 1667 2215 in·

199 2235 358 2278 dignatus
380 2246 526 2269 summus
551 2234 726 2280 pontifex,
756 2233 847 2278 quod
865 2244 965 2266 unum
981 2237 1141 2277 poterat,
1175 2229 1333 2276 populum
1349 2228 1562 2261 anathemate
1576 2227 1666 2269 serit,

199 2281 280 2314 nibil
296 2281 442 2315 attinere
458 2281 610 2325 inquiens
627 2280 769 2313 Romam
783 2290 907 2313 novam
922 2278 966 2311 ad
980 2284 1150 2317 veterem,
1179 2286 1267 2320 quae
1287 2275 1354 2308 iam
1376 2273 1453 2307 olim
1470 2273 1596 2306 scissae
1611 2284 1668 2306 es-

200 2332 295 2361 sent:
324 2327 404 2372 quin
430 2327 544 2373 potius
566 2325 705 2359 Siciliae
728 2324 861 2358 domino
887 2335 984 2369 opem
1009 2322 1184 2358 ferendam
1208 2331 1300 2362 esse,
1332 2319 1390 2364 qui
1414 2330 1515 2363 quum
1536 2319 1667 2352 illorum

199 2373 384 2407 membrum
398 2377 508 2416 esset,
531 2372 637 2417 ipsam
654 2371 814 2417 pietatem
833 2381 977 2416 poscere
1001 2370 1155 2410 dicebat,
1185 2372 1243 2410 ut,
1273 2366 1331 2411 qui
1356 2377 1378 2398 n.
1404 2366 1508 2398 multo
1534 2364 1667 2398 fortiori

200 2419 426 2464 opprimatur,
455 2419 579 2452 auxilio
610 2423 829 2451 sustentetur.
876 2416 1036 2450 eiusmodi
1057 2412 1431 2449 excommunicationem
1447 2411 1576 2444 veritus
1591 2410 1668 2454 qui-

202 2464 278 2498 dam
303 2477 345 2499 ex
370 2465 432 2506 iis,
464 2464 520 2509 qui
538 2463 747 2509 imperatoris
771 2466 886 2507 partes
908 2463 1154 2507 sequebantur,
1185 2458 1369 2496 abscessit,
1403 2463 1437 2489 et
1452 2457 1493 2489 ad
1510 2467 1669 2490 summum

202 2510 394 2555 pontificem
408 2516 537 2544 mutata
552 2509 719 2543 sententia
734 2508 838 2542 venit.
873 2508 933 2541 sed
947 2508 1004 2553 qui
1019 2514 1089 2541 tum
1104 2506 1151 2540 ibi
1167 2504 1327 2539 Romanis
1345 2503 1525 2545 favebant,
1550 2513 1669 2546 magna

204 2566 279 2590 eum
302 2556 382 2590 inde
403 2557 439 2590 vi
468 2557 646 2601 expulere:
677 2561 781 2599 utque
807 2554 957 2588 omnibus
979 2554 1206 2587 innotesceret
1223 2549 1361 2583 hominis
1377 2548 1541 2592 perfidia,
1568 2548 1668 2582 modo

204 2601 345 2645 quodam
362 2603 539 2637 barbarico
556 2607 592 2635 et
606 2602 785 2635 invenusto
800 2600 888 2634 illius
903 2611 996 2633 arma
1010 2604 1045 2633 et
1061 2609 1180 2643 equum
1197 2597 1231 2630 in
1245 2596 1350 2628 altum
1366 2593 1533 2638 quoddam
1544 2593 1669 2637 lignum

206 2647 391 2690 extollunt,
424 2659 568 2693 moxque
592 2647 715 2682 laxatis
742 2646 876 2680 funibus
900 2646 944 2680 ad
959 2650 1085 2679 terram
1100 2643 1183 2678 ferri
1198 2642 1322 2675 sinunt.
1365 2640 1415 2673 ita
1435 2640 1545 2685 palam
1559 2640 1670 2673 insur-

205 2696 325 2734 gentes
346 2694 380 2727 in
403 2694 595 2739 pontificem
609 2721 619 2737 ‚
648 2699 686 2726 ut
709 2693 953 2728 anathematum
972 2690 1114 2725 vinculis
1131 2688 1280 2723 homines
1294 2686 1444 2720 solveret
1460 2697 1669 2730 persuasere.

207 2742 311 2781 atque
323 2737 402 2772 inde
417 2739 521 2774 maior
537 2750 667 2773 rursum
682 2738 842 2772 Romanis
856 2738 966 2772 crevit
983 2736 1134 2770 audacia.
1179 2734 1294 2778 itaque
1309 2738 1345 2766 et
1359 2731 1531 2766 civitatem
1547 2743 1634 2776 quae
1649 2742 1670 2763 a

208 2782 286 2815 divo
302 2784 472 2819 Germano
487 2797 606 2819 nomen
633 2785 755 2819 sortita
781 2789 856 2824 est,
889 2787 1143 2829 expugnarunt,
1174 2786 1210 2813 et
1230 2779 1313 2813 alias
1336 2777 1473 2812 circiter
1500 2781 1670 2811 trecentas

207 2828 241 2860 in
257 2828 470 2873 imperatoris
484 2835 685 2876 potestatem
702 2831 925 2874 redegerunt,
950 2840 1089 2874 quarum
1114 2826 1171 2872 qui
1197 2825 1289 2859 volet
1305 2835 1510 2868 cognoscere
1525 2822 1670 2861 nomina,

208 2873 243 2907 in
263 2885 304 2908 eo
319 2875 410 2919 quod
422 2875 458 2910 in
473 2877 644 2911 veteribus
660 2877 792 2923 palatiis
807 2905 817 2921 ‚
848 2887 935 2922 quae
950 2875 993 2910 ad
1012 2873 1182 2910 meridiem
1199 2875 1363 2916 vergunt,
1398 2871 1441 2904 ab
1468 2869 1672 2913 imperatore
