1878 3262
612 204 803 248 NOTAE
831 203 1002 247 PETRI
1035 203 1269 248 POSSINI.
1578 203 1638 251 17
1641 206 1671 250 5

309 329 349 368 p.
379 317 461 360 139
487 328 526 356 v.
551 317 616 358 11.
675 314 725 355 de
752 326 852 356 voce
884 314 1056 358 τοῦλδον
1088 313 1182 356 vide
1209 313 1405 354 Glossaria
1433 312 1594 355 Meursii
1629 321 1670 355 et

198 372 368 426 Rigaltii.
915 419 919 424 ⁴

310 466 352 505 p.
377 450 458 494 145
478 465 522 492 v·
541 454 581 495 2.
625 446 772 492 τούτου
794 448 819 493 ὅ
835 445 1010 502 ἆδελφός
1032 456 1108 490 etc.
1169 450 1269 489 haec
1286 449 1543 502 pei-intricata
1562 455 1668 490 sunt.

196 509 388 550 videntur
407 509 511 547 enim
530 509 659 547 facere
681 508 791 546 hunc
805 508 991 547 iuvenem
1007 507 1134 546 filium
1153 507 1289 546 fratris
1299 507 1488 559 Bryennii
1504 520 1670 559 regnum

196 566 434 616 affectantis,
472 567 586 605 cuius
610 565 728 616 plane
757 565 1003 604 contrarium
1020 564 1140 618 paulo
1165 564 1345 617 superius
1366 565 1513 604 diserte
1533 564 1668 603 tradi-

194 629 287 676 tur,
318 624 388 663 ubi
412 623 447 661 is
476 622 701 661 adolescens
725 627 894 662 vocatur
923 625 998 663 τοῦ
1027 624 1311 676 βασιλειῶντος
1326 618 1425 671 υἱός.
1485 628 1546 660 est
1573 634 1666 673 ergo

195 681 262 720 hic
290 680 453 733 aliquod
479 685 654 719 erratum
686 679 834 718 codicis
863 679 1015 728 nostri,
1070 679 1181 731 quod
1215 686 1264 718 ut
1303 679 1380 717 alia
1418 679 1546 717 multa
1583 680 1666 717 sine

195 751 272 791 ope
297 738 468 778 melioris
496 737 643 776 codicis
667 737 878 776 emendare
903 736 1063 775 difficile
1083 742 1154 776 est.
1210 736 1312 775 illud
1329 735 1395 775 hic
1414 736 1545 776 obiter
1561 742 1668 774 atte—

194 809 300 834 xam.
357 795 391 834 si
406 807 504 834 vera
525 795 683 847 scripsit
700 795 875 834 Zonaras
896 807 987 832 cum
1007 792 1144 843 Annae
1162 794 1350 833 maritum
1367 793 1493 833 filium
1511 793 1667 846 primo-

194 853 373 905 genitum
392 851 581 904 Bryennii
597 852 647 890 ab
667 850 807 890 Alexio
829 850 926 891 victi
949 850 1068 889 fuisse
1086 851 1244 901 asserit,
1275 851 1452 903 oportuit
1476 850 1587 890 hunc
1617 850 1668 889 de

193 923 274 961 qno
292 908 360 948 hic
378 922 506 948 sermo
534 914 591 948 est
617 909 735 948 fuisse
751 909 883 961 ipsum
900 907 1018 947 huius
1038 907 1167 960 operis
1184 913 1400 947 auctorem.
1459 908 1570 959 atqui
1586 908 1667 946 hoc

193 967 226 1005 si
241 973 342 1005 esset
359 966 402 1005 id
419 967 502 1019 ipse
519 966 651 1017 aliquo
669 966 788 1005 modo
806 965 1032 1016 indicasset,
1064 965 1175 1017 quod
1197 979 1279 1003 non
1299 965 1406 1003 facit.
1462 971 1670 1017 praeterea

194 1029 300 1062 aetas
317 1023 434 1062 nimis
459 1023 670 1075 discrepat.
728 1036 821 1061 nam
848 1022 1003 1062 iuvenis
1030 1022 1080 1061 de
1107 1036 1186 1073 quo
1208 1022 1337 1073 agitur
1355 1020 1435 1059 hoc
1457 1022 1562 1073 loco,
1587 1022 1667 1060 iam

193 1080 356 1119 adultus
382 1087 423 1120 et
450 1080 554 1119 bello
583 1087 766 1119 maturus
796 1085 882 1118 erat
905 1079 1019 1118 initio
1045 1079 1202 1132 imperii
1219 1078 1473 1128 Botaniatae‚
1503 1078 1582 1117 hoc
1604 1084 1665 1118 est

193 1144 285 1177 octo
310 1137 468 1176 circiter
489 1137 603 1176 annis
626 1143 719 1175 ante
739 1136 896 1175 Annam
921 1136 1112 1188 genitam,
1152 1148 1253 1186 quae
1273 1141 1369 1173 nata
1388 1135 1550 1174 demum
1570 1135 1666 1175 Ale-

190 1194 259 1233 xio
286 1200 344 1232 est
372 1200 464 1247 post
488 1200 658 1233 mortem
687 1194 854 1232 Roberti
876 1193 1107 1243 Guiscardi,
1140 1193 1203 1231 uti
1228 1198 1365 1231 narrat
1390 1192 1476 1243 ipsa
1506 1193 1576 1235 lib.
1597 1193 1665 1236 Vl.

190 1251 392 1290 Alexiadis
413 1265 501 1304 pag.
525 1254 618 1294 166.
649 1257 733 1290 erat
755 1251 788 1288 is
805 1263 933 1288 annus
950 1249 1078 1288 Alexii
1098 1249 1326 1302 imperantis
1346 1249 1523 1300 quintus.
1582 1263 1662 1301 quo

189 1314 371 1361 tempore
400 1321 483 1346 non
510 1307 682 1346 multum
709 1307 922 1346 tricenario
952 1307 1086 1346 iunior
1114 1306 1182 1344 hie
1209 1306 1398 1359 Bryennii
1428 1307 1532 1346 caeci
1559 1307 1664 1346 filius

191 1377 274 1404 esse
292 1364 438 1417 potuit.
494 1365 606 1404 cuius
636 1365 759 1403 aetati
789 1365 823 1402 si
850 1364 1044 1403 addamus
1071 1364 1155 1402 sere
1187 1363 1349 1415 viginti,
1389 1370 1489 1415 quot
1507 1363 1665 1403 Annam

190 1434 419 1461 numerasse
438 1434 530 1460 cum
546 1422 685 1473 nupsit
700 1422 900 1474 Bryennio
930 1421 1141 1461 verisimile
1167 1426 1247 1472 est,
1281 1421 1360 1459 iam
1377 1421 1599 1474 oportuerit
1615 1421 1665 1460 ab

190 1478 332 1518 Alexio
349 1478 621 1518 dilectissimae
642 1479 744 1517 filiae
760 1492 948 1531 sponsum
968 1477 1347 1530 quinquagenarium
1366 1477 1526 1528 datum,
1555 1478 1665 1530 quod

190 1535 378 1574 credibile
414 1549 569 1588 parum.
627 1535 760 1586 itaque
794 1534 931 1574 Annae
967 1535 1099 1587 potius
1137 1533 1382 1572 credendum
1418 1536 1516 1588 ipsi,
1567 1535 1666 1574 dum

188 1606 307 1632 suum
325 1593 459 1632 virum
473 1592 665 1644 Bryennii
683 1592 913 1631 Botaniatae
932 1591 975 1630 in
996 1591 1163 1643 imperio
1185 1591 1329 1630 aemuli
1351 1605 1433 1631 non
1451 1589 1566 1643 υἱόν,
1595 1593 1666 1631 sed

190 1645 394 1704 α’πόγονον
415 1649 598 1702 appellat.
655 1663 779 1701 nepos
802 1650 988 1688 nimirum
1016 1649 1121 1687 illius
1146 1649 1246 1700 suit,
1288 1661 1339 1687 ex
1360 1649 1443 1690 eius
1461 1650 1666 1703 primoge-

187 1706 276 1746 nito
291 1705 370 1745 hoc
387 1707 472 1759 ipso
495 1706 609 1746 cuius
627 1705 694 1745 hic
710 1705 875 1746 historia
892 1706 1072 1746 meminit
1090 1711 1223 1746 natus.

303 1820 347 1848 v.
382 1810 448 1850 12.
517 1808 578 1857 τίς
610 1805 736 1851 οἴοιτό
769 1824 818 1862 με
845 1812 1225 1863 περιταυλογοῦντα.
1289 1808 1345 1847 sic
1373 1809 1543 1849 barbare
1579 1808 1663 1850 MS.

190 1878 265 1917 pro
294 1866 681 1920 περιαυτολογοϋντα
695 1893 708 1914 ,
764 1866 874 1916 quod
904 1880 977 1904 nos
1008 1866 1271 1918 reposuimus.
1357 1873 1522 1905 excusat
1561 1867 1667 1905 enim

189 1921 256 1961 hic
282 1921 505 1973 Bryennius
537 1927 576 1959 et
604 1921 864 1973 suspicionem
891 1923 1130 1961 adulationis
1156 1922 1392 1974 deprecatur
1407 1952 1419 1972 ,
1458 1923 1568 1974 quod
1598 1924 1664 1964 avi

190 1978 252 2017 sui
276 1978 432 2030 paterni
460 1977 595 2016 laudes
629 1978 812 2018 celebret.
878 1979 999 2018 huius
1038 1985 1078 2017 et
1113 1979 1299 2018 similium
1338 1980 1664 2020 emendationum

190 2049 326 2074 causas
340 2035 583 2073 enucleatius
602 2036 763 2086 exsequi
782 2042 822 2074 et
841 2043 1051 2075 auctorum
1068 2036 1306 2075 idoneorum
1325 2038 1562 2077 testimoniis
1579 2038 1662 2077 sul-

190 2092 270 2131 cire
285 2092 507 2144 potuimus,
535 2093 567 2130 si
585 2099 656 2131 aut
672 2099 836 2132 vacaret
854 2100 923 2132 aut
942 2094 1202 2132 necessarium
1222 2093 1531 2136 credidissemus.
1592 2109 1662 2134 ac-

189 2155 353 2188 curatus
372 2155 412 2187 et
431 2149 580 2201 peritus
598 2150 724 2188 lector
741 2151 823 2202 ipse
843 2151 916 2189 sibi
935 2164 988 2189 ex
1008 2151 1137 2203 primo
1154 2151 1231 2190 loci
1248 2158 1462 2202 conspectu
1480 2152 1661 2192 subiiciet

188 2206 321 2256 facile,
352 2206 448 2244 dum
466 2212 622 2245 nostras
641 2207 902 2246 correctiones
928 2214 1157 2260 cognoscet,
1187 2208 1285 2259 quid
1309 2222 1383 2246 nos
1410 2210 1462 2249 ad
1487 2223 1551 2249 eas
1575 2210 1656 2249 im-

188 2263 348 2316 pulerit.
405 2262 524 2301 huius
546 2263 606 2302 rei
629 2263 775 2303 fiducia
790 2267 1040 2320 λεπτολογεῖν
1066 2265 1379 2318 supersedemus.

301 2379 341 2417 p.
360 2365 439 2407 159
461 2379 501 2407 v.
519 2369 586 2409 20.
643 2382 686 2416 το
712 2363 905 2421 συνήθως
921 2371 1006 2417 τοῖς
1023 2367 1223 2421 ἕκτομίαις
1245 2363 1494 2421 ἐπαγόμενον
1520 2366 1654 2409 “κλοῦ“
1675 2377 1706 2412 P
1731 2379 1797 2415 117

188 2418 318 2463 κλοῦ”
334 2419 436 2476 πρός
453 2425 598 2464 τοῦτον
614 2414 757 2479 ἔλεγον.
786 2426 1053 2477 populariusu
1063 2425 1171 2477 apud
1181 2425 1350 2463 Graecos
1360 2425 1657 2465 exsibilantium

189 2492 274 2519 vox
294 2485 382 2518 erat
403 2482 505 2520 πλοῦ
523 2482 634 2520 κλοῦ.
691 2480 736 2518 id
754 2479 975 2533 Hesychius
996 2482 1129 2521 innuit
1147 2482 1271 2520 verbo
1294 2478 1480 2532 κλώζειν,
1509 2482 1580 2520 ubi
1599 2483 1656 2522 sic
1680 2482 1686 2487 “

190 2542 378 2575 annotat:
420 2531 585 2584 κλύζειν
615 2534 659 2577 τὸ
691 2537 874 2590 ἐκβαλεῖν
903 2539 947 2580 ἐκ
971 2541 1052 2579 τῶν
1077 2535 1274 2604 θεάτρων.
1340 2536 1550 2592 κλωγμους
1577 2537 1655 2609 γοῖρ

191 2591 325 2646 ἔλεγον
349 2591 452 2634 navo?
480 2595 647 2663 μίμησιν
670 2597 751 2634 τῶν
767 2594 991 2648 γινομένων
1009 2595 1052 2637 ἐν
1070 2599 1155 2643 τοῖς
1174 2590 1340 2647 στόμασι
1362 2593 1540 2647 ψόφων,
1581 2594 1657 2646 οὓς

191 2648 306 2700 (lego
326 2646 410 2700 οἷς)
432 2647 530 2704 πρὸς
551 2667 622 2699 τας
643 2649 810 2704 ἔκβολας
830 2652 999 2705 ἐχρῶντο
1019 2667 1102 2692 των
1118 2667 1310 2704 ποιητων.
1370 2658 1411 2691 et
1436 2653 1557 2705 paulo
1586 2668 1656 2692 su-

189 2706 342 2757 periuS,
369 2705 589 2761 κλωγμός
570 2724 590 2749 ο
610 2705 677 2748 διὰ
696 2710 770 2761 τῆς
786 2707 959 2764 γλώττης
981 2708 1074 2763 περὶ
1094 2705 1161 2749 τὸν
1182 2705 1426 2778 ου’ρανισκόν
1449 2709 1590 2762 ψόφος
1607 2708 1656 2752 ὃν

190 2758 360 2815 λᾶκησίν
391 2763 517 2815 (sorte
538 2760 759 2819 κλᾶκησιν)
787 2765 892 2816 τινές
921 2778 1068 2819 φασιν,
1107 2761 1196 2808 οἷον
1219 2765 1262 2808 οἱ
1281 2762 1473 2820 ὄνηλαται
1493 2769 1654 2821 κυρίως.
