1878 3262
545 190 1089 238 COMMENTARIORUM
1121 193 1170 238 L.
1203 194 1259 239 Π.
1562 193 1629 242 65

163 325 260 350 τουν
280 306 422 358 οἵτινες
442 304 516 351 εἷεν
538 308 672 350 εἶπεΐν.
739 309 808 350 καὶ
833 307 982 366 οἱπερὶ
1001 307 1071 351 τὸν
1090 307 1266 360 Ἅλέξιον
1292 307 1418 361 εῧθὺς
1435 307 1545 361 ὅστις
1567 308 1629 366 εἴη

163 376 438 419 ἀνεδίδασκον.
507 377 726 419 κάντεῦθεν
761 378 910 432 συνέβη
937 395 976 419 τι
1005 376 1155 433 ἡδονὴν
1184 378 1360 435 παρέχον
1391 386 1476 430 τοῖς
1504 383 1628 437 φιλα-
1650 378 1682 413 Β

164 444 407 502 κροάμοσιν,
444 445 518 487 οὐκ
551 446 711 496 ἐκείνοις
738 443 827 488 τότε
855 444 982 500 μόνον
1008 446 1114 489 ἀλλὰ
1141 449 1208 489 καὶ
1229 452 1313 490 νῦν.
1382 449 1425 490 ἓν
1446 447 1529 506 ὅσῳ
1551 449 1631 507 γὰρ

162 510 184 555 ὅ
208 515 424 569 Κομνηνός
448 513 564 571 ἀπῄει
582 515 756 565 Ἀλέξως
775 514 850 570 τὴν
872 515 993 569 τιμὴν
1013 514 1121 565 ἄξων
1141 520 1200 573 τῷ
1221 516 1412 574 ἀδελφῷ,
1455 518 1591 568 δείσας
1608 515 1632 560 ὅ

126 588 150 624 5
161 584 377 638 Κομνηνὸς
396 583 595 634 ’Ῑσαάκιος
606 583 663 639 μὴ
678 582 817 640 πόρρω
835 588 916 625 τῶν
923 581 1157 638 Ῥωμαϊκῶν
1170 583 1291 642 ὃρίων
1302 584 1512 642 γενόμενος
1531 588 1632 629 δυσ-

156 652 392 708 χερὲστερον
413 657 486 707 τῆς
508 654 790 706 αἰχμαλωσίας
801 651 1064 708 ἀπαλλαγείη,
1090 652 1192 709 πρὸς
1215 655 1289 704 τὰς
1314 652 1448 713 κύκλῳ
1467 655 1632 710 διεπέμ-

159 737 254 762 πετο
276 720 412 771 πόλεις
431 723 499 763 καὶ
521 721 574 763 τοὶ
594 721 688 763 κατ’
721 721 844 763 αὐτὸν
867 721 1124 764 ἀνεδίδασκεν
1146 719 1203 772 ὥς
1219 721 1331 780 ἁλῴη
1354 726 1421 766 καὶ
1447 722 1502 774 ὥς
1526 722 1632 778 βού-

158 792 291 831 λοιντο
323 794 444 844 τιμῆς
475 790 598 832 αὐτὸν
630 788 868 832 ἀποδιδόναι
898 790 937 832 οἱ
953 788 1184 847 βάρβαροι,
1219 791 1332 846 ἠξίου
1354 810 1396 835 τε
1419 797 1492 847 τῆς
1511 797 1632 848 τιμῆς

158 860 332 912 κομίζειν
362 856 512 900 ὁπόσον
544 859 712 909 ἕκαστος
740 857 903 901 δύναιτο
922 859 1000 916 πρὸ
1020 863 1095 901 τοῦ
1114 857 1254 916 πόρρω
1274 860 1371 910 τοὺς
1388 860 1630 918 βαρβάρους

103 932 148 967 10
158 931 240 968 τῶν
255 925 489 980 Ῥωμαϊκῶν
519 925 640 985 ὁρίων
667 929 879 983 γενέσθαι,
920 930 989 969 καὶ
1015 926 1242 982 ὑπισχνεῖτο
1266 927 1396 971 πάντα
1424 930 1499 972 σὺν
1520 929 1626 988 τόκῳ
1649 927 1683 962 C

104 1051 106 1053 v
158 995 382 1037 ἀποδοῦναι
414 998 530 1053 σφίσι
554 997 606 1039 τὰ
628 994 974 1051 κομισθησόμενα.
1043 999 1185 1039 πολλοὶ
1217 1002 1313 1053 γοῦν
1340 1002 1422 1041 τῶν
1446 997 1631 1055 εῧπόρων

153 1066 324 1120 χρυσίον
344 1063 605 1122 πεπόμφασιν
628 1065 760 1122 αὐτῷ,
796 1067 864 1107 καὶ
895 1065 942 1107 τὸ
971 1065 1046 1120 μὲν
1077 1066 1249 1108 ἀπέδοτο
1286 1071 1360 1108 τοῦ
1388 1066 1631 1122 τιμήματος,

155 1136 230 1174 τοῦ
257 1138 402 1176 λοιποῦ
435 1135 479 1175 δὲ
506 1132 629 1191 χάριν
664 1131 844 1191 ὁμήρους
866 1133 1099 1176 καταλιπών
1121 1139 1202 1178 τῶν
1229 1137 1389 1189 δεσμῶν
1409 1136 1633 1178 ἀπολέλυτο

155 1203 224 1242 καὶ
242 1201 316 1256 τὴν
336 1206 416 1244 τῶν
435 1204 637 1245 Γαλατῶν
656 1201 907 1259 μητρόπολιν
926 1204 1147 1258 κατέλαβεν
1163 1203 1376 1260 Ἄγκυραν.
1446 1204 1633 1255 ’ξυνέπεσε-

101 1275 145 1312 15
157 1274 253 1325 γοῦν
286 1270 413 1327 ἄμφω
441 1271 499 1313 τὼ
528 1271 692 1328 ἀδελφώ
722 1273 778 1321 εἷς
806 1273 906 1325 μίαν
935 1270 1091 1329 ἡμέραν
1115 1271 1189 1327 τὴν
1222 1270 1340 1314 πόλιν
1371 1277 1632 1328 καταλαβεῖν.

154 1338 250 1380 ἀλλ’
271 1340 416 1389 ἐκεῖνος
436 1341 509 1393 μὲν
530 1338 784 1397 προφθάσας
801 1341 870 1382 ἐπί
885 1357 994 1390 τινος
1013 1338 1234 1394 οἲκήματος
1254 1345 1335 1383 τῶν
1356 1345 1495 1384 πυλῶν
1515 1341 1631 1392 ὄντος

154 1406 315 1451 ἄνωθεν
336 1407 577 1460 ἀνεπαύετο,
612 1408 686 1459 τὰς
707 1407 839 1459 πύλας
862 1410 1022 1459 κλείσας
1042 1411 1110 1451 καὶ
1131 1409 1206 1459 τὰς
1227 1413 1333 1460 κλεΐς
1351 1412 1530 1465 κατέχων
1551 1411 1629 1453 αὗ-

150 1474 233 1525 τός.
303 1474 359 1526 ὡς
392 1477 435 1518 δ’
469 1475 630 1532 ἠκηκόει
660 1481 735 1519 τοῦ
769 1477 951 1534 ἀδελφοῦ
981 1481 1214 1535 φωνοῦντος
1234 1478 1410 1531 ἔξωθεν,
1446 1478 1623 1534 ἀνήλατό
1646 1476 1681 1512 D

151 1558 194 1586 τε
217 1548 291 1599 τῆς
309 1546 446 1600 κλίνης
466 1548 533 1587 καὶ
556 1546 630 1595 τὰς
652 1550 758 1596 κλεῖς
776 1546 915 1600 λαβὼν
943 1546 1007 1588 ἐπὶ
1024 1546 1099 1596 τάς
1118 1544 1251 1597 πύλας
1268 1546 1394 1590 ἔθεεν.
1464 1548 1629 1599 ἀνοίξας

95 1607 225 1659 Ξοοῦν
247 1615 376 1669 εἲσῆγε
399 1612 554 1664 πάντας
580 1614 694 1656 ἔνδον
715 1619 788 1670 τῆς
808 1613 975 1665 πόλεως.
1043 1613 1065 1657 ὃ
1089 1615 1133 1657 δὲ
1153 1614 1502 1670 θαυμασιώτατος
1514 1617 1629 1660 Ἀλέ-

152 1684 238 1734 ξιος
266 1682 390 1725 αὐτὸν
421 1682 736 1741 ἀπροσδοκήτως
766 1682 1024 1739 θεασάμενος
1057 1683 1191 1739 (οὔπω
1220 1684 1301 1743 γὰρ
1334 1685 1512 1729 πέπυστο
1536 1687 1629 1744 περὶ

246 1792 302 1826 18.
325 1787 512 1836 ἀνήλατο]
537 1791 581 1826 V.
607 1788 805 1837 οἷνήλλατο.

151 1892 193 1916 ac
207 1881 488 1927 percontantibus
502 1881 666 1925 vicissim,
697 1882 832 1928 quinam
859 1881 991 1916 demum
1008 1884 1123 1917 essent
1138 1881 1196 1927 qui
1212 1881 1297 1916 talia
1311 1883 1498 1928 peterent?
1543 1895 1629 1930 pro-

152 1927 330 1961 clamatum
353 1928 397 1961 ab
411 1927 524 1961 Alexii
545 1929 706 1963 comitatu
728 1935 782 1962 est
803 1928 924 1962 adesse
945 1928 1073 1974 ipsum,
1106 1939 1206 1973 quam
1221 1939 1341 1963 vocem
1356 1929 1627 1965 iucundissimam

150 1973 388 2019 praesentibus
411 1973 527 2007 effecit
549 1985 648 2008 casus
672 1979 742 2008 tum
761 1974 896 2019 quidam
914 1974 1016 2008 hodie
1034 1985 1170 2019 quoque
1184 1985 1253 2008 non
1269 1975 1342 2008 sine
1355 1975 1538 2021 voluptate
1551 1987 1628 2010 me-

150 2019 346 2054 morandus.
391 2018 545 2053 nimirum
560 2019 693 2053 interim
708 2020 786 2054 dum
802 2021 1017 2054 confecturus
1032 2020 1178 2065 pretium
1194 2021 1367 2055 fraternae
1382 2022 1626 2067 redemptionis

151 2070 353 2099 excurrerat
367 2064 402 2098 in
417 2066 536 2099 urbem
555 2066 711 2108 Alexius,
742 2066 905 2100 Isaacium
933 2066 1105 2111 captivum
1132 2076 1188 2100 res
1215 2077 1295 2100 suas
1313 2072 1527 2111 reputantem
1543 2079 1626 2102 cura

151 2111 255 2146 subiit
279 2111 457 2145 vitandum
480 2112 510 2145 si
537 2123 602 2156 qua
627 2116 744 2157 posset
766 2112 828 2146 sibi
854 2123 947 2154 esse,
989 2123 1033 2145 ne
1058 2116 1239 2156 antequam
1266 2113 1311 2146 de
1333 2113 1536 2148 liberatione
1562 2126 1626 2148 sua

150 2162 358 2191 transactum
375 2162 465 2191 esset
480 2157 651 2203 quippiam
666 2157 799 2202 longius
815 2169 835 2192 a
851 2158 1024 2192 Romanae
1039 2157 1172 2191 ditionis
1187 2158 1311 2192 finibus
1326 2159 1527 2194 recederent
1543 2161 1626 2194 bar-

149 2203 245 2245 bari3
276 2208 358 2237 tunc
382 2203 467 2237 enim
494 2204 662 2237 difficilius
684 2205 858 2248 negotium
879 2204 968 2238 fore.
1015 2203 1121 2237 missis
1143 2202 1248 2247 igitur
1269 2204 1303 2237 in
1319 2205 1450 2239 vicinas
1467 2206 1627 2240 civitates

149 2250 299 2290 nuntiis,
330 2261 403 2283 cum
428 2261 503 2284 sese
525 2255 661 2294 captum
677 2254 713 2283 et
729 2250 926 2284 detentores
941 2250 1119 2295 pecuniam
1134 2261 1198 2295 pro
1214 2261 1276 2283 suo
1294 2251 1406 2296 capite
1422 2252 1546 2296 pacisci
1560 2263 1625 2298 pa-

149 2299 245 2330 ratos
261 2295 432 2329 docuisset
447 2296 745 2341 postulassetque‚
775 2300 815 2329 ut
835 2302 996 2341 quantum
1019 2295 1164 2340 quisque
1187 2295 1370 2330 amicorum
1398 2302 1516 2342 posset
1541 2310 1624 2332 con-

150 2342 243 2376 ferre
265 2341 430 2386 pecuniae
454 2342 498 2375 ad
524 2341 577 2375 sui
599 2341 832 2375 liberationem
848 2353 891 2375 ne
906 2346 1133 2386 gravarentur
1148 2342 1345 2386 priusquam
1361 2343 1495 2387 longius
1510 2355 1531 2377 a
1546 2345 1625 2378 Ro-

149 2398 248 2421 mano
264 2387 369 2422 limite
384 2388 608 2422 abscederent
623 2387 758 2421 barbari
769 2414 779 2429 ‚
796 2392 912 2422 sancte
926 2387 1090 2433 pollicens
1106 2393 1228 2421 cuncta
1243 2388 1327 2433 ipsis
1343 2388 1410 2422 cito
1428 2400 1502 2422 cum
1518 2400 1622 2424 usura

147 2434 366 2479 reponenda,
398 2434 440 2467 ad
464 2445 538 2468 eam
561 2433 797 2468 invitationem
819 2433 1044 2479 locupletibus
1062 2433 1174 2467 multis
1198 2433 1274 2467 auri
1289 2444 1445 2478 magnam
1461 2434 1526 2468 vim
1541 2435 1621 2471 mit·-

147 2480 317 2522 tentibus,
348 2479 447 2525 pretii
469 2480 559 2525 quod
585 2480 751 2525 petebant
766 2480 874 2513 Turci
898 2484 1028 2525 partem
1049 2479 1253 2522 numeravit,
1275 2490 1338 2524 pro
1362 2484 1463 2524 parte
1488 2481 1622 2526 reliqua

150 2524 241 2559 datis
258 2525 427 2560 obsidibus
444 2526 557 2567 cavit,
591 2526 707 2570 sicque
734 2525 821 2559 liber
846 2526 940 2560 abire
966 2525 1147 2570 permissus
1162 2526 1335 2569 Ancyram
1357 2526 1496 2560 eandem
1511 2527 1620 2572 ipsam

150 2571 348 2605 Galatarum
373 2572 583 2617 metropolim
608 2571 726 2605 eadem
749 2571 808 2605 illa
835 2572 1041 2605 commodum
1057 2582 1095 2604 se
1111 2570 1167 2604 die
1183 2570 1344 2613 contulit,
1375 2583 1444 2616 qua
1458 2572 1619 2608 reducem

151 2615 444 2663 Constantinopoli
465 2619 618 2652 Alexium
646 2617 763 2651 eodem
786 2617 981 2662 pervenisse
1002 2617 1068 2650 iam
1094 2615 1249 2651 diximus.
1296 2621 1446 2652 ceterum
1467 2619 1619 2654 Isaacius

151 2662 247 2706 prius
260 2662 432 2708 ingressus
446 2663 479 2697 in
495 2664 641 2709 quodam
658 2663 822 2697 domicilio
838 2674 942 2708 supra
956 2667 1075 2708 portas
1091 2662 1159 2696 sito
1175 2662 1437 2708 conquiescebat
1453 2665 1618 2699 obseratis

152 2708 281 2753 portis,
311 2721 451 2754 quarum
475 2710 549 2756 ipse
574 2710 688 2744 claves
715 2710 927 2743 asservabat.
973 2713 1012 2742 ut
1043 2711 1157 2743 autem
1183 2720 1302 2743 vocem
1325 2710 1442 2744 fratris
1467 2711 1617 2745 exterius

152 2754 327 2788 clamantis
342 2756 491 2797 audivit,
523 2756 648 2790 exsiliit
663 2768 682 2789 e
710 2760 819 2789 strato
846 2755 1066 2800 clavibusque
1091 2755 1233 2801 sumptis
1258 2755 1300 2790 ad
1328 2762 1446 2801 portas
1470 2757 1620 2791 accurrit

152 2800 349 2845 apertisque
371 2801 412 2835 iis
439 2813 553 2836 omnes
576 2802 768 2836 introduxit
789 2801 823 2836 in
850 2801 1034 2836 civitatem.
1079 2805 1116 2835 at
1141 2801 1340 2846 praeclarus
1358 2802 1497 2836 Alexius
1511 2803 1618 2847 ipsum

150 2845 414 2892 inopinatissima
436 2859 577 2885 cernens
602 2848 702 2894 (nihil
723 2847 812 2883 enim
837 2848 947 2884 adhuc
961 2847 1006 2882 de
1020 2846 1106 2883 illius
1120 2846 1320 2884 liberatione
1335 2848 1509 2892 audierat)
1526 2848 1619 2883 desi-

209 2898 357 2945 Niceph.
384 2900 511 2944 Bryen.
879 2903 885 2909 ⁷
1312 2896 1339 2938 5
