1878 3262
375 221 436 266 IN
455 222 773 266 HISTORIAM
790 222 1018 267 IOANNIS
1038 221 1271 268 CINNAMI
1286 224 1490 268 NOTAE.
1575 225 1673 272 323

202 334 367 374 fratrem
386 333 552 372 Roberti
575 332 693 371 fuisse
714 332 958 380 existimem,
987 346 1076 371 cum
1096 331 1197 371 illud
1215 333 1344 386 ipsum
1364 334 1567 374 tribuatur
1587 334 1676 374 Ro-

202 391 317 430 berto
346 391 396 429 ab
421 390 588 442 Hugone
614 389 815 428 Falcando
842 403 881 442 p.
907 388 990 431 645
1022 395 1064 428 et
1081 390 1278 429 Willelmo
1306 391 1428 443 Tyrio
1454 392 1482 433 l.
1506 395 1560 436 18
1591 405 1624 431 c.
1646 395 1675 435 2

202 453 368 501 propter
394 454 615 486 maternam
645 447 862 498 originem-7
896 445 1069 484 duxerat
1095 447 1198 485 enim
1225 447 1418 487 lordanus
1447 449 1481 488 11
1509 448 1676 488 Roberti

166 558 168 560 q
202 512 343 557 pater,
373 505 666 555 Gaitelgrimam
691 504 816 556 Sergii
846 503 1037 555 principis
1064 516 1133 541 seu
1158 503 1271 543 ducis
1288 505 1535 557 Surrentini,
1566 505 1678 544 cuius

202 562 383 602 meminit
404 563 480 600 Leo
503 562 590 600 Ost.
617 561 645 602 l.
665 563 693 603 3
711 575 743 602 c,
765 564 832 610 30,
854 560 998 610 filiam,
1034 565 1082 598 ut
1106 565 1246 600 auctor
1274 567 1333 600 est
1358 563 1497 601 Petrus
1515 562 1677 602 Diacon.

201 619 229 659 l.
243 618 270 660 4
297 618 444 658 Chron.
461 619 589 659 Casin.
612 632 645 656 c.
667 620 721 659 98
742 623 782 656 et
794 617 980 656 Camillus
997 617 1228 668 Peregrinus
1248 618 1298 656 ad
1320 619 1532 658 Falconem
1549 620 1679 658 Bene-

201 682 312 716 vent.
341 676 486 727 primas
506 675 720 714 obtinuisse
738 675 923 712 loannem
941 673 1153 725 Rogerium
1174 675 1376 715 Caesarem
1394 677 1437 715 in
1463 677 1554 715 aula
1570 677 1678 715 Con-

203 733 553 784 stantinopolitana
565 762 576 781 ,
609 737 838 783 argumento
858 738 916 769 est
929 759 940 779 ,
974 730 1082 782 quod
1099 731 1142 768 in
1159 743 1204 768 ea
1221 733 1388 783 synodo,
1418 734 1460 771 in
1480 747 1558 784 qua
1577 734 1678 772 Cos-

202 803 288 828 mas
313 790 470 828 Atticus
494 788 718 842 patriarcha
738 789 811 829 CP.
839 788 1043 827 abdicatus
1076 787 1155 826 suit
1182 787 1229 827 Δ.
1262 789 1368 831 1144
1398 789 1550 841 primus
1586 795 1679 843 post

201 847 425 885 manuelem
449 847 726 898 imperatorem
758 845 960 883 assederit.
1017 844 1279 895 quadriennio
1309 851 1399 898 post
1422 846 1512 884 satis
1538 847 1678 885 functo

201 903 429 943 Raimundo
457 903 663 942 Pictavino
691 901 925 941 Antiochiae
956 901 1154 954 principe,
1195 915 1287 940 cum
1324 902 1556 941 Constantia
1594 903 1679 942 eius

200 974 309 999 uxor
336 972 454 1011 seque
479 966 518 999 et
544 960 812 1013 principatum
830 959 956 998 eidem
974 958 1147 997 Manueli
1169 959 1420 1010 tradidisset,
1459 960 1599 998 missus
1621 965 1680 998 est

201 1018 307 1056 illico
325 1017 491 1057 Ioannes
509 1017 700 1068 Rogerius
718 1017 883 1065 Caesar,
922 1021 971 1055 ut
987 1016 1095 1054 illam
1116 1015 1189 1054 sibi
1209 1016 1253 1054 in
1275 1016 1491 1056 secundam
1509 1029 1680 1056 uxorem

202 1075 449 1126 adiungeret.
502 1075 573 1113 sed
593 1074 823 1112 Constantia
843 1074 1069 1123 Caesarem,
1108 1073 1216 1124 quod
1241 1073 1283 1111 in
1303 1073 1457 1112 senium
1483 1080 1680 1126 vergeret,

202 1137 415 1183 aspernata
438 1137 515 1179 est,
554 1132 715 1184 ipseque
737 1130 857 1170 rebus
883 1130 1036 1169 infectis
1059 1130 1295 1182 Byzantium
1319 1130 1464 1179 rediit,
1502 1136 1542 1169 et
1563 1137 1682 1170 tonsa

199 1195 294 1241 post
311 1188 496 1227 morbum
520 1202 631 1227 coma
650 1187 922 1226 monachicam
944 1194 1094 1227 vestem
1114 1187 1268 1235 induit,
1293 1193 1340 1225 ut
1356 1187 1539 1239 pluribus
1556 1188 1682 1226 refert

202 1245 418 1284 Cinnamus
448 1246 473 1284 L
508 1249 549 1288 3.
598 1245 756 1296 Rogerii
784 1245 956 1283 Caesaris
985 1244 1113 1293 filius,
1154 1244 1195 1282 ni
1219 1243 1357 1294 fallor,
1392 1244 1469 1282 fuit
1489 1245 1681 1297 Rogerius

201 1303 326 1352 alter,
354 1315 472 1354 quem
491 1302 649 1341 Manu‘el
670 1302 887 1354 imperator
903 1302 945 1339 in
963 1300 1199 1339 Dalmatiam
1219 1300 1339 1350 misit,
1368 1301 1432 1340 cui
1452 1315 1542 1339 eum
1562 1314 1683 1354 prae-

200 1360 319 1409 fecit,
355 1359 428 1398 sub
459 1359 580 1398 titulo
611 1358 733 1397 ducis
761 1360 1022 1408 sclavoniae,
1072 1371 1150 1409 qua
1177 1357 1368 1409 dignitate
1394 1358 1591 1409 gaudebat
1615 1358 1682 1396 ille

201 1418 252 1459 A.
270 1418 391 1466 1180,
420 1422 468 1455 ut
491 1429 541 1454 ex
561 1417 680 1455 variis
700 1416 981 1468 diplomatibus
997 1415 1195 1467 colligitur
1211 1428 1233 1452 a
1252 1415 1398 1453 Ioanne
1412 1415 1534 1454 Lucio
1555 1415 1683 1453 allatis

200 1474 229 1514 l.
242 1476 268 1516 3
286 1472 387 1512 Hist.
411 1472 579 1512 Dalmat.
598 1487 630 1511 c.
646 1477 696 1515 10
714 1473 739 1512 l.
753 1472 779 1514 4
800 1487 832 1512 c.
845 1477 885 1516 3.
913 1473 957 1511 id
978 1473 1081 1511 enim
1104 1471 1274 1510 suadent
1293 1477 1332 1510 et
1342 1473 1500 1524 Rogerii
1522 1484 1681 1517 nomen,

200 1537 242 1569 et
262 1543 341 1581 quo
358 1530 465 1569 vixit
475 1530 665 1582 Rogerius
683 1530 871 1580 seculum,
890 1536 1173 1583 praetereaque
1193 1528 1432 1568 demandata
1453 1543 1475 1567 a
1487 1529 1682 1579 Manuale,

202 1587 268 1627 cui
292 1588 493 1637 merebat,
524 1587 788 1639 praefectura.

317 1657 355 1696 p.
365 1647 421 1687 38
443 1658 482 1684 v.
497 1647 562 1687 19.
622 1643 837 1697 Πιθηκᾶν]
869 1642 1139 1682 Conferendus
1157 1641 1275 1696 plane
1293 1641 1348 1681 ad
1365 1641 1472 1682 hanc
1489 1640 1684 1681 Manuelis

202 1700 377 1754 expedit.
400 1701 489 1740 hist.
509 1701 664 1740 Nicetas
688 1701 713 1740 l.
734 1705 754 1743 1
776 1715 817 1739 n.
840 1703 879 1742 2.

315 1771 357 1809 p.
379 1760 433 1800 39
454 1771 496 1797 v.
520 1757 584 1801 14.
646 1754 899 1810 Κελβιανόν]
928 1756 1073 1808 Lydia,
1103 1769 1172 1795 seu
1191 1756 1285 1795 Asia
1304 1756 1456 1805 minor,
1485 1755 1542 1794 sic
1562 1755 1683 1806 dicta,

203 1821 252 1853 ut
278 1819 420 1852 auctor
445 1820 502 1852 est
529 1813 787 1867 Pachymeres
815 1814 843 1853 l.
863 1816 890 1855 9
921 1827 955 1854 c.
978 1816 1025 1862 8,
1066 1813 1248 1851 Celbiani‘
1269 1819 1426 1851 tractus
1450 1812 1598 1850 mentio
1623 1817 1683 1850 est

204 1871 312 1923 apud
331 1871 508 1909 Nicetam
529 1872 574 1911 in
593 1872 740 1910 Isaacio
758 1871 787 1911 1.
809 1874 833 1913 1
847 1884 888 1911 n.
906 1869 956 1920 4,
993 1870 1139 1923 Acrop.
1162 1883 1196 1909 c.
1218 1869 1269 1912 15
1290 1877 1329 1908 et
1345 1869 1395 1908 al.
1452 1869 1546 1908 vide
1567 1874 1684 1907 notas

203 1928 256 1966 ad
272 1927 516 1968 Alexiadem.

316 1998 357 2036 P.
375 1983 431 2025 42
455 1998 493 2023 v.
512 1987 550 2026 3.
607 1979 724 2025 πόλιν
742 1998 783 2024 τε
803 1979 1171 2036 Ἀδριανούπολιν]
1218 1983 1274 2020 De
1295 1982 1372 2021 hac
1390 1981 1682 2033 Hadrianopoli

202 2041 245 2080 in
264 2039 356 2079 Asia
377 2041 509 2090 silent,
540 2040 705 2092 opinor,
733 2039 957 2091 geographi.
1015 2053 1138 2091 porro
1157 2039 1406 2088 Hadrianus,
1438 2053 1568 2092 quum
1585 2041 1684 2076 titu-

203 2099 268 2137 los·
288 2100 331 2136 ἱη
351 2098 538 2150 operibus
561 2112 642 2135 non
660 2104 838 2146 amaret,
871 2096 1003 2147 inquit
1021 2096 1277 2148 Spartianus,
1319 2097 1475 2134 multas
1495 2097 1683 2133 civitates

192 2154 538 2207 ,Hadrianopolis
563 2154 800 2206 appellavit.
826 2153 896 2191 sed
915 2167 965 2191 an
984 2153 1090 2204 regio
1110 2151 1391 2191 circumvicina
1410 2165 1555 2191 nomen
1573 2152 1684 2191 istud

202 2212 400 2263 habuerit,
429 2213 471 2251 in
487 2212 652 2251 dubium
670 2217 791 2249 vocat
810 2210 972 2260 Tollius,
1001 2210 1095 2248 licet
1112 2209 1156 2248 id
1177 2209 1324 2248 diserte
1342 2209 1530 2248 videatur
1552 2209 1684 2248 dicere

164 2265 171 2268 ⁴
204 2270 429 2311 Cinnamus,
487 2282 629 2308 verum
652 2267 749 2318 quid
770 2274 884 2306 vetat
905 2266 1252 2318 Hadrianopolim,
1284 2266 1334 2304 ab
1359 2266 1460 2305 urbe
1490 2266 1546 2304 sic
1570 2280 1682 2305 nun-

195 2333 368 2379 cupata,
395 2332 570 2365 tractum
588 2326 709 2364 istum
730 2330 918 2362 vocatum
935 2323 1177 2373 existimare,
1209 2337 1299 2362 cum
1315 2323 1486 2374 Lyciam,
1513 2323 1563 2360 ab
1581 2323 1682 2361 urbe

206 2382 420 2434 Chomate,
451 2383 602 2422 Choma
621 2381 858 2434 appellatam
879 2381 999 2419 fuisse
1017 2380 1306 2419 ostenderimus
1330 2380 1381 2418 ad
1402 2379 1539 2418 Annae
1563 2393 1602 2431 p.
1625 2382 1682 2422 92

205 2441 486 2492 compluraque
504 2441 616 2478 istius
634 2452 729 2477 usus
747 2438 927 2489 exempla
944 2443 1126 2490 prostent
1145 2437 1253 2490 apud
1262 2436 1682 2490 Porphyrogennetam

204 2495 248 2535 in
267 2497 379 2536 libris
403 2497 451 2535 de
472 2497 726 2535 Thematibus
738 2495 758 2533 '2

316 2568 357 2606 p.
378 2553 433 2595 44
451 2568 489 2593 v.
511 2557 578 2595 23.
635 2554 674 2601 ἒς
689 2549 786 2600 τούς
807 2548 999 2603 βασιλέως
1019 2548 1088 2589 καὶ
1104 2546 1206 2601 πρός
1225 2551 1300 2602 τῆς
1317 2547 1554 2602 οἳλουργίὸος
1572 2547 1680 2601 ν’πη-

207 2607 320 2662 ρέτας
337 2610 485 2662 τελῶν]
527 2610 677 2649 Tollius
699 2609 846 2656 vertit,
876 2609 980 2644 inter
1002 2613 1261 2658 purpuratos
1287 2608 1546 2658 imperatoris
1567 2607 1680 2644 alle-

206 2672 305 2704 ctus.
361 2679 524 2714 verum,
554 2673 623 2705 aut
643 2666 781 2716 fallor,
813 2664 1044 2716 dignitatem
1063 2665 1180 2701 istam
1201 2664 1396 2714 spectavit
1415 2664 1535 2703 vestis
1553 2663 1681 2715 regiae

208 2735 325 2770 cura,
354 2735 432 2772 qua
450 2724 518 2774 qui
541 2724 710 2763 donatus
732 2727 839 2770 erat,
881 2736 909 2759 a
927 2728 1030 2760 veste
1053 2722 1169 2772 regia
1197 2720 1415 2759 dicebatur.
1473 2727 1590 2759 vetus
1613 2720 1681 2757 in-

208 2777 392 2830 scriptio:
446 2793 503 2823 ¹r1.
545 2795 732 2821 crurum.
774 2793 870 2821 AUG.
907 2792 986 2817 Lm.
1029 2791 1246 2818 commum.
1286 2791 1324 2816 A.
1363 2790 1504 2816 vnsrrz.
1542 2789 1680 2816 naeu.

207 2847 380 2873 mamas.
407 2848 487 2874 Lm.
514 2850 697 2876 rxrnoxo
728 2851 813 2875 sco,
844 2850 880 2875 Β.
909 2850 955 2874 Μ.
988 2848 1119 2875 rnmr.
1197 2840 1361 2883 contra,
1404 2846 1524 2885 penes
1562 2844 1680 2882 quem

207 2892 388 2944 privatae
407 2897 516 2942 erat,
547 2908 574 2931 a
592 2902 695 2932 veste
709 2896 885 2946 privata
905 2892 1052 2932 dicitur
1069 2892 1111 2931 in
1130 2891 1205 2930 alia
1223 2891 1421 2942 inscript.:
1450 2903 1526 2927 ms.
1555 2901 1681 2926 amr-
