1878 3262
150 690 659 761 CAROLI
777 691 946 762 DU
1068 688 1606 761 FRESNE

279 826 656 885 NOTAE
736 824 1468 885 HISTORICAE

456 953 558 1000 ET
629 950 1291 1001 PHILOLOGICAE.

140 1187 214 1259 P,
240 1212 266 1251 6
296 1221 333 1249 v.
354 1210 396 1253 5.
454 1209 478 1251 ὁ
504 1213 576 1263 τῆς
604 1211 806 1263 βασιλείας
828 1210 1005 1262 δίκαιος]
1035 1209 1119 1247 Etsi
1146 1208 1330 1247 nobilitas
1357 1209 1509 1260 generis
1537 1222 1604 1249 re-
1626 1213 1656 1250 P
1684 1215 1749 1250 196

138 1278 309 1316 rumque
338 1267 538 1317 praeclare
566 1274 763 1318 gestarum
793 1267 918 1318 gloria
949 1273 989 1304 et
1017 1265 1139 1304 animi
1173 1265 1401 1316 corporisve
1423 1266 1536 1305 dotes
1561 1274 1608 1306 ut

137 1322 356 1375 plurimum
390 1323 498 1375 apud
527 1324 767 1375 Byzantinos
799 1325 850 1362 ad
879 1336 1102 1375 supremam
1126 1322 1416 1374 adipiscendam
1434 1323 1607 1374 dignita—

138 1385 222 1418 tem
247 1379 414 1431 gradum
443 1379 657 1419 videantur
686 1381 839 1419 fecisse:
868 1393 981 1432 saepe
1008 1386 1139 1418 tamen
1161 1379 1286 1430 legere
1311 1386 1369 1418 est
1394 1381 1608 1419 mediocris

137 1435 204 1475 vel
233 1436 351 1474 etiam
381 1437 539 1475 infimae
567 1437 683 1476 sortis
705 1437 883 1476 homines
908 1444 946 1475 et
965 1438 1171 1484 fortunae,
1201 1442 1246 1474 ut
1265 1437 1321 1474 ita
1343 1436 1492 1486 dicam,
1521 1438 1607 1476 foe-

136 1497 225 1541 tus,
254 1492 491 1544 posthabitis
511 1508 593 1532 non
615 1495 771 1545 paucis,
801 1494 943 1545 quibus
964 1506 1013 1531 ex
1032 1494 1118 1531 iure
1138 1493 1356 1531 debebatur
1368 1522 1379 1542 ,
1409 1493 1461 1531 ad
1480 1494 1524 1531 id
1544 1495 1607 1532 fa-

137 1548 242 1600 stigii
269 1563 351 1588 non
381 1550 498 1588 semel
524 1556 688 1590 evectos.
748 1556 787 1588 et
810 1563 901 1588 sane
922 1563 1003 1588 non
1026 1549 1240 1588 admodum
1258 1549 1434 1601 proclive
1455 1556 1514 1587 est·
1532 1550 1607 1587 de-

137 1617 319 1654 cernere,
350 1606 415 1644 cui
443 1607 502 1644 rei
532 1607 712 1659 publicae
740 1606 1073 1645 administrandae
1099 1619 1168 1644 seu
1194 1605 1444 1644 monarchiae
1470 1607 1606 1657 potius

136 1662 276 1714 speciei
291 1662 526 1700 tribuendus
544 1663 596 1701 sit
615 1663 827 1700 Orientalis
842 1663 1098 1714 principatus
1144 1674 1271 1712 neque
1294 1663 1397 1700 enim
1416 1663 1607 1700 electione

135 1718 202 1757 vel
229 1718 470 1757 successione
499 1732 550 1757 ex
578 1719 726 1770 legibus
755 1725 825 1757 aut
845 1725 1005 1783 recep-to
1022 1731 1132 1757 more
1159 1719 1240 1755 sere
1256 1731 1432 1769 unquam
1451 1718 1605 1757 delatus

135 1774 230 1824 suit,
258 1774 379 1813 immo
399 1787 450 1813 ex
466 1781 636 1826 utraque
652 1775 874 1827 imperandi
889 1775 1044 1813 ratione
1063 1775 1262 1823 constitit,
1291 1774 1461 1825 legitima
1481 1775 1604 1813 nimi-

135 1844 228 1870 rum
258 1836 298 1868 et
327 1844 427 1881 quae
454 1830 718 1870 haereditaria
742 1832 983 1870 successione
1008 1831 1183 1869 cernitur
1199 1830 1427 1869 monarchia
1446 1837 1485 1869 et
1502 1845 1604 1882 quae

133 1887 274 1940 populi
296 1887 360 1926 vel
379 1888 615 1939 optimatum
639 1900 831 1926 consensu
851 1901 901 1926 ex
919 1887 1111 1938 suffragiis
1131 1887 1320 1927 defertur.
1378 1894 1496 1926 erunt
1514 1889 1601 1927 sor-

133 1951 237 1983 tasse
257 1944 325 1996 qui
340 1944 504 1982 feliciori
523 1944 748 1983 coniectura
764 1944 908 1982 harum
925 1945 1056 1982 neutri
1075 1949 1260 1982 censeant
1279 1943 1602 1985 adscribendum:

135 2001 244 2053 quod
273 2007 380 2039 certe
407 2002 530 2052 magis
556 2002 736 2053 probem:
767 2014 856 2039 cum
889 2001 971 2039 fere
998 2014 1150 2052 semper
1180 2006 1249 2039 aut
1272 2001 1434 2039 militari
1456 2002 1600 2053 plausu

135 2063 207 2096 aut
232 2058 434 2097 incondito
463 2058 585 2109 plebis
608 2058 804 2106 tumultu,
842 2058 952 2096 nulla
981 2057 1118 2095 habita
1149 2057 1299 2108 generis
1318 2058 1382 2096 vel
1405 2058 1599 2109 legitimae

134 2114 334 2153 electionis
355 2114 531 2164 ratione,
560 2115 847 2166 potentioribus
870 2114 1024 2152 delatus
1045 2120 1114 2153 aut
1135 2114 1184 2152 ab
1207 2114 1252 2152 iis
1272 2121 1487 2166 usurpatus
1507 2121 1597 2153 tra-

135 2172 268 2210 datur.
326 2184 468 2211 verum
486 2185 576 2209 cum
595 2172 647 2210 ad
666 2171 982 2222 consequendum
1001 2170 1295 2223 im'peratorium
1317 2170 1497 2208 diadema
1515 2185 1598 2209 non

133 2228 333 2267 modicum
365 2229 608 2280 praestiterit
633 2228 870 2280 praesidium
897 2228 1087 2266 natalium
1116 2227 1322 2278 splendor,
1352 2228 1395 2265 id
1418 2228 1535 2266 etiam
1553 2229 1596 2267 in

134 2285 310 2324 confesso
336 2297 416 2323 esse
436 2285 570 2335 debet,
601 2285 652 2323 ad
671 2285 838 2323 familiae
863 2291 902 2323 et
920 2285 1087 2337 posteris
1101 2284 1202 2322 illud
1225 2285 1478 2323 asserendum
1501 2285 1595 2335 plu-
1618 2286 1647 2321 P
1672 2287 1737 2323 197

130 2342 278 2381 timum
302 2342 491 2380 momenti
517 2343 640 2394 ipsam
663 2342 817 2394 imperii
836 2342 1046 2380 contulisse
1064 2341 1358 2392 possessionem,
1417 2342 1597 2392 quamvis

134 2399 238 2437 enim
266 2411 315 2437 ex
338 2399 582 2450 praescripto
608 2399 740 2437 liberis
755 2399 997 2450 posterisque
1017 2398 1171 2436 nullum
1189 2403 1287 2435 esset
1308 2397 1359 2435 ad
1376 2404 1593 2449 paternam,

133 2456 303 2500 avitam,
333 2462 403 2494 aut
430 2456 661 2494 familiarem
691 2455 919 2506 dignitatem
947 2454 1259 2505 consequendam
1286 2453 1346 2492 ius
1373 2454 1592 2507 definitum,

132 2511 242 2551 haud
267 2518 415 2551 temere
445 2518 578 2551 tamen
615 2512 888 2551 discedebatur
919 2525 941 2548 a
969 2512 1087 2563 stirpe
1115 2512 1309 2562 Augusta:
1338 2524 1455 2560 quam
1475 2524 1594 2564 prae-

132 2575 260 2617 terea,
292 2583 381 2608 cum
410 2570 656 2621 ceteroquin,
687 2570 767 2607 sato
790 2568 938 2607 functis
962 2569 1284 2620 imperatoribus,
1308 2569 1493 2608 universa
1515 2581 1590 2620 pe—

132 2638 201 2664 nes
234 2625 340 2664 illam
361 2632 584 2666 remaneret
610 2638 811 2679 supremae
843 2625 1119 2663 dominationis
1150 2623 1385 2673 auctoritas,
1414 2640 1436 2663 a
1462 2626 1590 2677 possi-

133 2682 311 2721 dentium
328 2684 505 2723 manibus
524 2684 690 2724 avellere
709 2696 782 2722 nec
798 2689 1027 2734 promptum
1046 2695 1118 2720 nec
1136 2688 1270 2721 tutum
1290 2687 1384 2721 erat.
1443 2683 1498 2720 sic
1514 2683 1591 2720 im-

129 2751 286 2792 perasse
306 2739 374 2778 diu
391 2741 732 2793 Constantinopoli
750 2746 790 2778 et
805 2740 1051 2791 Trapezunte
1071 2752 1143 2791 per
1157 2739 1313 2791 longam
1331 2740 1422 2777 satis
1441 2738 1589 2790 generis

129 2797 268 2835 seriem
298 2797 515 2837 Comnenos
540 2799 721 2850 legimus,
746 2809 915 2848 quorum
930 2809 1022 2847 gens
1038 2797 1237 2848 praeclara
1253 2796 1350 2834 adeo
1373 2801 1411 2833 et
1426 2793 1589 2833 illustris

130 2852 266 2892 habita
285 2859 362 2903 est,
390 2861 436 2892 ut
456 2856 523 2906 qui
542 2855 724 2908 deinceps
743 2854 1080 2906 Constantinopoli
1100 2853 1252 2906 imperii
1269 2853 1425 2891 clavum
1445 2856 1586 2889 tenue-

187 2913 333 2960 Niceph.
369 2915 495 2960 Bryen,
1262 2908 1313 2948 14
