1878 3262
262 217 358 265 194
719 253 722 257 Δ
745 211 972 258 IOANNIS
1007 211 1236 257 GINNAMI

259 335 408 390 τριχιῦν
432 323 657 384 λαβόμενος
682 325 820 377 ἄλλοις
846 322 971 368 εἷλκεν
997 323 1085 380 ἅμα
1111 327 1217 383 τρισὶ
1241 327 1433 381 γενναίοις
1458 327 1525 369 καὶ
1547 321 1723 376 τούτοις·

262 402 335 458 ἐφ’
379 396 440 448 οἷς
478 395 754 453 ἀντιπράττειν
793 395 866 438 οὐκ
904 394 1059 449 ἔχοντες
1097 394 1134 436 οἳ
1174 393 1315 447 ἄλλοι,
1353 395 1504 453 ᾤχοντο
1532 393 1728 444 ἀπιόντες.

261 466 454 522 βασιλεὺς
493 466 537 507 δὲ
576 465 651 508 σὺν
687 471 772 515 τοῖς
809 464 1028 520 εἲρημένοις
1053 464 1117 504 ἐπὶ
1142 462 1187 505 τὸ
1214 463 1481 520 στρατόπεδον
1520 465 1727 518 ἐπανῆκεν,

264 533 398 588 ἐπειδή
425 551 467 576 τε
492 534 565 588 τὴν
586 535 792 591 χειμεριάν
817 531 927 589 ὥραν
953 532 1231 589 σφοδροτέραν
1256 533 1476 588 ἔγκειμένην
1502 531 1610 590 ἑώρα
1622 564 1636 584 ,
1663 533 1727 574 ε’πὶ

264 601 487 656 Βυζάντιον
512 600 663 659 ἐχώρει.
1737 607 1761 646 5

404 672 483 716 93.
544 670 655 714 Ἀλλ’
684 667 775 725 ἄρτι
801 668 874 722 μὲν
899 666 925 723 ἦ
952 667 1057 711 κατὰ
1082 669 1284 711 Βιθυνίαν
1321 666 1397 722 εἶχε
1435 672 1576 710 τοῦτον
1612 668 1731 715 πολί-

260 757 362 795 χνη,
389 739 492 782 ἔνθα
518 739 611 786 τοὺς
636 738 678 778 ἐκ
709 738 947 791 Φιλομιλίου
975 735 1185 790 δεσμώτας
1203 736 1412 791 Ῥωμαίων
1438 733 1730 789 ἐνοικισάμενος

267 809 378 866 ἔφθη
420 804 587 861 (Πύλαι
613 804 738 861 ταύτῃ
765 805 810 846 τὸ
837 804 1021 860 ὄνομα),
1061 808 1128 847 καὶ
1154 807 1366 862 πρέσβεσιν
1392 807 1434 847 ἔκ
1459 809 1532 847 τοῦ
1557 803 1731 846 σουλτὰν

266 875 525 933 ἀφικομένοις
550 872 729 916 ἐνταῦθά
755 890 831 915 που
854 874 1136 929 χρηματίσας,
1177 875 1310 928 ἐπειδὴ
1348 875 1474 929 μηδὲν
1511 872 1619 929 ὑγιὲς
1656 871 1732 914 αὗ-

264 944 360 994 τοὺς
387 943 708 999 ἀπαγγέλλοντας
733 941 855 997 ἔγνω,
898 942 1045 991 αὐτοὺς
1070 943 1142 996 μὲν
1170 942 1435 996 ἀπεπέμψατο
1462 939 1731 996 ἀπειλησάμε·
1742 949 1787 984 10

218 1021 249 1056 C
271 1028 364 1063 νος,
403 1010 464 1054 ὅτι
489 1029 531 1067 γε
557 1011 614 1065 μὴ
641 1011 745 1053 κατὰ
768 1009 929 1066 γνώμην
956 1011 1066 1067 αὐτῷ
1096 1009 1315 1052 ποιούντων
1342 1010 1413 1051 οὐκ
1440 1013 1495 1060 εἷς
1519 1009 1681 1067 μακρὰν
1705 1007 1733 1063 ἧ

262 1079 472 1134 Ῥωμαίων
485 1085 557 1133 τῆς
569 1081 765 1136 σφετέρας
790 1081 1106 1133 καταδραμεΐται
1128 1080 1252 1128 ἵππος
1277 1081 1344 1120 καὶ
1370 1082 1576 1133 λη’ΐσονται
1602 1076 1733 1120 πάντα

267 1153 406 1206 πολλῷ
431 1152 586 1202 μᾶλλον
610 1147 636 1201 ἢ
663 1152 745 1188 νῦν.
815 1145 835 1188 ὅ
864 1148 907 1188 δὲ
932 1148 997 1188 ἐπ’
1028 1148 1159 1203 ὀλίγον
1185 1152 1235 1204 τῇ
1257 1146 1477 1204 Αὖγούστῃ
1503 1147 1735 1202 συνδιατρί-

265 1229 355 1271 ψας
389 1214 558 1272 χρόνον,
598 1214 682 1257 εἶτα
710 1216 860 1257 ἐκεῖθεν
884 1216 1066 1269 μεταβὰς
1105 1214 1211 1270 (εἶχε
1237 1216 1314 1273 γὰρ
1342 1216 1463 1274 αὐτὸν
1484 1216 1635 1271 χωρίον
1660 1232 1735 1268 τη-

266 1283 402 1327 νικάδε
430 1285 471 1334 ἐς
495 1283 568 1338 τὴν
593 1285 762 1340 περαίαν
790 1281 989 1336 διαβάντα
1018 1282 1182 1335 Ῥιτζίσν
1208 1285 1309 1340 πρὸς
1333 1288 1415 1326 τῶν
1441 1285 1641 1340 ἐγχωρίων
1667 1299 1734 1324 κε-
1745 1289 1788 1324 15

269 1353 516 1408 κλημένον),
557 1353 619 1394 ἓπὶ
645 1352 717 1407 τὴν
744 1352 1021 1408 ἄντίπορθμον
1045 1346 1193 1406 ἦλθεν,
1233 1353 1384 1394 ἐκεῖθέν
1408 1370 1449 1395 τε
1477 1350 1559 1409 ὁδῷ
1584 1350 1735 1408 προϊὼν

269 1422 338 1464 διὰ
376 1426 456 1463 τῶν
495 1419 698 1477 ἀγχιάλων
735 1419 892 1462 πόλεων
930 1422 992 1462 ἐπὶ
1029 1421 1102 1475 τὴν
1131 1423 1391 1478 Φιλαδέλφου
1418 1418 1735 1474 καταλαμβάνει,

268 1488 368 1532 ὅθεν
395 1489 744 1543 συσκευασάμενος
769 1487 959 1543 ἐμβάλλει
985 1493 1036 1545 τῇ
1060 1486 1257 1546 Περσικῇ.
1327 1490 1365 1531 οἱ
1389 1491 1524 1544 μέντοι
1550 1489 1736 1546 πρέσβεις

268 1558 338 1599 διὰ
376 1562 458 1600 τῶν
495 1558 730 1614 Δορυλαίου
770 1556 970 1599 πεδιάδων
997 1556 1122 1607 ἰόντες
1129 1590 1142 1608 ,
1183 1558 1355 1613 ἀγνῶτές
1379 1575 1421 1600 τε
1449 1558 1516 1599 διὰ
1540 1561 1659 1599 τοῦτο
1686 1554 1732 1598 τό

215 1680 249 1714 D
271 1624 467 1683 παράπαν
490 1629 565 1669 τοῦ
588 1625 787 1680 βασιλέως
812 1627 874 1667 ἐπὶ
899 1625 972 1680 τὴν
999 1626 1131 1667 αὐτῶν
1155 1621 1260 1680 ἦσαν
1285 1624 1439 1683 ὁρμήν,
1467 1628 1533 1667 καὶ
1547 1632 1631 1675 τοῖς
1644 1627 1791 1668 Bv-eo

149 1726 182 1763 v
206 1727 251 1762 89
275 1696 432 1747 ζαντίου
458 1696 711 1751 προαστείοις
736 1694 947 1750 διατριβὴν
972 1693 1095 1736 αὐτὸν
1120 1699 1324 1737 ποιεῖσθαι
1338 1695 1598 1751 ἰσχυρίζοντο.
1636 1692 1734 1736 ὅθεν

273 1766 342 1807 καὶ
367 1768 439 1818 τῆς
458 1762 667 1818 Ῥωμαίων
692 1762 842 1820 ἐφόδου
866 1761 1123 1816 πανταχόθεν
1137 1764 1463 1817 διαγγελλομέινῑς
1472 1794 1484 1814 ,
1509 1762 1670 1815 Πέρσαι
1682 1760 1736 1805 τὰ

269 1836 413 1888 πρῶτα
439 1834 585 1888 κομιδῇ
611 1831 779 1874 ἄπιστον
804 1829 903 1871 εἶναι
928 1829 974 1870 τὸ
1000 1833 1167 1885 πρᾶγμα
1191 1828 1388 1884 ἡγοῦντο,
1429 1830 1511 1871 ἐπεὶ
1538 1830 1583 1871 δὲ
1609 1830 1736 1871 αὐτο-

269 1898 506 1955 πτησάντων
529 1899 608 1953 ἤδη
633 1901 793 1940 πολλῶν
817 1896 1020 1952 ἤκουσαν,
1059 1896 1147 1940 τότε
1175 1898 1226 1953 δὴ
1251 1899 1474 1956 πανστρατὶ
1506 1899 1736 1955 κινηθέντες.

272 2083 347 2108 oum
363 2069 472 2109 tribus
488 2069 579 2118 aliis,
606 2069 689 2108 viris
706 2069 840 2120 enipsis
853 2070 1086 2119 magnanimis,
1122 2070 1273 2110 abduxit.
1318 2073 1352 2110 id
1369 2071 1427 2110 ubi
1440 2070 1598 2110 viderunt
1612 2071 1732 2119 ceteri,

271 2131 336 2154 nec
351 2131 389 2153 se
404 2132 479 2154 esse
494 2121 683 2154 resistendo
698 2132 816 2166 pares,
846 2122 960 2166 fugam
985 2122 1159 2156 confestim
1178 2122 1294 2157 iniere.
1339 2122 1395 2156 ille
1418 2126 1529 2156 autem
1543 2133 1618 2156 oum
1631 2120 1731 2154 dictis

272 2165 419 2210 captivis
443 2166 476 2200 in
500 2174 612 2199 castra
635 2178 793 2200 reversus
822 2176 894 2211 est3
926 2179 1067 2213 cumque
1088 2168 1229 2202 hiemem
1250 2168 1444 2203 acerrimam
1457 2167 1590 2203 videret
1600 2166 1730 2201 iamiam

268 2210 458 2253 imminere,
487 2211 687 2256 Byzantium
705 2213 815 2246 rediit.

363 2257 418 2291 23.
466 2257 538 2291 Sed
552 2268 627 2291 mox
642 2259 675 2291 in
691 2259 847 2303 oppidum
862 2258 944 2292 illud
959 2258 1139 2303 Bithyniae
1155 2259 1330 2305 pervenit,
1360 2259 1451 2304 quod
1471 2258 1622 2292 deductis
1645 2258 1730 2294 Phi—

271 2298 404 2336 lomelio
425 2301 585 2336 Romanis
610 2303 751 2348 captivis
772 2305 1026 2338 inhabitandum
1050 2310 1282 2347 concesserat,
1313 2305 1364 2338 cui
1380 2304 1489 2348 Pylae
1502 2316 1634 2340 nomen.
1681 2305 1730 2342 ibi

272 2358 460 2383 convenere
482 2348 572 2382 missi
597 2349 640 2382 ab
666 2349 806 2382 Sultano
829 2350 949 2394 legati,
981 2362 1086 2395 quos,
1115 2355 1153 2384 ut
1176 2351 1256 2384 nihil
1280 2349 1354 2383 sani
1375 2349 1472 2383 abiis
1488 2350 1613 2384 adferri
1631 2351 1730 2397 vidit,

271 2393 403 2428 domum
419 2393 566 2435 remisit,
597 2393 719 2427 additis
735 2395 848 2437 minis,
880 2396 941 2429 nisi
955 2397 1106 2430 facerent
1123 2408 1164 2430 ea
1179 2407 1265 2441 quae
1279 2395 1353 2440 ipse
1370 2395 1490 2437 vellet,
1520 2397 1615 2430 brevi
1631 2397 1729 2442 equi-

270 2444 378 2473 tatum
403 2439 590 2473 Romanum
611 2439 855 2474 incursaturum
877 2441 1008 2475 illorum
1032 2453 1154 2486 agros,
1185 2446 1222 2475 et
1246 2441 1346 2475 multo
1361 2441 1512 2475 hostilius
1527 2453 1626 2487 quam
1640 2454 1730 2478 nuno

271 2485 380 2518 omnia
394 2484 682 2530 depopulaturum.
728 2491 799 2520 tum
815 2487 1012 2530 aliquamdiu
1029 2487 1118 2532 apud
1134 2489 1317 2532 Augustam
1334 2491 1484 2521 moratus
1515 2489 1731 2533 (transgres-

270 2540 329 2563 sus
345 2529 432 2563 enim
447 2531 570 2564 fretum
585 2531 786 2565 substiterat
800 2531 833 2565 in
848 2531 923 2566 loco
935 2559 946 2574 ‚
977 2544 1076 2576 quem
1090 2533 1235 2567 Ritzium
1251 2538 1375 2566 vocant
1395 2532 1620 2578 indigenae),
1647 2534 1728 2569 inde

271 2574 305 2610 in
322 2575 497 2620 adversam
513 2576 620 2621 ripam
634 2577 780 2611 traiecit.
825 2577 903 2612 hinc
918 2580 1010 2612 facto
1028 2589 1090 2622 per
1104 2579 1284 2612 maritimas
1300 2578 1454 2612 civitates
1476 2580 1616 2624 itinere,
1649 2591 1729 2626 per-

272 2620 368 2653 venit
383 2620 648 2666 Philadelpbiam
659 2649 669 2663 ‚
687 2635 728 2657 ex
744 2634 811 2668 qua
826 2624 927 2658 rebus
943 2624 1093 2658 omnibus
1108 2624 1171 2659 rite
1188 2624 1386 2668 comparatis
1402 2624 1573 2660 Persidem
1588 2626 1724 2661 invasit.
1773 2657 1776 2658 ι

269 2664 400 2699 interea
416 2666 668 2711 proficiscentes
683 2680 745 2713 per
758 2669 923 2713 Dorylaei
937 2681 1071 2714 campos
1087 2669 1212 2713 legati,
1237 2669 1469 2714 imperatorem
1483 2671 1516 2705 in
1532 2683 1634 2715 agros
1647 2682 1726 2706 suos

268 2708 490 2756 irruptionem
503 2712 624 2747 fecisse
639 2725 779 2758 prorsus
804 2714 932 2760 ignari,
961 2715 1050 2749 illum
1064 2715 1098 2749 in
1113 2715 1232 2749 vicinis
1246 2714 1416 2758 Byzantio
1433 2713 1580 2761 praediis
1595 2717 1726 2752 versari

269 2754 496 2793 affirmabant.
520 2758 609 2793 unde
625 2770 698 2793 cum
714 2760 939 2794 Romanorum
955 2761 1101 2806 undique
1115 2760 1329 2794 nuntiaretur
1343 2761 1487 2806 irruptio
1498 2789 1509 2806 ‚
1532 2775 1604 2798 rem
1619 2763 1722 2809 primo

266 2800 493 2837 incredibilem
517 2814 592 2837 esse
619 2803 752 2840 omnino
779 2806 962 2840 credebant
986 2806 1123 2841 Persae.
1169 2805 1231 2840 sed
1246 2806 1303 2840 ubi
1318 2818 1339 2840 a
1354 2807 1504 2853 plurimis
1525 2813 1722 2855 conspectos

268 2858 344 2883 esse
372 2845 631 2895 intellexerunt,
660 2854 730 2886 tum
762 2861 846 2887 vero
874 2851 1079 2889 festinarunt
1107 2862 1180 2888 cum
1209 2851 1373 2890 universis
1402 2854 1507 2901 copiis
1529 2864 1718 2892 occurrero·
