1878 3262
371 214 430 258 ΙΝ
449 212 766 257 HISTORIAM
785 212 1012 258 IOANNIS
1032 212 1266 257 CINNAMI
1283 212 1485 256 NOTAE.
1563 213 1660 259 329

193 339 238 364 ex
257 338 303 363 ea
311 331 445 377 parte,
476 325 672 376 quoniam
693 338 821 377 agger
839 337 922 362 esse
936 338 1018 362 non
1030 325 1183 376 potuit,
1205 330 1373 376 propter
1381 324 1663 377 frequentiam

185 389 355 438 portus,
386 395 503 433 quem
523 381 642 419 habet
659 383 908 420 tutissimum
929 395 979 418 ac
999 380 1309 427 celeberrimum,
1339 383 1450 419 muri
1466 389 1564 421 aunt
1583 382 1662 420 alti

192 435 463 477 admirandae
483 438 784 490 spissitudinis,
815 445 851 476 et
875 445 1008 476 turres
1031 437 1195 503 densae,
1235 437 1404 476 eductae
1423 438 1483 476 ad
1501 446 1662 477 tantam

191 494 492 544 celsitudinem,
537 502 584 532 ut
614 498 750 548 quivis·
778 497 823 533 in
851 494 1008 532 culmen
1036 496 1221 546 ipsarum
1252 502 1459 547 aspectum
1488 494 1663 548 dirigere

183 551 477 605 perhorrescat.
537 552 587 591 de
617 553 791 592 turrium
823 564 992 590 numero
1022 551 1114 590 vide
1145 552 1447 627 descriptionem
1476 554 1588 605 Cpol.
1611 565 1663 591 ex

190 609 506 649 Bondelmontio.

301 677 425 731 p.75
457 690 496 717 v.
554 679 593 717 3.
663 672 761 728 ταχυ
797 673 965 728 διαβοῖς]
1005 674 1138 713 Inviso
1169 680 1209 712 et
1235 675 1452 714 insalutato
1482 675 1665 716 Manu'ele

192 691 369 773 discestiit
397 740 437 772 et
468 734 509 772 in
530 680 671 770 ¹Asiam
698 733 859 770 transiit
879 732 1107 780 Conradus,
1146 731 1239 769 licet
1269 745 1340 782 per
1366 746 1459 771 suos
1476 733 1666 772 Aleman-

190 792 270 830 nici
306 791 471 843 Augusti
505 790 746 840 colloquium
782 796 820 828 et
861 802 1113 841 congressum
1149 789 1376 840 expetiisset
1409 790 1666 840 Byzantinus.

191 847 264 887 sed
278 849 415 898 alius,
441 848 572 898 inquit
589 847 678 886 Odo
699 846 749 885 de
766 847 927 897 Diogilo‚
959 844 1122 898 ingredi
1144 847 1366 896 civitatem,
1397 847 1511 884 alius·
1530 846 1667 899 egredi

192 906 352 955 timuit,
399 911 473 942 aut
488 905 644 956 noluit,
673 911 711 941 et
728 911 868 941 neuter
879 917 957 955 pro
978 904 1104 941 altero
1126 916 1256 940 mores·
1276 917 1396 952 auos,
1428 910 1505 940 aut
1514 904 1666 955 fastus

190 960 516 1000 consuetudinem
536 962 780 1013 temperavit.
837 960 1006 1012 proinde
1036 959 1131 998 hinc
1163 959 1357 998 refellitur
1386 960 1555 1012 Tyrius,
1598 962 1666 1011 qui

190 1019 532 1071 Constantinopoli
549 1018 728 1058 habitum
747 1031 768 1055 a
790 1016 975 1056 Conrado
1002 1030 1099 1063 cum⁸
1114 1016 1300 1056 Manuele
1322 1017 1513 1056 familiare
1537 1018 1665 1057 collo-

189 1075 326 1127 quium
344 1075 482 1115 tradit.

303 1156 344 1195 P.
376 1145 431 1186 80
461 1156 503 1182 v.
532 1145 601 1185 23.
659 1138 919 1193 ἀκολούθου]
958 1142 1171 1193 Perperam
1196 1139 1347 1180 Tollius
1374 1140 1666 1193 pedissequum

192 1199 336 1252 vertitr,
373 1199 416 1237 id
444 1199 548 1238 enim
576 1200 762 1239 vocabuli
795 1199 902 1251 apud
931 1200 1101 1237 Graecos
1129 1197 1368 1250 Byzantinos
1391 1198 1665 1250 Varangorum

192 1256 335 1295 ducem
352 1269 422 1294 seu
438 1257 682 1308 praesectum
705 1256 907 1307 designat,
952 1255 1001 1294 de
1024 1268 1103 1306 qua
1120 1255 1294 1307 palatina
1316 1254 1508 1308 dignitate
1536 1256 1665 1294 multa

191 1313 366 1351 Codinus
386 1313 435 1351 de
446 1313 521 1353 Off.
543 1328 576 1352 c.
587 1316 614 1356 4
630 1314 709 1351 et
684 1332 710 1356 υ
732 1318 772 1351 et
789 1326 862 1351 nos
881 1312 1075 1364 quaedam
1096 1312 1146 1350 ad
1158 1311 1352 1351 Villhard.
1358 1286 1415 1351 t’et
1433 1312 1484 1351 ad
1495 1312 1665 1352 Annam

191 1370 381 1422 Scylitzes
418 1383 459 1421 P·
486 1373 591 1414 787:
638 1369 832 1411 στέλλεται
859 1392 916 1399 -—
942 1366 1112 1422 Μιχαὴλ.
1139 1370 1348 1423 πατρίκιος
1372 1368 1397 1410 0‘
1426 1365 1665 1418 ακολουθος

190 1427 383 1465 Cinnamo
410 1427 441 1466 l.
464 1430 490 1469 3
531 1423 818 1478 πελεκυφόρων
845 1422 1021 1480 ἕξαρχων
1050 1425 1222 1475 dicitur,
1270 1432 1311 1464 et
1345 1426 1483 1464 Annae
1510 1441 1551 1479 p.
1586 1427 1666 1469 195

190 1499 325 1536 αρχων
342 1483 580 1537 Βαραγγίας.
622 1484 843 1523 willelmus
859 1485 1024 1535 Tyrius:
1054 1482 1286 1520 tradiderat
1303 1491 1439 1522 autem
1464 1484 1668 1523 Constan-

191 1541 491 1592 tinopolitanae
511 1539 732 1579 discedenti
753 1539 805 1578 ab
822 1555 887 1589 eo,
919 1547 954 1577 et
975 1538 1024 1576 id
1040 1541 1178 1591 ipsum
1190 1542 1364 1591 petenti,
1395 1539 1558 1578 domino
1586 1542 1670 1579 im·-

183 1599 390 1650 peratori,
419 1599 510 1636 riae
531 1595 674 1648 duces,
712 1598 895 1635 locorum
908 1597 1089 1648 perime,
1126 1598 1437 1648 provinciarum
1453 1598 1669 1650 finitima-

191 1668 285 1692 rum
303 1668 459 1692 omnem
473 1654 662 1693 habentes
670 1652 961 1706 prudentiam,
975 1651 977 1653 ’
990 1651 1064 1691 sed
1070 1653 1180 1705 fidei
1196 1652 1391 1695 modicae.
1425 1654 1449 1692 l.
1469 1657 1523 1696 16
1543 1667 1576 1693 c.
1600 1657 1669 1703 22,

191 1711 312 1749 Gesta
339 1711 441 1750 Lud.
469 1711 541 1751 Vll
576 1725 612 1755 c.
636 1714 662 1754 6
685 1715 711 1753 7
742 1717 783 1750 et
803 1714 843 1754 8.
900 1716 950 1749 ut
970 1723 1095 1762 porro
1123 1710 1384 1760 Theutonici,
1426 1712 1671 1750 Graecorum

191 1767 355 1816 fraude,
394 1767 436 1806 in
462 1774 594 1807 vastas
615 1767 779 1807 deducti
798 1767 1054 1817 solitudines,
1095 1781 1290 1806 summam
1313 1769 1488 1820 perpessi
1506 1769 1588 1807 sint
1605 1768 1671 1806 in-

192 1824 322 1877 opiam
335 1855 346 1874 ,
376 1824 513 1863 multis
527 1831 829 1877 prosequuntur
846 1824 992 1876 Tyrius
1022 1830 1062 1862 et
1082 1825 1172 1863 Odo
1189 1825 1238 1863 de
1258 1825 1423 1876 Diogilo.

305 1905 347 1943 p.
368 1895 420 1935 81
454 1906 494 1932 v.
526 1897 593 1936 11.
651 1889 940 1946 Μαμπλάνης]
972 1891 1134 1930 Nicetae
1165 1892 1193 1932 l.
1213 1895 1236 1934 1
1269 1906 1310 1932 n.
1338 1894 1364 1933 6
1406 1887 1672 1944 Παμπλᾶνος,

191 1948 388 1989 Willelmo
409 1949 532 2000 Tyrio
560 1949 649 1987 loco
679 1950 802 1988 citato
825 1951 1057 1987 Paramum
1089 1955 1357 2000 nuncupatur.
1414 1949 1512 1986 huic
1538 1955 1672 1986 tamen

191 2013 307 2044 tanto
330 2007 510 2058 negotio,
541 2006 595 2044 ait
609 2006 773 2058 Tyrius,
804 2005 1014 2044 Soldanus
1036 2005 1256 2043 Iconiensis·
1274 2020 1354 2043 non
1374 2006 1580 2057 interficit,
1601 2003 1676 2042 sed

193 2061 367 2116 quidam
394 2062 546 2100 nobilis
576 2063 752 2101 militiae
780 2076 881 2099 suae
906 2063 1195 2114 primicerius,
1244 2063 1467 2101 Tarcorum
1493 2075 1673 2113 magnus

193 2128 389 2171 satrapa,
434 2121 664 2158 Paramum
692 2118 850 2168 dictus,
890 2118 998 2156 hanc
1020 2119 1198 2171 plagam
1230 2118 1394 2156 domino
1414 2121 1672 2170 permittente

193 2178 378 2217 exercuit.
438 2175 591 2214 accidit
613 2183 751 2215 autem
774 2190 880 2214 anno
899 2175 951 2214 ab
966 2176 1124 2215 incarn.
1144 2174 1184 2214 d.
1205 2174 1314 2217 1146
1338 2175 1427 2227 (leg.
1448 2174 1520 2228 47)
1543 2190 1672 2213 mense

195 2233 423 2274 Novembri.

306 2315 346 2353 p.
368 2304 423 2344 82
444 2314 485 2340 v.
506 2302 546 2344 5.
605 2298 629 2342 ό
648 2298 692 2341 δὲ
712 2303 794 2341 ταῖν
813 2302 1030 2353 Γερμανῶν
1052 2296 1151 2351 ῤ’ἠξ]
1181 2300 1238 2337 De
1256 2299 1510 2351 expeditione
1529 2298 1669 2338 Ludo-

194 2358 274 2398 vici
291 2358 364 2397 Vll
382 2358 632 2396 Francorum
649 2357 751 2408 regis
767 2357 809 2394 in
827 2363 978 2395 terram
998 2362 1175 2394 sanctam
1194 2357 1425 2395 consulendi
1443 2370 1563 2410 supra
1577 2357 1667 2394 lau-

195 2415 279 2453 dati
296 2415 523 2466 scriptores.
581 2413 813 2466 priusquam
838 2426 935 2452 vero
960 2413 1188 2452 Ludovicus
1211 2414 1346 2452 itineri
1372 2414 1414 2451 in
1435 2414 1667 2451 Romaniam

194 2484 275 2510 sese
293 2473 536 2523 accingeret,
566 2471 753 2509 Milonem
774 2470 822 2508 ‹le
840 2470 1038 2521 Caprosia,
1067 2484 1137 2508 seu
1156 2469 1205 2507 de
1226 2470 1461 2515 Charmae,
1490 2469 1669 2518 militem,

194 2528 366 2579 legatum
385 2542 490 2568 anno
510 2527 714 2580 superiore
737 2527 916 2576 miserat,
954 2527 1023 2578 qui
1052 2534 1092 2565 et
1114 2527 1329 2565 transitum
1350 2539 1422 2579 per
1447 2526 1668 2574 Thraciam,

195 2591 237 2622 et
257 2591 518 2623 commeatum
539 2586 787 2636 impetraret:
816 2584 926 2635 quod
941 2584 1006 2621 ille
1020 2584 1186 2634 benigne
1207 2583 1424 2633 concessit,
1453 2583 1602 2636 scripta
1621 2583 1672 2620 ad

197 2653 326 2691 regem
356 2642 604 2693 perofficiosa
631 2642 794 2705 epistola
827 2641 900 2679 sub
926 2653 1102 2679 mensem
1131 2640 1376 2692 Augustum,
1416 2654 1518 2692 quae
1541 2646 1673 2679 exstat

199 2697 305 2749 apud
327 2698 540 2738 Radulsum
557 2699 607 2737 de
625 2698 790 2737 Diceto
780 2712 821 2736 m
842 2697 1012 2736 Abbrev.
1032 2697 1177 2737 chron.
1197 2697 1242 2739 A.
1263 2697 1385 2741 1146.

310 2777 353 2805 v·
369 2768 410 2807 8.
467 2763 562 2816 τούς
585 2782 626 2808 τε
644 2764 720 2821 γοῖρ
746 2765 964 2818 βασιλέως]
995 2765 1030 2804 A
1048 2766 1230 2805 Manubile
1253 2766 1402 2818 legatos
1422 2766 1474 2804 ad
1491 2764 1670 2805 Ludovi-

199 2835 291 2860 cum
310 2820 447 2860 missos
465 2823 712 2863 Demetrium
733 2823 956 2875 quendam,
1002 2829 1043 2863 et
1059 2823 1180 2864 alium
1196 2829 1455 2876 cognomento
1474 2823 1670 2871 Maurum,

199 2879 321 2918 lesert
342 2877 430 2916 Odo
451 2877 500 2917 de
516 2881 666 2933 Diogilo
690 2881 716 2920 l.
735 2884 774 2923 2.
