1878 3262
209 540 763 598 ΝΙΚΗΦΟΡΟῩ
815 540 994 597 TOY
1041 541 1605 601 BPYENNIOY
1652 570 1671 589 ι

523 653 909 700 ΙΣΤΟΡΙΩΝ
935 655 1185 700 ΒΙΒΛΙΑ
1220 660 1275 701 Α.

413 875 1394 934 ARGUMENTA.

165 975 242 1045 P
230 1010 435 1045 RAEFAT.
482 1010 611 1054 scopus
643 1014 693 1044 est
723 1010 897 1044 ostendere
930 1010 1107 1052 Alea-ium,
1146 1022 1222 1044 cum
1247 1011 1430 1056 imperium
1458 1011 1632 1047 Botania-

165 1063 224 1092 tae
242 1061 394 1100 ereptum
410 1056 477 1089 sibi
496 1056 659 1101 sumpsit,
690 1056 767 1090 iure
786 1057 824 1089 id
835 1056 971 1099 fecisse.
1017 1061 1187 1090 narratur
1205 1058 1345 1091 rebellio
1363 1059 1574 1092 Botaniatae
1592 1060 1632 1092 in

166 1104 372 1138 Michae‘lem
392 1104 535 1136 Ducam.
584 1107 725 1135 conatus
745 1103 859 1136 Alea-ii
882 1103 920 1135 in
939 1104 1167 1147 promovendo
1187 1103 1235 1135 ad
1255 1104 1434 1147 imperium
1459 1105 1631 1138 Constan-

165 1150 239 1183 tino
259 1150 358 1183 Duca
375 1148 559 1181 Michaeas
569 1150 708 1191 fratre,
734 1153 768 1181 et
786 1149 855 1181 alio
879 1148 1106 1181 Constantino
1123 1149 1224 1181 Duca
1243 1149 1426 1182 Michaelis
1434 1151 1527 1192 filio.
1551 1161 1631 1184 ma-

165 1196 377 1229 chinationes
395 1194 431 1227 in
450 1194 610 1227 Alexium
628 1196 760 1227 variae.
783 1194 946 1238 periculis
964 1194 1110 1227 obiectus
1133 1194 1226 1227 malo
1247 1195 1498 1228 dominantium
1515 1196 1634 1230 animo

164 1253 206 1275 ex
231 1241 285 1275 his
310 1241 462 1284 gloriam
489 1245 610 1284 auget.
658 1239 804 1272 insidias
829 1240 1024 1272 invidorum
1047 1240 1244 1283 occupando
1265 1241 1407 1284 imperio
1425 1241 1630 1284 praevertit.

165 1287 429 1320 Constantinum
455 1297 598 1329 puerum
632 1285 670 1317 in
698 1285 905 1318 consortium
931 1285 1070 1329 imperii
1098 1290 1130 1318 et
1155 1296 1247 1329 spem
1273 1286 1491 1319 successionis
1517 1290 1630 1320 vocat.

165 1334 264 1366 cuius
283 1333 433 1375 impulsu
449 1332 534 1364 haec
551 1331 692 1374 scriptio
709 1335 884 1374 suscepta,
908 1331 1065 1374 quodque
1079 1331 1152 1364 eius
1171 1331 1348 1364 consilium
1370 1343 1411 1364 ac
1417 1335 1550 1375 forma.

257 1379 347 1412 LIB.
372 1378 400 1410 1.
447 1377 589 1410 Marmei
609 1377 796 1409 Comnenus
803 1377 901 1419 filios
919 1377 1066 1409 moriens
1082 1377 1294 1410 commendat
1310 1378 1442 1410 Basilio
1457 1379 1630 1422 Augusto.

164 1424 196 1458 is
217 1435 270 1458 eos
290 1422 433 1456 educari
448 1422 573 1466 optime
592 1426 701 1455 curat.
747 1422 793 1455 iis
810 1422 941 1454 adultis
958 1422 1189 1466 magistratus
1208 1427 1241 1455 et
1259 1435 1381 1456 uxores
1400 1424 1472 1457 dat.
1519 1424 1633 1457 maior

163 1476 252 1504 natu
270 1480 383 1502 eornm
406 1469 559 1501 Isaac-ius
577 1468 766 1511 imperator
783 1469 843 1510 fit.
891 1471 1083 1510 transferre
1103 1468 1284 1511 imperium
1309 1469 1347 1501 in
1369 1469 1530 1502 Ioannem
1545 1471 1632 1512 fra-

163 1521 251 1550 trem
269 1515 358 1549 vult.
404 1515 465 1547 hoc
483 1518 660 1546 recusante
679 1513 941 1546 Constantinum
958 1514 1091 1546 Ducam
1108 1519 1307 1558 promovet,
1340 1514 1413 1558 ipse
1433 1516 1483 1558 fit
1509 1526 1633 1547 mona-

165 1563 258 1596 chus.
308 1560 557 1593 Constantinus
578 1560 693 1593 Ducas
711 1559 801 1591 iuste
821 1559 1046 1592 administrat
1066 1559 1247 1602 imperium
1264 1560 1365 1593 annis
1380 1565 1519 1603 septem.
1557 1561 1631 1594 eius

163 1619 276 1649 mors,
300 1607 448 1649 itemque
467 1605 605 1638 loannis
624 1605 786 1638 Comneni
806 1605 954 1648 quinque
962 1605 1068 1647 filiis,
1090 1605 1200 1638 tribus
1210 1605 1358 1648 filiabus
1379 1606 1519 1646 relictis,
1543 1616 1632 1650 quae

163 1653 332 1688 Michae‘li
350 1652 555 1690 'I'aronitae,
590 1650 780 1694 Nicephoro
810 1650 1008 1691 Melisseno‚
1041 1655 1075 1684 et
1108 1651 1334 1684 Constantino
1360 1652 1527 1696 Diogenis
1548 1652 1632 1694 filio

164 1700 386 1733 collocantur.
431 1696 605 1730 Manue‘lis
622 1701 655 1729 et
670 1696 798 1729 Isaacii
814 1696 930 1740 prima
949 1697 1089 1729 militia.
1136 1697 1252 1729 Alea-ii
1268 1697 1359 1729 mira
1376 1698 1518 1730 indoles.
1543 1697 1632 1731 Dio-

164 1756 270 1790 genes
290 1745 336 1777 ad
355 1744 538 1787 imperium
557 1742 724 1775 evehitur.
748 1742 890 1775 initium
907 1742 988 1775 belli
1004 1741 1154 1776 Turcici.
1178 1743 1278 1786 origo
1294 1743 1491 1776 Turcorum.
1516 1742 1631 1775 Sara-

165 1801 324 1824 cenorum
343 1789 524 1832 imperium
541 1789 613 1821 late
627 1792 750 1831 patens
769 1788 944 1820 discordia
962 1788 1152 1821 turbatum.
1186 1788 1384 1821 Muchumet
1401 1787 1526 1825 Persis,
1552 1787 1629 1821 Me·

165 1837 220 1869 dis
237 1840 270 1868 et
284 1834 462 1869 Abritanis
481 1834 654 1877 imperans
671 1833 805 1866 auxilia
823 1833 1010 1865 Turcorum
1025 1833 1127 1876 petit.
1178 1844 1291 1866 eorum
1309 1845 1369 1876 ope
1386 1834 1495 1865 vincit
1510 1833 1632 1878 Baby-

166 1882 283 1915 lonios.
331 1880 390 1913 sed
409 1880 447 1912 in
467 1880 568 1911 Indos
583 1889 716 1911 movere
731 1879 847 1911 volens
865 1878 1035 1911 deseritur
1050 1890 1072 1910 a
1087 1878 1207 1911 'I'urcis
1223 1878 1260 1911 in
1280 1889 1356 1911 eum
1374 1879 1631 1913 rebellantibus.

165 1928 279 1961 decem
298 1926 399 1959 duces
425 1929 544 1958 contra
570 1935 625 1956 eos
647 1923 743 1956 missi
762 1926 954 1967 fugantur.
1001 1924 1074 1967 ipse
1091 1923 1319 1956 Muchumetes
1337 1924 1379 1956 ab
1396 1924 1469 1956 illis
1493 1924 1631 1966 praelio

164 1973 334 2011 vincitur,
368 1982 432 2014 quo
460 1971 531 2014 ipse
560 1969 693 2002 cecidit.
744 1969 847 2001 (l'urci
875 1974 1063 2002 evocantur
1089 1970 1127 2001 in
1153 1970 1339 2002 Persidem.
1384 1969 1631 2013 Strangolipes

164 2019 235 2053 dux
260 2028 374 2052 eorum
391 2018 442 2060 fit
462 2016 640 2048 Sultanus.
687 2014 864 2047 Patricius
892 2015 1086 2058 Stephanus
1107 2014 1246 2047 Mediae
1270 2026 1409 2058 praeses
1429 2015 1554 2048 Turcos
1573 2020 1628 2048 te-

164 2076 256 2098 mere
272 2065 436 2097 lacessens
455 2062 615 2095 vincitur.
664 2060 770 2093 Turci
789 2060 942 2092 Mediam
961 2060 1145 2093 invadunt.
1191 2060 1335 2094 Manue'l
1358 2072 1380 2093 a
1401 2060 1629 2104 Chrysosculo

167 2112 279 2144 Turco
300 2109 457 2152 capitur,
481 2108 540 2140 sed
558 2117 633 2139 eum
648 2105 774 2138 incitat
790 2106 838 2138 ad
860 2105 1099 2149 transfugium
1117 2117 1140 2138 a
1155 2106 1313 2139 Sultano.
1361 2106 1505 2139 Manue'l
1521 2106 1628 2139 mori-

163 2160 234 2190 tur.
279 2156 451 2199 Diogenes
469 2152 679 2196 expeditione
691 2155 847 2194 suscepta
862 2151 900 2183 in
917 2152 1042 2184 'I'urcos
1058 2151 1215 2185 Alexium
1233 2152 1279 2184 ad
1299 2156 1447 2185 matrem
1468 2152 1627 2186 remittit.

164 2203 335 2246 Diogenes
356 2200 589 2245 imprudenter
617 2198 739 2231 bellum
766 2196 1033 2238 administrans,
1070 2201 1102 2229 et
1125 2197 1170 2230 ab
1198 2197 1441 2231 adulatoribus
1469 2197 1629 2241 deceptus

164 2248 315 2281 vincitur
344 2259 366 2280 a
398 2245 519 2278 'Iurcis
547 2248 581 2277 et
610 2243 759 2286 capitur.
805 2242 949 2275 Ioannes
970 2243 1100 2275 Caesar
1124 2243 1185 2276 hoc
1213 2243 1335 2276 audito
1357 2243 1493 2286 fratris
1514 2244 1629 2284 filium

164 2293 371 2328 Michae'lem
400 2292 531 2325 Ducam
561 2289 608 2322 ad
634 2288 814 2332 imperium
842 2288 973 2326 evehit,
1003 2288 1160 2322 Eudocia
1185 2289 1256 2322 eius
1277 2294 1391 2322 matre
1418 2289 1456 2321 in
1474 2289 1628 2324 ordinem

165 2340 322 2373 redacta.
354 2339 521 2371 Sultanus
539 2336 727 2379 Diogenem
742 2334 931 2376 honorifice
948 2334 1103 2367 habitum
1122 2335 1267 2367 dimittit
1284 2335 1439 2368 liberum.
1472 2335 1502 2367 is
1519 2336 1628 2367 Ama-

165 2396 259 2418 seam
286 2395 361 2417 cum
386 2383 535 2417 exercitu
567 2384 722 2424 occupat.
775 2380 991 2413 Andronicus
1018 2391 1093 2413 eum
1119 2380 1193 2413 acie
1217 2381 1339 2414 vincit.
1400 2380 1628 2413 Chutatarius

168 2431 355 2475 Diogenem
369 2430 479 2462 iuvat.
526 2427 678 2460 Michael
693 2436 814 2469 pacem
828 2436 903 2458 cum
922 2426 1075 2470 Diogene
1084 2427 1225 2468 frustra
1241 2429 1367 2459 tentat.
1401 2429 1507 2458 Anna
1524 2425 1627 2458 Com-

167 2486 331 2509 nenorum
348 2480 459 2509 mater
477 2485 552 2506 cum
566 2472 651 2515 silio
668 2472 706 2504 in
725 2470 863 2504 exilium
872 2471 1028 2515 pellitur.
1066 2472 1282 2504 Andronicus
1297 2472 1420 2504 iterum
1438 2470 1628 2515 Diogenem

166 2522 276 2555 vincit
294 2526 328 2555 et
344 2522 438 2565 capit
455 2519 709 2562 honorificeque
723 2520 867 2551 tractat.
914 2517 974 2550 sed
993 2517 1024 2550 is
1041 2521 1240 2550 excaecatur
1252 2516 1436 2550 Michaelis
1453 2515 1569 2558 iussu,
1593 2519 1628 2550 et

164 2568 270 2611 paulo
286 2572 362 2611 post
378 2567 536 2601 moritur.

257 2612 348 2646 MR.
371 2613 416 2646 11.
464 2610 625 2645 Comneni
650 2613 855 2644 revocantur
885 2608 928 2642 ab
959 2608 1072 2642 exilio.
1128 2606 1317 2652 Nicephori
1347 2606 1387 2640 in
1415 2607 1628 2652 logothetam

164 2658 342 2703 promotio.
390 2658 462 2691 eius
489 2657 606 2691 odium
630 2657 669 2689 in
689 2657 890 2696 Caesarem,
922 2655 980 2697 qui
999 2654 1042 2687 ab
1061 2653 1148 2687 aula
1162 2653 1301 2687 recedit.
1347 2653 1501 2687 Isaacius
1521 2654 1625 2687 Com-

168 2714 276 2735 nenus
303 2708 422 2736 contra
450 2704 588 2736 Turcos.
638 2701 789 2736 Urselius
818 2711 894 2733 cum
915 2699 1061 2734 Francis
1090 2711 1113 2732 a
1141 2699 1265 2733 castris
1290 2699 1456 2732 Romanis
1485 2699 1624 2732 recedit.

169 2748 321 2782 isaacius
339 2760 362 2781 a
383 2749 502 2782 'I'urcis
517 2748 667 2782 vincitur
687 2752 719 2781 et
740 2747 888 2791 capitur.
934 2746 1064 2789 eruptio
1084 2745 1199 2778 Alea-ii
1216 2756 1234 2778 e
1254 2745 1388 2778 castris.
1413 2747 1513 2789 suga
1528 2744 1624 2777 mili-

169 2798 244 2827 tum
263 2794 502 2828 Romanorum.
549 2794 686 2829 Alesius
708 2792 874 2826 Theodoti
900 2792 1040 2824 consilio
1066 2795 1238 2831 servatus,
1270 2790 1433 2835 pecunias
1454 2794 1559 2834 parat
1577 2788 1625 2822 ad

169 2839 403 2875 redimendum
412 2842 576 2883 fratrem.
622 2851 720 2885 quem
735 2839 808 2873 iam
829 2838 1012 2873 liberatum
1022 2837 1180 2881 Ancyrae
1193 2836 1331 2881 reperit.
1377 2836 1531 2870 lutacius
1550 2843 1625 2866 cum
