1878 3262
167 212 177 223 ’
244 206 345 253 236

245 315 445 352 Coniuratio
470 315 506 349 in
527 315 767 361 imperatorem
792 317 963 352 Constan-

291 362 435 407 tinopoli
459 362 538 403 121,
560 362 594 397 5.
641 362 858 398 confirmatur
883 365 963 408 121,

245 453 383 488 Coniux
404 452 514 487 Alexii
537 465 556 487 e
574 453 744 489 Ducarum
761 455 891 490 familia
907 457 965 500 12,

247 544 561 589 Constantinopolis
585 556 606 579 a
631 556 698 590 quo
728 547 869 582 obsessa
885 547 965 590 114,

297 594 352 628 11.
401 591 533 624 obsidio
550 591 692 625 solvitur
711 595 787 633 117,
804 593 838 628 5.

250 637 494 672 Constantinus
506 638 622 672 Ducas
634 639 746 672 senior
762 639 891 683 imperii
907 651 968 673 oc·-

298 683 442 728 cupandi
458 684 564 717 aleam
581 684 695 718 subire
710 685 837 729 refugit
852 687 885 727 7,
901 687 935 720 9.

252 728 496 764 Constantinus
521 729 637 764 Ducas
662 730 771 764 minor
794 731 837 765 ad
861 731 968 776 impe-

296 775 383 809 rium
413 775 567 819 oblatus,
610 786 632 810 a
661 778 788 823 populo
818 777 970 812 reiicitur

298 821 333 862 7,
354 821 388 854 9.

252 866 494 901 Constantinus
519 867 632 901 Ducas
657 878 678 901 a
702 869 884 903 Comnenis
907 869 969 903 im-

298 918 437 958 perator
462 913 599 956 eligitur
623 915 751 955 22,13.
800 915 871 948 eius
887 927 970 949 con·

299 959 427 993 stantia
450 958 482 991 in
504 959 579 993 iure
595 960 739 994 dicendo
755 961 811 1003 22,
826 963 882 997 20.
929 961 970 995 il-

299 1004 364 1038 lius
381 1004 492 1038 obitus
508 1005 564 1046 23,
586 1007 638 1041 17.
684 1012 820 1040 recusat
848 1007 970 1041 bellum

301 1061 424 1094 gerere
439 1061 513 1084 cum
528 1050 684 1094 Diogene
702 1051 760 1096 51,
778 1054 812 1088 3.

257 1096 501 1131 Constantinus
555 1102 784 1142 protostrator
830 1101 971 1132 conatur

302 1142 396 1175 malis
412 1141 558 1183 mederi,
584 1143 645 1176 sed
660 1143 790 1177 frustra
804 1144 860 1186 57,
877 1146 910 1179 8.

258 1187 504 1222 Constantinus
542 1188 630 1222 alter
666 1190 851 1224 Andronici
883 1190 974 1224 filius

301 1234 414 1267 subito
435 1234 576 1268 moritur
591 1237 648 1276 80,
668 1236 718 1272 13.

257 1279 500 1314 Constantinus
519 1284 556 1314 et
570 1281 710 1314 Alexius
728 1281 975 1316 Constantino-

305 1325 408 1371 polim
439 1326 625 1360 det'endunt
655 1327 818 1362 adversus
840 1328 976 1373 Bryen-

306 1371 493 1413 nium.115‚
507 1373 563 1407 22.

260 1417 504 1451 Constantinus
531 1418 710 1454 Michaelis
735 1419 845 1453 frater
868 1419 977 1465 impe-

304 1463 388 1497 rium
404 1468 542 1497 recusat
558 1464 634 1506 124,
652 1465 685 1498 5.

259 1508 482 1544 Constantino
497 1510 616 1543 Ducae
632 1510 812 1544 Michaelis
826 1510 895 1544 filio
914 1511 977 1545 im·

307 1554 392 1599 perii
407 1566 487 1599 pars
505 1557 767 1590 communicatur
785 1558 885 1598 11,2.

212 1634 215 1637 ,
264 1599 563 1646 Contostephanus
578 1602 774 1647 periclitans
789 1614 811 1637 a
826 1615 891 1648 quo
909 1603 978 1636 sal-

309 1650 411 1679 vetur
430 1647 505 1686 165,
521 1648 554 1682 3.

265 1691 440 1736 Crispinus
472 1693 626 1727 Francus
655 1693 821 1737 Diogenis
847 1694 981 1738 equita-

310 1742 383 1771 tum
398 1738 496 1782 fugat
511 1739 567 1781 62,
584 1741 619 1774 7.
667 1740 796 1773 frustra
813 1751 888 1773 eum
905 1752 981 1774 cor-

309 1794 468 1830 rumpere
484 1784 655 1830 Diogenes
670 1789 782 1820 tentat
796 1785 853 1829 54,
867 1785 902 1822 4.

604 1897 650 1933 D.

268 1965 489 2000 Damocrania
506 1967 582 2011 133,
600 1968 635 2003 3.

267 2011 409 2045 Dioclea
427 2015 502 2055 100,
514 2014 568 2050 22.

268 2057 467 2091 Dioclenses
482 2059 648 2094 rebellant
663 2060 739 2103 100,
755 2060 810 2096 22.

268 2102 441 2147 Diogenes
456 2104 534 2149 imp.
547 2106 591 2139 de
606 2106 738 2139 ratione
753 2104 832 2139 belli
848 2105 984 2139 consul-

315 2154 369 2182 tat
397 2149 454 2193 35,
475 2151 530 2184 15.
577 2163 656 2185 sana
688 2152 825 2185 consilia
855 2152 985 2196 respuit

316 2195 373 2236 36,
391 2197 446 2230 11.
480 2196 578 2230 vanis
595 2197 841 2231 adulationibus
855 2202 985 2231 temere

317 2241 502 2275 assentitur
516 2243 574 2284 36,
592 2244 645 2277 12.
690 2243 779 2277 illius
802 2243 985 2277 credulitas

317 2287 376 2327 38,
392 2287 425 2320 2.
464 2299 484 2321 a
500 2288 624 2322 Turcis
641 2290 772 2334 capitur
785 2288 842 2331 42,
862 2291 915 2324 11.
950 2292 987 2323 et

319 2332 416 2366 multi
431 2332 535 2366 duces
549 2334 669 2373 42,19.
687 2346 707 2367 a
718 2335 861 2368 Sultano
879 2336 986 2368 hono·-

321 2377 418 2412 rifice
433 2382 622 2422 tractatur,
647 2384 682 2414 et
703 2380 882 2414 dimittitur
902 2381 987 2414 liber

321 2422 376 2463 44,
393 2425 447 2459 13.
487 2425 652 2459 liberatus
668 2427 747 2470 quid
762 2432 842 2471 agat
855 2427 911 2468 44,
931 2428 986 2462 19.

322 2468 525 2504 Michaelem
553 2471 784 2516 imperatorem
810 2473 989 2506 acclamari

322 2521 420 2549 curat
435 2517 564 2550 Caesar
578 2518 632 2559 45,
648 2519 703 2552 20.
749 2518 902 2552 exercitu
919 2518 989 2551 col-

321 2560 410 2594 lecto
431 2564 605 2597 Amaseam
622 2569 767 2608 occupat
781 2565 837 2606 46,
853 2565 908 2598 20.
943 2565 987 2598 ab

320 2606 515 2641 Andronico
531 2609 679 2642 vincitur
693 2611 750 2651 47,
769 2611 824 2645 12.
857 2622 931 2644 cum
947 2622 988 2643 eo

321 2663 440 2697 pacem
456 2658 581 2687 tractat
596 2655 762 2698 michael,
788 2655 845 2689 sed
862 2657 990 2690 frustra

321 2698 379 2740 48,
398 2698 450 2733 12.
499 2711 574 2734 cum
596 2712 636 2734 eo
657 2701 899 2736 Constantinus
914 2702 990 2735 Du·-

324 2753 383 2776 cas
413 2744 545 2779 bellum
573 2757 696 2789 gerere
726 2752 860 2781 recusat
882 2748 938 2789 51,
959 2749 994 2783 3.

319 2788 407 2824 illius
428 2791 602 2835 equitatus
616 2803 636 2825 a
652 2803 718 2836 quo
734 2793 872 2836 fugetur
888 2794 944 2834 52,
961 2795 994 2829 7.

326 2835 452 2869 auxilia
477 2840 655 2882 exspectat
680 2849 700 2871 e
723 2838 867 2872 Perside
886 2840 943 2881 54,
963 2842 993 2876 1.

329 2881 458 2917 frustra
487 2887 598 2918 tentat
626 2894 841 2930 corrumpere
864 2884 994 2931 Crispi-

701 208 884 252 INDEX
918 209 1275 254 I-HSTORICUS.

1053 329 1132 353 num
1149 317 1206 360 54,
1221 316 1255 353 4.
1301 327 1323 352 a
1347 317 1416 353 suis
1437 319 1593 365 proditur
1615 320 1672 358 54,
1686 320 1723 356 9.

1054 364 1248 398 Andronico
1263 363 1406 406 sistitur,
1423 371 1522 400 veste
1535 366 1723 400 monastica

1054 410 1191 444 indutus
1206 410 1264 451 54,
1280 410 1333 445 15.
1361 411 1538 445 Michaelis
1551 412 1644 446 iussu
1660 424 1723 447 ex-

1055 462 1212 491 caecatur
1227 461 1261 490 et
1277 456 1415 491 moritur
1430 457 1487 498 55,
1505 460 1560 494 11.

1008 502 1223 546 Drungarius
1262 502 1503 538 Constantinus
1549 503 1725 538 dissuadet

1056 549 1216 583 Michaeli
1242 559 1412 582 assumere
1433 550 1636 592 Bryennium
1659 550 1724 585 im·

1059 595 1144 639 perii
1160 599 1351 628 consortem
1369 597 1445 636 101,
1463 595 1515 631 15.
1635 629 1641 634 ,,

1011 640 1183 675 Ducarum
1213 651 1297 684 gens
1329 652 1348 674 e
1373 641 1587 675 Constantini
1609 641 1727 687 Magni

1059 686 1213 732 patruele
1227 691 1417 731 propagata
1435 687 1488 722 13.
1503 689 1535 723 8.

1012 733 1183 768 Ducarum
1208 743 1228 765 a
1251 733 1376 766 familia
1399 733 1443 766 ad
1460 732 1651 767 Comnenos
1667 733 1728 767 im·
1794 756 1798 759 »

1061 779 1147 824 perii
1177 778 1368 813 haereditas
1389 778 1462 813 iure
1483 779 1730 814 devolvebatur

1013 870 1045 906 D
1049 825 1265 952 {ssffachium
1283 870 1418 915 -lllyrici
1439 871 1634 917 metropolis
1650 872 1730 917 102,

1353 996 1387 1030 Ε

1016 1051 1167 1096 Eruptio
1183 1063 1204 1086 e
1220 1052 1339 1086 castris
1354 1052 1446 1087 utilis
1462 1053 1571 1088 Alexii
1587 1055 1644 1098 60,
1659 1052 1695 1090 5.

1016 1098 1177 1133 Eudoxio,
1201 1110 1275 1132 cnm
1297 1099 1372 1133 filiis
1389 1104 1466 1144 post
1483 1105 1624 1134 mortem
1640 1099 1733 1134 con-

1065 1144 1206 1178 stantini
1220 1144 1360 1189 imperio
1379 1146 1508 1190 potitur
1522 1147 1580 1191 23,
1598 1147 1650 1182 19.
1674 1145 1733 1190 43,

1066 1191 1122 1225 18.
1169 1201 1189 1223 a
1205 1201 1272 1232 quo
1289 1191 1427 1235 fugetur
1441 1192 1499 1234 46,
1516 1194 1549 1227 8.
1596 1192 1638 1226 fit
1662 1203 1733 1226 mo-

1066 1234 1174 1269 nacha
1188 1235 1244 1277 46,
1263 1237 1318 1272 11.

1020 1282 1206 1316 Eunuchus
1223 1282 1366 1315 Ioannes
1380 1281 1415 1315 in
1426 1281 1642 1317 Melissenum
1657 1282 1735 1318 mit·

1068 1327 1152 1361 titur
1169 1327 1247 1366 158,
1263 1328 1297 1364 3.
1343 1328 1404 1362 sed
1432 1328 1463 1362 ei
1485 1329 1608 1363 milites
1632 1339 1738 1373 aegre

1066 1379 1187 1418 parent
1204 1373 1283 1416 159,
1301 1374 1356 1408 15.
1388 1374 1596 1408 Nicaeenses
1613 1375 1644 1408 ei
1658 1386 1737 1409 ver-

1067 1421 1113 1453 ba
1141 1419 1224 1453 dant
1252 1420 1329 1463 162,
1343 1420 1378 1455 2.
1423 1420 1556 1454 Nicaea
1575 1421 1738 1455 recedere

1067 1465 1202 1509 cogitur
1234 1466 1312 1508 162,
1327 1467 1360 1500 9.
1406 1477 1427 1499 a
1449 1478 1516 1511 quo
1542 1479 1562 1502 e
1589 1467 1738 1513 periculo

1069 1516 1208 1556 ereptus
1227 1512 1305 1554 164,
1318 1513 1370 1547 15.
1418 1513 1584 1558 promittit
1600 1525 1636 1547 se
1652 1514 1740 1547 ado-

1069 1563 1238 1603 ptaturum
1251 1558 1490 1601 palaeologum
1508 1559 1585 1597 164.
1605 1561 1660 1594 18.
1685 1559 1739 1593 in-

1069 1603 1279 1647 gratissimus
1288 1604 1526 1648 palaeologum
1541 1605 1664 1640 litteris
1679 1616 1739 1639 ac·-

1073 1654 1171 1682 cusat
1188 1649 1267 1690 165,
1283 1650 1338 1683 20.

1026 1695 1228 1729 Eustathius
1242 1695 1282 1728 ad
1295 1695 1531 1740 inquirendum
1550 1695 1592 1730 dc
1607 1696 1740 1741 Bryen-

1074 1741 1128 1774 nio
1145 1741 1290 1774 mittitur
1309 1743 1385 1783 104,
1405 1746 1434 1778 1.

1027 1786 1212 1822 Exercitus
1238 1788 1301 1820 sub
1328 1787 1443 1821 decem
1467 1786 1608 1820 ducibus
1624 1791 1744 1823 contra

1075 1833 1210 1867 Turcos
1219 1858 1230 1877 ‚
1253 1844 1273 1867 a
1288 1844 1355 1878 quo
1370 1833 1491 1868 missus
1503 1833 1561 1876 27,
1577 1833 1633 1870 14.

1368 1913 1417 1948 G.

1032 1968 1233 2003 Gabadonia
1249 1970 1305 2012 63,
1321 1971 1354 2007 4.

1031 2015 1339 2051 Gabadoniensium
1366 2016 1401 2051 in
1424 2016 1577 2051 Alexium
1592 2017 1746 2053 benevo-

1075 2061 1180 2096 lentia
1195 2063 1251 2104 63,
1267 2064 1301 2098 7.

1031 2107 1172 2141 Gnatia
1186 2108 1243 2150 65,
1265 2107 1317 2144 14.
1342 2109 1400 2152 73,
1414 2109 1450 2145 2.
1475 2109 1626 2153 158,12.
1656 2086 1658 2088 ’

1031 2154 1188 2187 Galicum
1208 2154 1283 2195 149,
1301 2156 1355 2190 18.

1032 2199 1121 2233 Galli
1150 2199 1359 2244 stipendiarii
1382 2200 1427 2236 ad
1444 2200 1616 2236 Urselium
1630 2203 1746 2236 trans-
1813 2237 1817 2242 ,

1077 2250 1159 2279 eunt
1174 2245 1230 2288 75,
1245 2247 1280 2281 3.

1033 2291 1126 2326 Gule
1142 2292 1220 2336 152,
1238 2292 1293 2327 17.

1365 2371 1404 2406 H

1031 2427 1206 2463 Heraclea
1221 2427 1361 2462 Pontica
1375 2396 1433 2472 93,
1447 2429 1505 2465 21.

1033 2473 1204 2508 Honorati
1220 2474 1275 2516 19,
1291 2475 1346 2509 17.
1550 2479 1551 2482 ’

1377 2553 1396 2587 Ι

1034 2610 1126 2644 lberi
1137 2635 1148 2651 ‚
1162 2609 1282 2650 ,Iberia
1296 2609 1352 2650 56,
1365 2610 1400 2644 6.

1034 2655 1166 2700 Illyrici
1180 2655 1376 2700 metropolis
1390 2665 1478 2699 quae
1495 2653 1572 2693 102,
1592 2652 1645 2689 15.

1039 2702 1276 2738 Immortalium
1291 2700 1438 2745 phalanx
1454 2711 1543 2745 quae
1559 2703 1595 2734 et
1607 2709 1674 2745 qua
1691 2709 1749 2733 oc-

1086 2748 1222 2782 casione
1236 2746 1383 2781 conflata
1401 2747 1478 2790 133,
1499 2747 1551 2780 19.

1038 2794 1228 2839 Imperator
1242 2791 1447 2836 Bryennium
1462 2803 1483 2825 a
1498 2791 1615 2826 Bor-ila
1629 2801 1753 2824 excae·

1085 2845 1200 2920 ἷῖιὸιιηί
1228 2837 1420 2873 consolatur
1450 2842 1487 2873 et
1518 2836 1615 2873 bonis
1647 2839 1753 2882 auget

1152 2911 1164 2931 ‚
1205 2909 1215 2920 .
