1878 3262
249 187 342 236 184
879 189 1069 232 NOTAE

341 299 384 332 10
407 307 578 342 aquarum
597 297 837 343 surgentium]
868 296 1138 331 scaturientium.
1174 296 1405 332 Poroecctms:
1435 309 1453 333 e
1471 302 1591 344 questa
1608 302 1710 344 parte

245 346 294 379 Ῑια
312 356 360 378 un
376 354 473 377 muro
493 343 619 388 doppio
631 368 639 382 .
672 344 743 378 cio&
771 354 888 385 muro,
912 348 946 377 et
964 343 1202 387 antemurale,
1225 348 1258 378 ct
1281 342 1344 378 oo’l
1354 346 1449 389 fosso
1465 345 1548 390 pien
1565 345 1710 390 amque,

245 392 305 426 che
326 390 482 435 risorge,
506 394 540 424 et
561 390 665 424 rende
684 390 713 424 il
733 390 842 435 luogo
855 390 1072 450 fortissimo&

336 470 379 504 11
408 470 576 514 Ulanga]
599 469 712 503 Locus
727 469 788 503 ubi
803 468 881 503 olim
898 468 1030 503 exstitit
1044 468 1162 503 domus
1176 467 1358 502 Andronici
1372 468 1520 512 tyranni.
1565 469 1710 505 Nicetes

243 514 277 549 in
292 514 385 549 Man.
402 515 425 549 l.
442 515 464 549 4
479 527 511 550 n.
530 516 569 550 2:
597 514 661 549 καὶ
684 513 787 559 παρὰ
815 513 930 557 δόξαν
948 512 1178 559 Ἀνδρόνικος
1199 513 1251 553 εἰς
1270 512 1339 548 τὸν
1358 514 1496 548 οἰκεῖον
1518 513 1619 551 οἶκον
1638 528 1708 550 ποι-

246 558 411 603 ρελθοόν,
447 557 491 601 ὃς
516 561 585 595 τοῦ
612 560 759 605 Βλάγγοι
783 558 1025 604 ἐπικέκληται.
1070 559 1219 594 meminit
1241 571 1322 594 vero
1346 564 1466 604 portus
1491 561 1536 594 ad
1549 561 1710 596 Blancam

242 607 472 651 Pachymeres
488 607 511 641 l.
527 607 548 641 5
577 619 607 641 c.
629 609 690 642 10:
728 606 771 642 τὸ
800 606 884 650 περὶ
909 604 976 642 τὸν
1004 604 1151 652 Battyna
1177 603 1426 641 κοντόσκαλον
1455 603 1710 651 ἀνοικοδομεῖν

243 648 393 697 ἤθελεν.
439 653 526 687 adde
542 653 671 688 Ducam
688 665 717 688 c.
735 654 779 689 39
794 665 829 700 p.
850 652 926 688 159.

338 734 382 768 12
404 733 465 767 ubi
487 733 637 778 Graeci]
662 733 792 768 Eadem
816 733 919 767 habet
933 733 1158 768 Porcacchus.
1204 744 1274 768 rem
1291 744 1372 768 vero
1389 736 1506 769 narrat
1519 733 1664 770 Nicetas
1677 734 1713 769 in

242 778 337 814 Man.
353 779 376 814 l.
394 781 413 814 1
429 791 463 813 n.
478 780 511 815 5.
558 780 647 815 adde
661 780 755 814 Petr.
771 779 922 814 Cluniac.
938 779 961 814 l.
979 780 1001 814 6
1016 779 1114 824 epist.
1135 780 1190 814 16.

337 848 381 882 13
405 847 628 893 Condoscali]
646 847 919 890 Contoscalium;
936 847 1017 882 nihil
1033 847 1125 882 aliud
1141 851 1195 882 est
1210 858 1307 893 quam
1323 859 1432 893 parva
1446 848 1558 892 scala;
1576 847 1711 884 κοντόν

242 893 330 928 enim
355 894 499 928 Graecis
524 905 672 939 parvum
698 897 807 927 sonat.
856 894 1106 928 Contoscalium
1131 894 1235 938 igitur
1251 892 1406 937 νεώριον
1421 894 1485 928 fuit
1500 906 1604 941 supra
1619 907 1711 930 mare

240 939 463 985 Propontidis
475 967 485 984 ‚
518 940 613 973 cuius
638 939 735 973 situm
763 939 922 974 discimus
951 952 994 974 ex
1023 944 1120 985 porta
1136 951 1223 985 quae
1239 940 1417 973 etiamnum
1431 940 1531 975 hodie
1544 953 1564 975 a
1579 942 1711 985 neor-io,

242 986 296 1019 cui
322 985 508 1027 adhaeret,
542 996 662 1019 nomen
691 986 852 1031 sumpsit,
885 990 920 1019 et
946 991 1047 1031 porta
1075 986 1284 1020 Contoscalii
1305 985 1438 1020 dicitur.
1487 987 1609 1021 etenim
1635 988 1711 1032 ipsa

241 1034 342 1076 porta
354 1058 364 1075 ‚
396 1035 434 1064 ut
457 1031 506 1064 ait
529 1031 754 1066 Leunclavius
776 1032 810 1065 in
836 1032 946 1066 Pand.
964 1043 997 1066 n.
1014 1033 1084 1066 200
1102 1032 1196 1065 velut
1211 1032 1301 1065 intra
1317 1031 1425 1065 sinum
1441 1033 1616 1076 quemdam
1630 1035 1712 1068 abs-

242 1077 334 1111 cedit
356 1086 479 1109 versus
503 1077 643 1118 urbem,
677 1080 712 1110 et
736 1078 778 1111 ab
805 1077 913 1112 altera
938 1081 1039 1122 parte
1060 1078 1246 1122 proximum
1271 1078 1335 1111 sibi
1359 1081 1496 1123 portum
1520 1079 1623 1113 habet
1647 1091 1711 1124 pro

241 1121 434 1156 triremibus
448 1122 482 1155 in
500 1132 591 1155 mare
606 1132 644 1155 se
659 1123 890 1166 porrigentem
902 1149 912 1165 ‚
944 1127 979 1157 et
993 1135 1088 1156 muro
1108 1123 1357 1157 circumdatum.
1406 1123 1615 1159 Contoscalii
1640 1137 1712 1160 me-

239 1167 336 1202 minit
350 1167 577 1212 Pachymeres
593 1167 616 1201 Ι.
634 1168 654 1201 5
672 1179 701 1200 c.
722 1170 775 1212 10,
809 1168 1066 1203 Cantacuzenus
1081 1169 1104 1204 l.
1120 1170 1144 1204 4
1159 1181 1189 1204 c.
1208 1171 1263 1212 11,
1296 1169 1468 1204 Phranzes
1483 1170 1506 1204 l.
1522 1172 1545 1206 3
1560 1183 1590 1208 c.
1607 1173 1648 1207 11
1676 1175 1713 1207 et

241 1213 390 1248 eodinus
405 1213 441 1246 in
457 1213 554 1258 Orig.
574 1225 609 1258 p.
625 1213 670 1247 54
685 1213 841 1249 editionis
856 1214 983 1259 regiae.

335 1281 378 1316 14
401 1282 558 1325 Arsena]
584 1281 732 1316 Sanutas
751 1282 773 1315 l.
789 1284 812 1319 2
835 1285 923 1327 part.
941 1282 964 1318 4
987 1294 1017 1317 c.
1037 1284 1080 1318 12
1103 1283 1153 1317 ait
1174 1284 1344 1319 Arsenam
1367 1284 1567 1329 vulgariter
1591 1286 1712 1320 vocari

240 1327 351 1361 locum
381 1327 442 1361 ubi
467 1332 688 1362 conservatur
714 1329 911 1373 navigium.
960 1329 1169 1363 Sansovinus
1192 1330 1227 1364 in
1250 1330 1397 1365 Venetia
1419 1330 1442 1364 l.
1459 1331 1480 1365 8
1504 1329 1623 1365 dietam
1637 1331 1713 1366 vult

239 1373 338 1418 quasi
362 1385 476 1408 arcem
505 1378 657 1408 senatus.
701 1374 763 1408 sed
790 1386 834 1408 an
859 1386 960 1414 vere,
991 1375 1051 1408 alii
1072 1375 1232 1410 iudicent.
1276 1376 1478 1411 Arsenalem
1500 1375 1713 1421 Cpolitanum

239 1419 409 1453 exstruxit
425 1420 635 1465 Theophilus
649 1420 730 1465 imp.
747 1420 926 1454 Michaelis
941 1420 1052 1462 filius,
1083 1421 1132 1454 uti
1148 1422 1248 1456 docet
1261 1421 1457 1467 inscriptio,
1487 1433 1586 1468 quam
1609 1423 1714 1458 habet

238 1464 417 1499 Theuetus
432 1465 455 1499 l.
475 1467 517 1500 19
550 1466 727 1511 Cosmogr.
745 1477 776 1500 c.
793 1466 814 1501 5
832 1470 868 1500 et
883 1478 984 1501 exseo
1003 1467 1174 1502 Gruterus
1189 1480 1223 1513 p.
1241 1469 1319 1512 169,
1334 1469 1368 1503 3.

95 1529 127 1563 Ρ
155 1521 221 1568 133
338 1533 381 1568 15
405 1534 596 1568 Iustiniani
610 1534 813 1579 palatium]
838 1535 894 1569 De
908 1546 974 1581 quo
990 1547 1053 1570 nos
1067 1537 1144 1570 fuse
1157 1535 1203 1570 ad
1218 1535 1383 1571 Villhard.
1397 1547 1430 1571 n.
1445 1537 1501 1571 85.

331 1602 375 1636 16
397 1602 539 1636 ecclesia
556 1602 680 1647 Enea]
705 1602 818 1637 Aedes
840 1603 918 1637 τῶν
943 1600 1051 1638 ἐννέα
1073 1602 1292 1648 ταγμάτων,
1321 1615 1442 1638 novem
1462 1605 1622 1640 ordinum
1643 1618 1711 1641 an·-

238 1647 419 1693 gelowm,
450 1647 494 1682 de
512 1659 579 1693 qua
604 1647 770 1691 Scylitzes
786 1660 821 1693 p.
838 1650 917 1683 808.
947 1648 1100 1683 Zonaras
1115 1663 1149 1695 p.
1167 1649 1247 1684 214.
1282 1650 1512 1685 Cantacuzen.
1528 1650 1551 1684 l.
1566 1653 1589 1686 3
1605 1663 1637 1687 c.
1653 1654 1710 1688 88.

237 1695 282 1728 ab
306 1694 372 1728 hac
393 1693 483 1728 aede
501 1697 604 1740 porta
627 1693 721 1729 urbis
746 1694 858 1729 vicina
885 1691 1108 1739 Ἀσωμοὶτων
1138 1695 1231 1730 dicta
1254 1695 1363 1730 eidem
1386 1695 1624 1733 Cantacuzeno
1647 1698 1671 1733 l.
1689 1700 1709 1734 1

238 1750 269 1774 c.
293 1739 351 1775 53.

332 1809 377 1843 17
400 1810 596 1853 speculum]
620 1809 742 1843 Turris
767 1810 860 1844 forte
885 1810 934 1843 ad
961 1810 1206 1854 speculandum
1235 1811 1350 1846 hostes
1372 1811 1416 1845 de
1434 1811 1538 1857 longe
1553 1811 1712 1847 confecta

237 1865 317 1933 {seut
326 1854 500 1934 ροῐιίἳυεδ,
537 1852 1024 1936 σιξῖνταπύὲἷὲονᾶραῐοῑίιιω,
1055 1860 1159 1910 antea
1183 1857 1390 1936 I-szgnaufia
1415 1858 1714 1939 appel-latum‚fizii{

236 1911 642 1992 {fissrssrpssimpjffgffl
653 1913 742 1980 &aad
757 1912 1108 1992 ..0031‘51‘1133533
1122 1913 1344 1993 ξξῖὲὲῑὲξθῖ..
1361 1914 1465 1994 effi.
1477 1915 1563 1983 ¹322..-
1575 1915 1712 1993 ἕξίωῆ.

237 1991 299 2025 vix
323 1992 409 2026 enim
433 1999 549 2037 putem
565 1992 859 2027 Bondelmontium
876 1993 982 2026 hocce
995 1994 1160 2028 vocabulo
1176 1994 1346 2028 indicasse
1359 1995 1530 2040 publicum
1544 1995 1710 2038 balneum,

238 2037 301 2117 gii.
317 2035 528 2083 κάτοπτρον
552 2050 673 2073 nomen
699 2039 766 2073 fuit
778 2066 790 2083 ‚
822 2051 844 2074 a
859 2039 1083 2074 Constantino
1100 2040 1335 2085 aedificatum,
1369 2040 1414 2075 de
1427 2052 1495 2086 quo
1512 2041 1660 2076 eodinus
1673 2041 1709 2076 in

273 2094 336 2128 ng.

332 2152 375 2187 18
394 2153 537 2198 portula
556 2155 797 2199 imperatoris]
821 2153 955 2188 Eadem
981 2154 1092 2196 forte,
1123 2165 1210 2199 quae
1234 2155 1346 2190 vicina
1367 2155 1434 2189 fuit
1460 2155 1536 2190 aedi
1550 2155 1710 2202 deiparae

237 2194 502 2243 Ὁᾶηγητρίας,
535 2202 570 2232 et
594 2200 673 2234 inde
695 2198 806 2244 μικροὶ
828 2197 925 2244 πύλη
944 2199 1011 2244 τῆς
1027 2196 1272 2245 εΟδηγηττρίοιςς
1296 2201 1418 2235 dicitur
1432 2201 1551 2236 Ducae
1565 2213 1596 2237 c.
1614 2203 1655 2236 11
1671 2205 1710 2235 et

238 2244 297 2287 39,
318 2244 374 2289 qui
390 2255 464 2278 eam
480 2244 610 2279 diserte
626 2247 748 2280 statuit
761 2247 853 2280 inter
867 2246 1052 2290 acropolim
1068 2251 1103 2280 et
1118 2258 1275 2291 magnum
1291 2247 1466 2293 palatium.
1513 2250 1572 2281 aut
1592 2247 1709 2292 potius

238 2300 278 2323 ea
299 2294 401 2335 porta
413 2318 424 2335 ‚
456 2301 545 2369 quae
568 2290 736 2336 βασιλική
761 2296 976 2337 nuncupatur
990 2293 1033 2326 ab
1048 2292 1166 2326 eodem
1183 2294 1280 2327 Duca
1296 2306 1327 2328 c.
1344 2295 1389 2329 38
1404 2305 1439 2339 p.
1457 2292 1522 2328 155
1537 2295 1574 2326 et
1591 2294 1658 2328 166
1673 2295 1709 2327 et

237 2335 449 2379 Pachymere
481 2361 490 2370 .
509 2338 551 2371 12
567 2349 598 2372 c.
614 2339 668 2379 15,
691 2338 714 2372 Ι.
730 2338 772 2372 13
789 2349 818 2373 c.
835 2339 868 2372 8.
915 2338 1082 2372 maritima
1097 2350 1229 2384 nempe,
1260 2351 1324 2384 per
1347 2350 1446 2383 quam
1468 2339 1649 2384 imperator
1663 2350 1708 2373 ex

235 2381 363 2425 palatio
386 2382 429 2415 ad
455 2393 548 2416 mare
570 2395 689 2417 navem
712 2383 926 2427 ingressurus
949 2384 1190 2420 descendebat.
1243 2385 1447 2420 describitur
1467 2384 1526 2418 illa
1549 2395 1570 2418 a
1593 2384 1706 2429 Tyrio

237 2427 260 2459 l.
278 2429 324 2462 20
342 2439 372 2463 c.
389 2427 446 2463 25.
494 2428 580 2463 adde
594 2431 724 2463 Annam
739 2441 773 2475 p.
788 2429 867 2464 443.

330 2497 373 2531 19
396 2497 558 2532 immenso
575 2497 733 2542 palatio]
756 2498 930 2543 Magnum
946 2500 1122 2544 palatium
1137 2499 1313 2544 intelligit,
1337 2498 1427 2545 quod
1444 2498 1706 2533 constantinia-

237 2551 320 2575 num
336 2543 488 2587 appellat
503 2544 645 2587 Tyrius.
692 2543 774 2578 vide
788 2550 888 2578 notas
906 2545 948 2579 ad
966 2545 1130 2580 Villhard.
1149 2547 1215 2582 123
1230 2553 1266 2580 et
1281 2545 1324 2580 ad
1338 2547 1467 2588 Annam
1482 2555 1517 2589 p.
1534 2545 1589 2580 66.

327 2610 374 2644 20
394 2612 455 2645 via
474 2612 570 2646 mille
591 2613 847 2656 columnarum]
872 2612 999 2647 Forum
1023 2613 1223 2659 intelligitur
1239 2614 1330 2659 quod
1344 2615 1585 2658 Augustaeum
1599 2623 1707 2647 voca-

237 2656 338 2699 bant,
357 2658 392 2688 et
407 2657 568 2691 columnis
585 2658 795 2702 cingebatur.
821 2659 1010 2715 Procopius
1024 2659 1046 2692 l.
1066 2662 1084 2695 1
1096 2660 1139 2694 de
1154 2660 1267 2695 Aedis.
1281 2660 1366 2694 lust.
1383 2657 1458 2694 ἔστι
1479 2656 1520 2693 δὲ
1539 2655 1564 2703 ἡ
1582 2655 1705 2704 ἀγορὰ

236 2699 310 2756 πρὸ
329 2700 405 2735 τῶν
422 2701 615 2747 βασιλείων
633 2705 866 2747 περίστυλος,
889 2707 1145 2750 Αυγουσταῖον
1160 2705 1313 2740 καλοῦσι
1326 2703 1395 2749 τὴν
1412 2702 1556 2749 οἷγορὰν
1575 2703 1612 2740 οὶ
1630 2706 1706 2739 Βυ-

236 2747 390 2789 ζαντιοι.
437 2747 517 2782 alibi
545 2760 564 2783 e
588 2749 729 2794 regione
750 2755 888 2786 senatus
906 2754 1137 2797 Augustaeum
1154 2751 1283 2787 statuit.
1331 2751 1364 2786 in
1380 2752 1402 2787 4
1417 2750 1577 2796 regione,
1606 2755 1706 2786 vetus
