1878 3262
246 180 305 223 IN
320 177 627 223 NICEPHORI
641 176 910 224 BRYENNII
927 177 1168 223 COMMEN
1171 178 1222 221 T.
1237 178 1440 221 NOTAE.
1511 179 1609 224 223

144 290 223 330 suit
243 289 287 330 A.
309 287 430 331 1142.
486 302 510 327 a
536 289 740 328 Bernardo
760 287 839 327 isto
862 287 1115 326 aedificatum
1134 286 1335 327 castellum
1351 287 1395 326 in
1411 287 1610 340 Briganti-

143 347 219 386 bus
236 346 363 385 tradit
373 344 410 396 1)
434 345 667 396 camdenus,
692 346 733 384 in
752 345 919 389 dioecesi
937 345 1201 394 Dunelmensi,
1222 345 1274 383 ad
1294 345 1423 383 Tesim
1441 358 1607 395 amnem,

144 403 253 455 quod
274 417 296 441 a
317 403 523 442 conditore
541 403 736 442 Bernardj
766 408 962 452 castrum,
991 403 1204 441 vernacule
1233 408 1366 440 autem
1393 401 1609 440 Bernard-

149 461 285 500 Cas-tle
315 467 591 512 nuncupatum
620 465 690 498 est.
746 458 950 497 Bernardo
968 457 1014 511 2)
1050 473 1156 498 uxor
1188 459 1266 498 fuit
1297 459 1519 508 Mathildis,
1557 472 1610 497 ex

144 530 223 568 qua
241 517 384 555 liberos
399 517 559 556 sustulit
590 517 887 568 Ingerrannum,
914 515 1139 567 Widonem,
1166 515 1421 555 Eustachium
1449 523 1490 555 et
1506 516 1606 555 Ber-
1628 520 1658 555 P
1681 519 1750 556 213

142 574 315 612 nardum
329 603 340 624 ‚
367 580 570 638 praeterea
598 573 832 612 Hatvvildim
866 573 1009 622 filiam,
1038 574 1098 612 uti
1129 578 1286 611 constat
1315 586 1366 611 ex
1397 573 1611 625 diplomate

78 649 87 656 ·
144 630 298 670 Warini
315 631 487 683 episcopi
505 630 774 669 Ambianensis
790 630 836 668 A.
858 631 979 679 1138,
998 643 1076 680 quo
1094 629 1256 668 antistes
1271 629 1336 668 ille
1354 629 1610 669 donationem

144 687 340 739 approbat
372 701 394 725 a
431 687 635 726 Bernardo
667 686 716 724 de
744 687 929 736 Balliolo,
971 687 1100 725 milite
1133 693 1320 736 sttemw,
1357 686 1610 743 quorundam

144 744 328 783 altarium
360 744 606 782 Cluniacensi
637 744 776 782 saetam
803 743 1058 790 monasterio:
1098 756 1297 782 assensum
1327 744 1609 795 praebentibus

141 800 335 839 Bernardi
361 801 571 852 fratribus,
606 801 690 852 ipsa
715 800 908 838 Mathilde
934 800 1115 851 coniuge,
1152 800 1360 850 liberisque
1386 800 1610 852 praedictis.

142 863 275 896 exstat
291 856 333 907 ³)
359 864 563 909 praeterea
579 857 751 896 eiusdem
767 857 959 895 Bernardi
973 857 1081 894 aliud
1102 857 1275 908 diploma
1290 857 1446 895 Parisiis
1467 870 1611 896 exara-

141 920 229 953 tum
257 927 391 952 coram
417 915 591 966 Eugenio
620 928 774 952 summo
807 913 995 966 pontifice
1024 919 1065 951 et
1089 926 1178 964 rege
1203 913 1395 951 Franciae
1422 914 1464 952 in
1490 914 1609 952 domo

140 971 280 1021 templi
309 969 356 1011 A.
377 972 484 1014 1146
509 985 588 1022 quo
615 971 768 1009 reditus
796 970 988 1020 quosdam
1016 970 1058 1008 in
1085 970 1220 1021 Anglia
1238 970 1430 1008 fratribus
1449 970 1611 1008 militiae

141 1028 279 1078 templi
297 1027 482 1079 assignat,
512 1029 751 1079 ingerranno
769 1026 852 1065 filio
874 1027 1116 1065 concedente
1141 1033 1181 1065 et
1201 1027 1482 1065 consentiente.
1539 1026 1612 1065 In-

137 1087 336 1135 gerranni
364 1085 513 1122 nullam
543 1085 710 1135 amplius
738 1084 979 1122 mentionem
1010 1084 1097 1122 fieri
1131 1083 1341 1134 comperio.
1402 1081 1534 1122 lVido
1562 1080 1611 1133 ⁴2)

141 1153 257 1191 vero,
286 1141 476 1179 Bernardi
494 1140 598 1179 filius
615 1141 736 1190 alter,
766 1140 978 1179 subscribit
993 1140 1167 1191 diploma
1187 1140 1347 1178 Henrici
1365 1139 1382 1177 1
1402 1139 1504 1191 regis
1524 1137 1611 1178 An-

140 1197 237 1248 gliae
259 1211 333 1248 pro
354 1199 394 1236 S.
413 1197 590 1237 vulmari
608 1197 847 1236 monasterio
867 1197 911 1235 in
935 1196 1172 1235 Bononiensi
1195 1197 1395 1235 comitatu.
1451 1197 1610 1234 Eusta-

140 1253 226 1291 cleia·
259 1253 333 1303 5),
374 1254 568 1292 Bernardi
606 1253 772 1306 perinde
807 1253 900 1304 filii,
937 1253 1116 1292 meminit
1150 1252 1290 1292 charta
1319 1252 1475 1291 loannis
1508 1252 1609 1303 regis

139 1310 300 1361 Angliae
336 1310 378 1348 in
417 1310 633 1349 Monastico
667 1310 892 1362 Anglicano.
949 1309 1192 1348 Bernardas
1218 1309 1406 1361 denique,
1445 1309 1610 1348 ultimus

138 1367 333 1406 Bernardi
349 1367 367 1404 1
391 1366 518 1416 filius,
546 1381 620 1419 pro
640 1367 812 1406 Henrico
830 1367 864 1405 Π
886 1365 1047 1418 Angliae
1064 1380 1154 1418 rege
1173 1372 1314 1405 contra
1330 1365 1486 1404 eosdem
1509 1367 1617 1404 Sco-

139 1430 203 1462 tos
228 1423 431 1462 dimicavit
449 1424 523 1462 sub
542 1424 589 1463 A.
612 1423 732 1473 1174,
757 1424 816 1462 uti
831 1423 1012 1475 produnt
1029 1424 1206 1475 Rogerus
1222 1422 1463 1463 Hovedenus
1484 1428 1525 1461 et
1543 1422 1609 1461 Io-

140 1493 261 1518 annes
283 1482 572 1532 Bromptonus,
603 1481 671 1531 qui
690 1480 894 1519 Bernardo
914 1482 996 1519 viri
1019 1481 1168 1519 nobilis
1186 1487 1222 1518 et
1245 1480 1503 1532 magnanimi
1522 1478 1608 1517 elo-

138 1538 245 1588 gium
281 1537 435 1575 tribuit.
493 1537 742 1576 Bernardum
775 1537 884 1575 hunc
915 1551 939 1575 a
965 1537 1098 1589 priore
1125 1537 1327 1576 diversum
1357 1548 1439 1574 esse
1466 1535 1608 1574 suadet

138 1600 362 1645 temporum
380 1594 504 1642 ratio,
534 1594 643 1645 quod
667 1595 785 1632 etiam
805 1594 933 1645 arguit
949 1593 1142 1632 Bernardi
1157 1593 1192 1632 ΙΙ
1215 1593 1411 1644 diploma,
1440 1604 1519 1642 quo
1539 1604 1608 1629 ec-

138 1651 272 1689 clesias
299 1651 349 1689 de
373 1651 539 1689 castello
558 1651 750 1690 Bernardi
772 1656 814 1689 et
836 1651 886 1689 de
907 1650 1111 1689 Mideltun
1137 1655 1296 1689 sanctae
1326 1648 1472 1688 Mariae
1499 1648 1608 1687 Ebo-

138 1707 291 1746 racensi
310 1709 549 1747 monasterio
566 1708 769 1758 concedit,
798 1721 905 1759 quaa
929 1715 1102 1760 tempore
1118 1709 1257 1760 patris
1278 1708 1344 1744 sui
1350 1707 1490 1756 fuisse
1510 1711 1608 1742 tan-

139 1771 228 1800 tam
256 1764 436 1814 capella-5·
464 1764 531 1807 ait.
588 1778 639 1803 ex
666 1764 728 1802 his
755 1765 859 1802 enim
886 1764 1012 1814 liquet
1041 1778 1122 1802 non
1151 1765 1200 1802 ab
1224 1764 1292 1802 illo
1314 1762 1519 1800 conditum
1538 1774 1608 1798 ea·-

139 1825 270 1858 strum
287 1820 500 1869 Bernardi‚
529 1821 598 1859 sed
619 1836 641 1858 a
658 1827 842 1872 parente,
873 1833 990 1871 quem
1018 1821 1188 1860 abavum
1212 1820 1370 1858 Ioannis
1398 1820 1608 1856 Scotorum

137 1877 238 1927 regis
256 1882 375 1915 vocat
394 1877 626 1915 Camdenus.
667 1877 893 1914 floruerunt
911 1883 1115 1927 praeterea
1135 1877 1177 1915 in
1197 1875 1334 1927 Anglia
1361 1876 1438 1913 ista
1469 1875 1607 1922 ferme,

139 1946 217 1983 qua
235 1933 460 1971 Bernardus
476 1933 532 1982 ΙΙ,
565 1939 798 1985 tempestate
826 1933 997 1971 illustres
1015 1933 1169 1984 aliquot
1190 1946 1241 1971 ex
1260 1932 1475 1970 Balliolana
1492 1937 1608 1982 gente

138 1989 236 2037 viri,
266 2003 364 2040 quos
399 1990 448 2027 ab
478 1989 616 2028 eodem
650 1989 799 2041 stipite,
828 1989 907 2027 hoc
930 1995 1008 2038 est,
1039 2003 1060 2027 a
1078 1989 1281 2028 Bernardo
1305 1989 1322 2027 I
1346 1988 1410 2028 vel
1429 1988 1562 2040 potius
1583 2000 1607 2024 a

138 2046 333 2084 Bernardi
359 2053 544 2097 parente,
573 2052 787 2098 prognatos
818 2046 1009 2084 coniicere
1039 2052 1119 2086 est:
1154 2046 1346 2086 osbertus
1374 2042 1421 2098 6)
1450 2056 1605 2095 nempe,

139 2103 207 2153 qui
246 2103 319 2140 sub
354 2103 524 2154 Rogerio
553 2102 798 2143 Warva'censi
837 2103 980 2140 comite
1016 2102 1177 2153 floruit,
1221 2102 1491 2151 Guillelmus,
1532 2100 1605 2138 sub

138 2160 171 2197 T
174 2160 326 2198 urstmo
345 2160 580 2197 Eboracensi
597 2160 793 2207 antistite,
824 2149 1043 2197 Ιοεοεῖιηιιε
1059 2160 1226 2211 denique
1242 2165 1283 2196 et
1304 2157 1393 2198 Odo
1415 2155 1463 2194 de
1478 2157 1606 2195 Bail-

139 2216 524 2254 leul.10scelinum
549 2215 594 2266 ⁷)
623 2230 714 2255 cum
741 2216 879 2254 ceteris
905 2215 1064 2267 Angliae
1092 2216 1339 2269 proceribuS,
1374 2214 1454 2278 ‘qui
1478 2213 1605 2252 avitas

138 2273 376 2323 Anglorum,
405 2278 454 2311 ut
470 2273 738 2324 appellabant,
767 2273 1060 2311 observationes
1076 2274 1290 2312 tuebantur
1305 2271 1455 2319 acrius,
1485 2270 1604 2307 sacris

138 2329 348 2368 interdixit
380 2329 422 2368 d.
450 2329 622 2368 Thomas
651 2329 938 2368 cantuariensis
968 2330 1296 2383 archiepiscopus.
1360 2332 1604 2365 memoratur

138 2385 204 2424 ille
238 2386 280 2423 in
310 2385 456 2425 tabulis
488 2386 641 2438 aliquot
668 2386 769 2438 regis
797 2386 958 2425 Henrici
984 2387 1017 2424 ll
1055 2388 1097 2426 in
1130 2385 1347 2426 Monastico
1376 2383 1603 2435 Anglicano.

220 2575 280 2619 ’1)
304 2577 342 2610 In
360 2575 445 2609 Brit.

230 2623 279 2662 2)
302 2622 460 2655 Biblioth.
478 2621 578 2655 Clun.

230 2667 279 2709 3)
303 2667 402 2700 Tom.
421 2669 443 2702 Ξ
459 2667 606 2701 Monast.
621 2666 752 2711 Anglic.

230 2712 276 2755 4)
299 2713 398 2747 Tom.
417 2715 435 2748 1
453 2719 488 2747 et
502 2715 523 2748 2
538 2713 686 2748 Monast.

234 2757 282 2799 5)
306 2759 404 2792 Tom.
419 2761 442 2794 2
482 2786 490 2793 .
507 2759 586 2796 510.

233 2802 281 2845 6)
305 2803 403 2837 Tom.
419 2806 442 2840 Ξ
481 2805 551 2838 lon.

234 2849 282 2893 7)
308 2849 404 2884 Ioan.
421 2851 550 2887 Sarisb.
566 2850 634 2896 Ep.
654 2849 736 2893 159,
759 2850 847 2885 Rad.
863 2848 907 2885 dc
922 2847 1055 2893 Diceto,
1078 2848 1213 2884 Hoved.
1231 2849 1356 2883 Baton.
1375 2847 1413 2882 A.
1436 2846 1536 2880 1167.
