1878 3262
277 207 376 253 216
757 202 979 246 IOANNIS
1014 201 1241 246 CINNAMI

277 324 435 373 σθημεν
451 312 605 371 λόγοις,
641 313 770 373 ἄνδρα
797 310 910 369 ἰσχύϊ
925 314 993 356 καὶ
1017 311 1133 371 ῥώμῃ
1154 313 1258 356 κατὰ
1280 314 1374 365 τοὺς
1397 311 1721 372 θρυλλουμένους

278 388 448 434 ἐκείνους
470 382 711 441 ἸΙρακλεῒς,
758 385 828 426 καὶ
855 384 1106 424 Βαλδουΐνον
1147 381 1216 425 τὸν
1249 384 1472 439 Μαρασίου
1503 380 1591 425 τότε
1620 399 1721 439 κρα-

275 458 435 496 τοῦντα.
501 451 651 509 προϊὼν
675 452 718 494 δὲ
744 452 811 494 καὶ
837 451 1128 508 Κωνσταντίνῳ
1153 454 1212 508 τῷ
1235 453 1308 505 τῆς
1325 451 1508 500 Κιλικίας
1533 451 1645 492 ὃουκὶ
1665 452 1722 500 εἷς

276 519 410 576 μάχην
436 520 630 575 κατέστη,
661 519 706 562 ὃν
735 517 984 574 Καλαμάνον
1010 515 1225 561 ἐπεκάλουν
1250 519 1430 569 νεανίαν,
1459 513 1535 572 ’τήν
1563 535 1606 560 τε
1624 517 1722 572 ὄψιν

226 601 259 636 D
283 589 429 645 ἀγαθῷ
443 589 509 629 καὶ
532 588 758 645 δραστηρίῳ
776 587 828 630 τὰ
844 589 884 637 ἒς
901 584 1049 642 μάχας.
1118 585 1222 628 ἀλλὰ
1240 588 1285 628 τὸ
1308 586 1382 640 μὲν
1400 589 1556 642 πρῶτον
1578 583 1719 640 ἥττητό
1731 596 1754 631 5

274 673 317 700 τε
347 656 451 699 κατὰ
476 654 623 712 κράτος
641 660 714 698 τοῦ
734 657 890 698 νεανίου
923 657 988 697 καὶ
1011 655 1239 708 ἀνηκέστοις
1264 653 1531 710 περιπέπτωκε
1558 670 1722 710 συμφο-

278 730 369 782 ραΐς
380 756 394 776 ,
428 721 512 766 εἶτα
528 722 628 780 τύχῃ
648 725 723 766 τινὶ
748 722 869 765 αὐτόν
890 740 931 765 τε
953 724 1019 764 καὶ
1033 720 1250 764 (Ρενάλδον
1268 722 1337 764 τὸν
1352 721 1588 774 Ἀντιοχείας
1604 722 1724 778 πρίγ-

275 810 373 835 κιπα
393 789 528 842 ἐἶλεν,
563 793 604 833 ἐν
626 789 686 841 οἷς
712 793 779 834 καὶ
809 790 830 832 ὃ
853 795 924 844 τῆς
953 791 994 832 ἒν
1026 792 1192 846 Φοινίκῃ
1217 787 1448 847 Τριπόλεως
1476 787 1724 844 ἡγεμονεύων

275 855 339 915 ἦν.
406 860 707 909 Κωνσταντῖνος
726 858 828 916 γάρ,
864 859 997 913 ἐπειδὴ
1019 862 1092 900 τοῦ
1108 859 1281 911 πολέμου
1301 856 1469 914 ἐκράτει,
1504 857 1632 899 οὐκέτι
1649 873 1725 898 κα-

275 926 420 976 θεκτὸς
443 921 513 981 ἦν,
549 927 640 969 ἀλλ’
665 928 860 984 ἀλογίστῳ
878 929 954 970 τινὶ
973 925 1101 982 τόλμῃ
1121 927 1403 979 καθυπαχθεὶς
1418 924 1458 974 ἴς
1473 942 1514 967 τε
1537 925 1609 980 τὴν
1628 926 1724 966 ὁίω-
1735 934 1780 970 10

277 997 337 1045 ξιν
354 995 400 1035 οὗ
419 994 492 1036 σὺν
511 993 707 1051 ἐπιστήμῃ
734 995 864 1038 πεσὼν
885 993 1005 1044 αὐτός
1023 1012 1063 1036 τε
1084 993 1168 1047 ἥλω
1192 996 1258 1035 καὶ
1279 994 1330 1035 τὰ
1342 991 1558 1046 ςΡωμαίων
1577 992 1725 1049 ἔσφηλε

278 1060 510 1118 πράγματα.
578 1060 598 1103 ὃ
626 1065 834 1119 Νουραὸὶν
861 1063 903 1104 δὲ
929 1064 996 1104 καὶ
1032 1061 1209 1118 Τερόζην
1239 1060 1351 1117 μάχῃ
1377 1060 1542 1115 νικήσας
1575 1061 1726 1102 ἐλπίσιν

137 1136 163 1172 Ρ
191 1139 256 1175 126
280 1130 418 1183 ὠχεῖτο
445 1128 499 1178 ὥς
524 1129 667 1171 αὐτίκα
691 1133 758 1172 καὶ
781 1135 853 1184 τῆς
871 1131 1109 1183 Ἀντιοχείας
1134 1128 1433 1184 ἕπιβήσόμενος.
1502 1128 1569 1170 διὰ
1597 1132 1726 1170 ταῦτα

274 1198 347 1251 μὲν
369 1191 439 1238 οὖν
456 1198 645 1250 βασιλεὺς
668 1200 733 1239 καὶ
753 1196 943 1254 πρότερον
964 1197 1100 1239 ὤδινεν
1125 1199 1188 1239 ἐπὶ
1214 1204 1297 1246 τοῖς
1315 1200 1558 1253 ξυμπεσοῦσι
1574 1198 1640 1238 καὶ
1662 1196 1726 1237 ἐπὶ

275 1264 347 1319 τὴν
367 1264 503 1306 Ἀσίαν
535 1266 752 1318 διαβαίνειν
782 1267 965 1307 διενοεῖτο
974 1296 988 1316 ‚
1033 1263 1121 1306 τότε
1159 1265 1200 1306 δ’
1231 1259 1300 1306 οὖν
1329 1268 1471 1320 καιροῦ
1503 1262 1725 1317 λαβόμενος
1737 1269 1780 1306 15

274 1333 525 1388 πασίρροπος
544 1334 583 1382 ἐς
600 1337 717 1374 τοῦτο
739 1333 915 1389 ἐφέρετο.
985 1332 1088 1374 ἀλλὰ
1105 1334 1172 1374 καὶ
1191 1331 1311 1374 πάλιν
1331 1332 1382 1373 τὰ
1401 1333 1443 1373 ἔκ
1467 1335 1539 1386 τῆς
1556 1330 1727 1388 ἑσπέρας

274 1399 459 1453 ἐμποδὼν
487 1399 598 1457 αὐτῷ
622 1400 805 1455 ἔστησαν.
874 1399 896 1442 ὅ
928 1417 969 1443 τε
996 1401 1072 1456 γὰρ
1101 1401 1188 1449 νέος
1213 1397 1406 1442 Παιόνων
1434 1398 1507 1456 ῥὴξ
1527 1403 1598 1441 τοῦ
1615 1402 1727 1441 Bam

274 1469 342 1510 καὶ
372 1466 491 1509 πάλιν
523 1467 732 1521 ε’πεβάτευε
764 1466 913 1524 κλήρου
941 1470 1008 1515 καὶ
1026 1466 1290 1524 παρεσπόνδει
1317 1469 1384 1509 καὶ
1401 1466 1489 1510 τότε
1509 1467 1727 1524 περιφανέ-

273 1551 422 1585 στατα,
457 1537 523 1576 καὶ
543 1538 770 1592 Στέφανος,
806 1536 850 1577 ὃν
874 1535 952 1589 ἤδη
978 1540 1050 1589 τῆς
1071 1536 1197 1591 ἀρχῆς
1217 1534 1447 1577 ἀπεώσαντο
1474 1530 1640 1586 Οῧννοι,
1665 1533 1723 1576 δι’

263 1600 477 1656 -Ἀγχιάλου
498 1600 650 1652 πόλεως
667 1605 729 1645 ἐπὶ
750 1603 821 1657 τὴν
841 1601 1035 1656 Οὗννικήν
1052 1607 1179 1644 ποθεν
1202 1603 1418 1659 παρεισδὺς
1435 1603 1725 1644 ἀνακαλεῖσθαι
1734 1613 1780 1649 20

273 1669 346 1723 τὴν
366 1669 492 1726 ἀρχὴν
512 1672 708 1712 διενοεῖτο.
773 1670 896 1713 ἔλαθε
927 1671 971 1712 δὲ
991 1671 1299 1726 προπετέστερον
1326 1674 1480 1723 μᾶλλον
1508 1669 1536 1724 ἢ
1566 1687 1725 1727 προμη-

271 1738 463 1794 θέστερον
482 1742 539 1795 τῷ
558 1737 762 1794 πράγματι
781 1736 1094 1794 ἔπικεχωρήκώς.
1162 1735 1216 1787 ὥς
1231 1738 1309 1794 γὰρ
1328 1737 1492 1794 περιιών
1512 1742 1592 1780 τῶν
1618 1737 1726 1780 Οὕν-

362 1852 396 1889 4.
418 1853 591 1898 νεανίαν]
614 1854 730 1888 Malim
755 1853 904 1900 νεανίᾳ,
927 1853 962 1887 id
979 1855 1016 1887 ut
1035 1854 1253 1900 sequentibus
1267 1854 1438 1899 iungatur.
1573 1854 1631 1890 22.
1648 1852 1725 1890 ἐπι-

363 1897 594 1945 κεχωρηκαίς]
622 1900 736 1934 Malim
753 1897 1037 1944 ἕπικεχειρηκώς.

269 2000 505 2042 truncaverat,
530 2011 614 2044 quos
630 2000 716 2033 inter
731 1999 797 2033 suit
820 1999 1026 2033 Raimundus
1042 1999 1258 2044 Pictavinus,
1282 2000 1375 2035 cuius
1392 2001 1424 2035 in
1445 2000 1614 2046 prioribus
1629 2001 1724 2036 libris

271 2045 404 2078 abundo
421 2046 642 2086 meminimus,
665 2046 718 2079 vir
745 2045 851 2079 animo
870 2049 904 2078 et
920 2045 1115 2079 fortitudine
1130 2048 1241 2090 prisco
1269 2046 1314 2079 illi
1331 2047 1469 2080 Herculi
1485 2058 1568 2092 par,
1592 2052 1627 2080 et
1641 2047 1726 2080 Bal-

272 2089 392 2122 duinus
419 2089 587 2124 Marasiae
610 2091 774 2124 dominus.
829 2101 1030 2135 progressus
1056 2096 1167 2125 autem
1195 2103 1310 2125 manus
1334 2092 1431 2125 etiam
1459 2092 1626 2126 conseruit
1649 2103 1724 2126 cum

273 2134 494 2168 Constantino
520 2136 658 2169 Ciliciae
680 2136 784 2177 duce,
817 2147 914 2181 quem
939 2136 1154 2170 Calamanum
1179 2137 1332 2172 iuvenem
1354 2138 1542 2178 vocabant,
1566 2138 1725 2181 egregiae

272 2179 403 2213 formae
431 2180 525 2224 viro,
552 2186 586 2214 et
611 2181 645 2213 in
671 2193 709 2214 re
734 2181 866 2214 militari
891 2181 1065 2215 admodum
1089 2188 1240 2217 strenuo.
1288 2194 1403 2216 verum
1419 2182 1476 2215 ille
1491 2193 1564 2216 cum
1579 2183 1620 2215 ab
1636 2182 1723 2215 ado-

270 2223 421 2258 lescente
434 2225 572 2269 primum
590 2226 720 2258 omnino
736 2227 855 2260 fuisset
870 2231 1046 2270 superatus
1058 2252 1068 2268 ,
1092 2227 1126 2260 in
1148 2227 1360 2271 gravissimas
1376 2227 1580 2261 calamitates
1594 2227 1722 2261 incidit.

271 2269 393 2303 deinde
408 2275 500 2304 sorte
517 2271 629 2315 aliqua
645 2271 831 2305 Renaldum
848 2272 1043 2305 Antiochiae
1061 2273 1262 2318 principem,
1285 2284 1411 2306 necnon
1427 2277 1462 2306 et
1476 2272 1722 2316 Tripolitanum

268 2313 302 2348 in
318 2315 501 2350 Phoenicia
525 2316 675 2349 comitem
701 2316 801 2360 cepit.
849 2317 909 2350 sed
937 2317 1021 2350 enim
1044 2317 1303 2359 Constantinus,
1337 2318 1399 2351 hac
1421 2317 1544 2361 adepta
1565 2317 1722 2362 victoria,

273 2361 445 2394 continere
462 2372 499 2394 se
515 2372 579 2394 non
596 2361 713 2405 potuit,
741 2366 775 2394 et
795 2361 1043 2395 inconsiderata
1059 2363 1201 2408 quadam
1216 2364 1372 2407 abreptus
1388 2362 1526 2396 audacia
1542 2362 1721 2408 victosque

272 2410 400 2440 temere
420 2406 609 2447 insecutus,
635 2411 668 2439 et
693 2407 766 2449 ipse
782 2413 900 2450 captus
929 2413 981 2441 est
1004 2419 1124 2452 resque
1141 2409 1307 2442 Romanas
1323 2407 1477 2453 perdidit.
1524 2409 1720 2443 Nuradinus

271 2460 355 2484 vero
372 2455 410 2484 ut
425 2452 592 2485 Torosum
609 2451 748 2496 perinde
761 2451 954 2496 superavit,
978 2454 1174 2487 Antiochiae
1191 2465 1265 2486 mox
1279 2453 1486 2486 invadendae
1502 2464 1595 2497 spem
1611 2454 1720 2488 animo

271 2496 443 2530 volvebat.
492 2508 534 2530 ea
547 2497 652 2540 igitur
669 2502 808 2541 propter
822 2497 1001 2541 imperator
1014 2498 1054 2531 iis
1075 2500 1206 2532 casibus
1221 2499 1412 2540 indignatus
1427 2498 1459 2531 in
1474 2499 1586 2531 Asiam
1603 2499 1722 2534 statuit

270 2542 433 2582 transire,
458 2546 661 2588 captataque
687 2543 729 2575 ad
744 2542 777 2575 id
794 2542 969 2576 occasione
985 2548 1074 2576 totus
1089 2543 1122 2576 in
1139 2545 1172 2577 id
1188 2543 1314 2578 consilii
1328 2543 1487 2578 incubuit.
1535 2544 1595 2578 sed
1612 2545 1719 2578 obsti-

269 2588 343 2618 tere
365 2586 455 2619 allati
476 2598 607 2620 rursum
635 2599 678 2620 ex
695 2587 880 2621 Occidente
905 2599 1068 2622 rumores:
1092 2600 1198 2623 novus
1214 2589 1268 2634 qui
1294 2599 1335 2632 pe
1350 2588 1546 2631 Hungariae
1559 2601 1621 2623 rex
1637 2591 1720 2624 hae-

270 2630 450 2665 reditarias
486 2632 591 2666 Belae
618 2635 845 2676 possessiones
875 2633 992 2666 iterum
1026 2634 1169 2675 invasit,
1205 2600 1395 2667 foederibus
1424 2639 1542 2678 aperte
1571 2635 1718 2669 violatis.

270 2675 351 2720 quin
367 2681 400 2709 et
423 2677 615 2720 Stephanus
627 2702 638 2718 ,
663 2689 760 2721 quem
777 2678 874 2723 paulo
899 2683 978 2712 ante
993 2690 1096 2722 regno
1113 2679 1280 2713 eiecerant
1294 2678 1448 2721 Hungari
1461 2707 1470 2722 ,
1495 2692 1556 2724 per
1569 2680 1718 2714 Anchia-

269 2719 336 2754 lum
356 2720 526 2754 oivitatem
550 2721 758 2764 Hungariam
781 2724 950 2765 ingressus
963 2749 973 2765 ,
1002 2723 1082 2757 illud
1103 2735 1304 2768 recuperare
1319 2724 1551 2759 meditabatur.
1597 2737 1716 2760 verum

269 2765 461 2799 temeritate
482 2766 596 2811 potius
622 2778 721 2810 quam
747 2768 924 2812 prudentia
953 2779 1021 2801 rem
1045 2779 1244 2812 aggressus,
1282 2780 1302 2802 a
1327 2770 1501 2814 proposito
1531 2770 1717 2807 aberravit.

270 2811 382 2846 statim
397 2811 482 2846 enim
507 2816 611 2857 atque
635 2823 710 2847 eum
735 2813 911 2847 nonnullos
926 2813 1108 2858 Hungaros
1123 2813 1157 2848 in
1171 2824 1248 2849 suas
1264 2820 1381 2860 partes
1395 2815 1573 2851 adduxisse
1587 2816 1716 2862 accepit
