1878 3262
257 191 286 223 x
692 178 738 222 C.
773 178 948 223 TOLLI
979 177 1300 223 DEDICATIO.

259 295 451 347 beamus,
477 301 673 350 quantum
691 308 811 347 agere
829 293 1007 336 velimus
1024 293 1264 347 gratiarum,
1281 292 1513 336 videamur
1528 294 1734 339 retulisse.

258 378 355 405 eum
381 378 558 406 veneror
584 371 625 404 et
659 365 851 414 obsecro,
888 363 1158 419 quantaquis
1183 366 1265 420 pro‘
1278 364 1435 419 patriae
1457 377 1556 404 suae
1575 371 1617 403 et
1631 378 1731 420 pro-

257 447 395 474 cerum
413 434 543 473 salute
563 431 712 473 debeat
735 446 782 472 ac
803 433 936 488 possit
954 430 1057 483 fide,
1092 439 1139 472 ut
1155 433 1347 472 stabilem
1367 440 1408 472 et
1423 433 1588 472 firmam
1607 432 1731 473 vobis

255 514 347 542 rem
374 502 580 558 publicam
605 502 749 542 faciat:
787 507 832 541 ut
862 514 1027 552 eorum,
1059 501 1205 556 quibus
1233 501 1455 557 praeestis,
1499 499 1731 540 commodis

254 570 650 625 atqueutilitatibus
683 568 754 610 diu
774 576 866 610 'tam
895 570 1002 610 bene
1031 568 1240 610 serviendi
1270 570 1506 610 facultatem
1532 567 1642 609 duit:
1685 575 1731 609 ut

255 639 449 680 omnibus
476 639 598 679 rebus
609 664 624 691 ‚1
667 652 768 694 quas
792 639 998 689 statuitis,
1046 646 1154 692 quas·
1180 637 1418 689 decernitis,
1463 650 1566 693 quas
1595 637 1729 689 agitis,

257 721 333 749 suo
364 707 534 748 numine
565 714 606 748 et
640 708 785 764 spiritu
815 707 998 747 intersit:
1032 713 1078 746 ut
1109 714 1249 748 auctor
1279 714 1321 747 et
1348 714 1488 747 stator>
1508 704 1730 758 Belgarum

254 776 437 817 nominis
471 776 692 832 imperium
719 777 819 826 hoc,
867 773 978 830 quod
1006 775 1052 815 in
1076 775 1379 831 amplissimum
1404 775 1616 827 fastigium
1652 788 1730 815 ex-

254 845 367 895 tulit,
405 843 627 895 custodiat,
664 852 820 895 servet,
856 851 1065 900 protegat:
1100 851 1224 898 utque
1250 842 1356 884 adeo
1379 842 1580 894 duellum,
1617 841 1729 899 quod

254 925 368 954 novo
389 927 482 954 cum
500 914 620 954 h‘oste
639 911 886 954 sumendum
905 920 987 964 est,
1022 913 1201 953 libertati
1218 920 1340 967 atque
1358 912 1631 954 incolumitati
1648 926 1729 956 no·-

257 988 383 1033 strae,
421 982 619 1023 classi-bus
653 982 980 1036 exercitibusque
1012 981 1185 1032 vestris,
1221 982 1328 1022 bene
1358 995 1414 1021 ac·
1429 981 1602 1021 feliciter
1627 993 1728 1025 eve-

256 1050 366 1101 niat3
400 1065 534 1107 neque
561 1051 632 1091 alii
661 1064 844 1106 unquam
873 1051 962 1090 eius
984 1048 1143 1090 cladem
1164 1051 1364 1103 sentiant,
1401 1063 1525 1106 quam
1546 1049 1619 1105 qui
1633 1062 1730 1090 mo,

257 1126 417 1161 verunt.
480 1118 744 1173 Hardervici‚
779 1121 806 1162 6
831 1118 930 1162 Kal.
953 1117 1102 1172 Iulias,
1135 1119 1260 1165 1652.
