1878 3262
211 213 310 259 166*
682 206 905 251 IOANNIS
940 205 1168 249 CINNAMI

204 345 279 382 χος
308 323 446 374 ἔθεον,
483 324 548 365 καὶ
568 322 602 364 εἲ
618 322 676 377 μὴ
695 319 794 376 τύχη
824 337 884 370 τις
911 319 1160 375 ἐπιγενομένη
1182 317 1413 373 εΡωμαίους
1441 316 1667 372 διεκώλυσε,

160 400 190 435 Β
215 394 319 448 τάχα
337 391 386 434 ἂν
404 389 489 446 ἥλω
508 390 610 433 κατὰ
628 388 775 447 κράτος
791 387 878 431 τότε
898 388 1147 445 Βρεντέσιον.
1193 386 1391 442 ἀνέβησαν
1407 388 1480 442 μὲν
1495 388 1572 444 γὰρ
1590 387 1669 442 ἤδη

209 463 279 505 τὸν
315 460 526 516 περίβολον
563 460 628 501 καὶ
659 458 737 500 ἀπὸ
766 462 846 500 τῶν
870 455 1032 512 πύργων
1057 462 1140 505 τοῖς
1169 454 1281 497 ἴνδον
1310 454 1528 509 ἐμάχοντο,
1565 455 1670 497 ἀλλὰ

210 527 310 571 πολύ
336 546 375 570 τι
402 528 524 585 μέρος
551 528 684 569 αὐτῶν
712 525 932 580 πεπονηκὸς
959 524 1036 579 ἤδη
1066 531 1155 574 ταῖς
1171 529 1336 577 συχναῖς
1352 521 1598 580 προσβολαῖς
1615 527 1671 574 εἲς

211 601 283 653 γῆν
301 597 453 651 ἠνέχθη
471 595 591 638 πεσὸν
608 595 908 651 συγκατέσπασέ
924 611 964 635 τε
984 592 1157 642 πολλοὺς
1174 592 1306 633 αὐτῶν
1315 623 1328 642 ,
1355 589 1460 633 οὕτω
1471 609 1518 634 ,τε
1537 591 1672 649 ἄπρα-
1683 599 1706 634 5

212 682 298 707 κτοι
324 662 595 721 ἀνεχώρησαν.
662 664 820 705 Σικελοὶ
850 662 915 713 δέ,
952 661 1085 716 ἐπειδὴ
1115 660 1281 715 μηδέπω
1301 661 1341 702 Γ
1339 661 1512 713 ιλίελμος
1527 665 1674 717 παρῆν,

211 733 364 787 βουλὴν
390 734 594 775 ἐποιοῦντο
621 730 730 782 ὅπως
757 728 1182 789 ὃμολογία(Ρωμαίοις
1199 728 1244 770 τὸ
1264 726 1460 786 φρούριον
1477 726 1676 771 ἐνδώσου-

214 815 298 844 σιν·
335 801 428 843 ἀλλ’
460 799 487 855 ἦ
516 799 616 855 τύχη
647 799 780 856 ὥσπερ
799 796 944 841 τακτόν
963 815 1051 840 τινα
1064 796 1284 851 (Ρωμαίοις
1302 798 1477 851 ἕψεσθαι
1496 797 1675 852 ἐπαγγει-

215 869 364 924 λαμένη
391 867 560 925 χρόνον,
599 867 683 911 εἶτα
713 867 1025 924 ε’κμετρηθέντος
1048 866 1271 920 αἰσθομένη
1292 865 1369 907 ἀπὸ
1387 866 1513 919 μέσης
1530 865 1677 915 αὐτοὺς

214 942 286 992 τῆς
313 936 465 987 πόλεως
493 941 665 979 λιποῦσα
692 935 830 993 ᾤχετο.
899 937 941 976 ἐν
966 929 999 992 ᾧ
1022 935 1098 991 γὰρ
1118 938 1246 976 ταῦτα
1265 935 1421 975 Σικελοὶ
1440 935 1676 986 διενοοῦντο,
1690 940 1734 974 10

165 1019 196 1053 c
219 1006 360 1061 ἠγγέλη
380 1005 516 1055 αὐτοῖς
534 1006 648 1061 ἐγγὺς
666 1005 743 1059 ἤδη
765 1007 804 1046 Γ
802 1005 974 1057 ιλιέλμον
993 1007 1154 1060 στρατῷ
1171 1000 1331 1060 μεγάλῳ
1353 1002 1514 1044 ἐπιέναι.
1582 999 1679 1058 ὅπερ

216 1076 354 1116 ἐκεῖνοι
381 1072 623 1123 ἀκούσαντες
650 1073 868 1127 ἀπέσχοντο
897 1072 969 1125 μὲν
996 1076 1076 1113 τῶν
1100 1071 1450 1124 βεβουλευμένων,
1486 1071 1547 1111 ἐπὶ
1569 1070 1611 1112 δὲ
1628 1069 1681 1112 τὰ

215 1143 323 1195 τείχη
344 1139 563 1195 ἀναβάντες
580 1139 831 1197 ε’κροτάλιζον
847 1140 968 1194 θαμὰ
986 1141 1052 1182 καὶ
1072 1137 1205 1196 ὥσπερ
1233 1138 1310 1193 ἤδη
1335 1137 1567 1192 (Ρωμαιόυς
1597 1138 1679 1189 ἒξε-

164 1218 166 1221 ’
217 1208 410 1259 λάσαντες
427 1208 581 1266 ἡμέραν
599 1204 694 1265 ἦγον
713 1207 878 1266 ἕόρτιον.

359 1278 434 1322 13.
505 1281 650 1320 Ταῦτα
672 1279 744 1331 μὲν
763 1278 814 1331 δὴ
832 1278 926 1333 τῇδε
945 1273 1165 1332 ἐπράσσετο
1179 1289 1190 1299 ·
1227 1277 1267 1316 Γ
1265 1275 1437 1328 ιλιέλμος
1456 1275 1498 1317 δὲ
1519 1273 1621 1331 ἄρας
1639 1274 1681 1316 ἐκ
1694 1279 1738 1315 15

217 1347 384 1398 Μυζιάς
401 1348 516 1388 παντὶ
537 1350 594 1403 τῷ
616 1350 777 1403 στρατῷ
796 1343 850 1394 ὡς
868 1346 930 1386 ἐπὶ
949 1344 1184 1400 Βρεντέσιον
1203 1341 1409 1400 ἐπορεύετο
1421 1374 1433 1394 ,
1470 1341 1492 1384 ὅ
1521 1359 1561 1384 τε
1587 1341 1682 1385 στό-

220 1419 290 1464 λος
319 1415 429 1472 αὖτῷ
457 1416 521 1456 ε’πὶ
548 1419 620 1469 τῆς
649 1412 928 1470 ἅντιπόρθμου
947 1417 1004 1470 τῷ
1024 1413 1246 1469 Βρεντεσίῳ
1265 1413 1426 1466 νησίδος
1444 1412 1586 1466 ὀλίγων
1604 1411 1683 1452 ἀπὸ

220 1485 396 1525 σταδίων
415 1481 683 1540 ὁρμισάμενος
695 1485 852 1525 ἵστατο.
892 1482 995 1523 κατὰ
1014 1481 1160 1523 ταύτὸν
1176 1481 1254 1537 γὰρ
1275 1480 1565 1536 ἀμφοτέρωθεν
1576 1477 1684 1521 ῩΡω-

221 1553 357 1604 μαίοις
374 1551 447 1604 τὴν
465 1552 695 1607 προσβολὴν
714 1554 919 1592 ποιεῖσθαι
939 1551 1136 1591 διενοεῖτο.
1183 1548 1287 1589 ἀλλὰ
1299 1546 1532 1601 εΡωμαίους
1548 1547 1594 1590 τὸ
1613 1548 1686 1602 μὲν

169 1627 202 1662 D
227 1619 370 1660 αὐτίκα
405 1620 730 1673 διαναυμαχῆσαι
767 1619 860 1674 πρὶν
894 1616 921 1672 ’ἢ
957 1619 1023 1659 καὶ
1059 1619 1099 1658 Γ
1096 1617 1269 1670 ιλιέλμον
1305 1615 1441 1665 αὐτοῖς
1466 1617 1742 1670 ἓπιστῆναι,ω

222 1688 445 1741 δυσβουλία
462 1704 523 1737 τις
540 1689 606 1729 καὶ
624 1687 669 1729 τὸ
683 1691 830 1744 χρῆναι
850 1683 961 1739 οἶμαι
979 1689 1111 1735 κακῶς
1130 1684 1277 1734 αὐτοὺς
1289 1684 1529 1726 πεπονθέναι
1546 1685 1686 1740 παρεί-

223 1759 337 1798 λετο·
373 1755 475 1813 πρὸς
509 1756 552 1798 δὲ
589 1755 844 1812 ἀμφοτέρους
867 1754 940 1809 τὴν
967 1752 1101 1808 μάχην
1130 1750 1388 1808 διενεγκόντες
1414 1751 1466 1795 τὰ
1489 1752 1688 1806 βασιλέως

318 1876 372 1911 16.
395 1874 565 1920 Μυζίας]
591 1875 679 1910 Duc.
705 1875 884 1915 Σικελίας,

225 1978 335 2020 tibus,
364 1978 452 2012 intra
477 1978 607 2012 moenia
630 1988 706 2012 sese
728 1977 915 2022 recipiunt:
946 1987 1012 2021 quo
1029 1979 1098 2010 turn
1117 1978 1288 2022 tempore,
1319 1976 1382 2011 nisi
1397 1975 1560 2012 Romanis
1574 1974 1687 2010 nescio

225 2035 314 2068 quae
335 2024 524 2058 obstitisset
546 2025 684 2058 fortuna
695 2049 706 2065 ‚
732 2024 882 2057 venisset
897 2022 987 2056 haud
1002 2022 1103 2056 dubie
1118 2023 1342 2057 Brundusium
1357 2024 1390 2057 in
1405 2034 1520 2057 eorum
1535 2025 1687 2067 potesta-

225 2074 292 2102 tem
304 2096 314 2111 ‚
343 2069 447 2113 vique
472 2074 698 2114 expugnatum
725 2069 866 2110 fuisset3
898 2068 962 2101 iam
987 2068 1072 2102 enim
1099 2069 1223 2103 vallum
1247 2073 1512 2113 superaverant,
1539 2071 1641 2111 atque
1667 2077 1688 2099 e

226 2114 374 2147 turribus
389 2126 462 2148 cum
478 2115 537 2156 iis,
567 2115 622 2159 qui
638 2115 725 2148 intra
742 2115 858 2148 urbem
875 2120 991 2156 erant,
1020 2114 1242 2156 dimicabant3
1272 2115 1331 2148 sed
1351 2115 1456 2148 maior
1470 2123 1581 2147 earum
1597 2121 1688 2156 pars,

227 2159 352 2192 crebris
368 2160 672 2204 oppugnationibus
685 2165 864 2204 quassata,
895 2159 929 2192 in
945 2164 1071 2192 terram
1086 2160 1213 2193 decidit
1223 2188 1232 2204 ‚
1249 2165 1285 2193 et
1300 2172 1342 2194 ex
1356 2160 1398 2193 iis
1414 2170 1511 2204 quam
1527 2157 1687 2202 plurimos

225 2215 340 2238 secum
355 2205 478 2245 traxit,
510 2205 626 2249 sicque
642 2217 680 2238 re
693 2207 821 2239 insecta
837 2204 979 2239 rediere.
1027 2205 1130 2238 Siculi
1146 2211 1258 2239 autem
1271 2232 1281 2247 ‚
1313 2217 1386 2239 cum
1401 2204 1538 2238 necdum
1553 2202 1690 2236 adesset

225 2250 434 2294 Gulielmus,
464 2250 570 2283 iniere
587 2251 758 2283 consilium
775 2251 863 2284 arcis
879 2262 941 2294 per
955 2250 1164 2284 conditiones
1181 2251 1339 2285 Romanis
1353 2249 1537 2284 dedendae.
1571 2259 1688 2281 verum

225 2295 387 2336 fortuna,
416 2300 512 2329 certo
537 2296 631 2339 quasi
655 2295 814 2340 temporis
838 2296 982 2340 quodam
1008 2296 1114 2341 spatio
1137 2308 1174 2329 se
1199 2298 1368 2330 Romanos
1394 2299 1583 2328 secuturam
1599 2297 1690 2326 esset

227 2346 328 2385 pacta
340 2366 351 2382 ,
380 2341 482 2385 idque
495 2341 560 2374 iam
577 2341 722 2386 elapsum
738 2341 899 2374 sensisset
913 2367 921 2383 ,
948 2342 1014 2375 illis
1028 2341 1061 2374 in
1078 2342 1185 2375 media
1200 2342 1339 2375 civitate
1359 2340 1484 2375 relictis
1495 2365 1505 2380 ‚
1536 2339 1687 2373 recessit.

227 2387 305 2420 dum
325 2386 409 2420 enim
426 2388 510 2420 haec
527 2386 633 2419 Siculi
650 2386 857 2427 deliberant,
882 2387 1055 2420 nuntiatur
1070 2387 1244 2432 oppidanis
1261 2386 1460 2420 Gulielmum
1478 2396 1598 2428 magno
1615 2395 1688 2418 cum

227 2432 377 2465 exercitu
403 2443 511 2477 prope
533 2431 664 2465 adesse.
711 2432 832 2476 quibus
846 2432 966 2464 auditis
980 2457 990 2475 ,
1023 2433 1192 2466 consilium
1207 2433 1240 2466 id
1256 2432 1464 2466 intermisere
1478 2436 1514 2464 et
1528 2430 1560 2463 in
1577 2441 1689 2464 muros

225 2478 396 2555 (progressi
419 2477 586 2522 frequenti
613 2477 729 2522 plausu
754 2477 851 2523 quasi
878 2478 1027 2522 depulsis
1051 2478 1116 2512 iam
1140 2479 1216 2512 inde
1231 2477 1390 2512 Romanis
1406 2477 1530 2510 festum
1547 2480 1689 2520 egerunt

249 2535 325 2557 iem.

323 2570 377 2603 13.
425 2568 523 2601 Haec
538 2572 607 2601 tum
624 2567 671 2601 ibi
685 2567 903 2611 gerebantur.
936 2579 1075 2602 movens
1091 2580 1172 2603 vero
1188 2569 1304 2613 Myzia
1320 2567 1508 2601 Gulielmus
1526 2578 1599 2600 cum
1614 2566 1690 2600 uni-

229 2624 327 2647 verso
344 2614 496 2647 exercitu
512 2625 630 2647 versus
647 2613 870 2647 Brundusium
887 2614 1074 2656 contendit,
1100 2615 1177 2648 dum
1192 2614 1308 2648 classis
1324 2613 1440 2647 Sicula
1455 2613 1499 2646 ad
1515 2612 1689 2658 parvulam

229 2659 368 2693 insulam
383 2659 571 2692 Brundusio
590 2659 705 2703 paucis
719 2659 842 2692 abhinc
854 2659 971 2693 stadiis
988 2661 1166 2694 obversam
1181 2659 1340 2704 appellit:
1371 2659 1415 2692 ab
1438 2663 1579 2702 utraque
1603 2658 1690 2692 enim

232 2710 332 2749 purte
346 2705 516 2738 Romanos
531 2704 655 2737 adoriri
670 2710 851 2739 statuerat.
899 2705 959 2738 sed
976 2705 1072 2748 illos,
1091 2706 1261 2749 quominus
1278 2704 1446 2748 extemplo
1463 2704 1583 2738 navale
1598 2714 1691 2737 com-

231 2750 405 2784 mitterent
420 2749 581 2794 praelium
599 2749 792 2793 priusquam
809 2762 829 2784 a
846 2750 1013 2783 Gulielmo
1029 2750 1285 2794 impeterentur,
1320 2750 1430 2783 nescio
1446 2749 1534 2793 quod
1552 2759 1692 2794 pravum

228 2795 421 2838 consilium,
454 2800 487 2828 et
513 2795 601 2838 quod
617 2795 658 2827 iis
674 2795 779 2828 fatale
794 2796 960 2840 quoddam
984 2796 1198 2839 impendebat
1222 2796 1399 2836 damnum,
1431 2796 1566 2828 avertit.
1614 2794 1691 2828 dum

231 2841 317 2876 enim
335 2846 455 2878 contra
470 2842 646 2884 utrumque
663 2846 832 2875 certamen
847 2841 983 2883 ineunt,
1013 2851 1068 2875 res
1085 2841 1301 2886 'imperatoris
1318 2840 1586 2887 pessumdedere.
1631 2850 1693 2874 no·
