1878 3262
625 195 1024 240 HISTORIARUM
1057 198 1105 240 L.
1122 197 1202 242 IV.
1562 198 1656 245 165

187 304 243 354 ὧν
271 306 445 359 Ἀλέξιος
481 307 722 368 ἀμφοτέρων
748 305 869 369 ἦρχεν
897 310 918 355 ὅ
943 313 1145 366 βασιλέως
1167 313 1343 364 Ἀλεξίου
1369 315 1657 372 θυγατριδοῦς,

182 379 308 434 μέγας
336 381 396 435 τῷ
423 377 610 433 τηνικάδε
642 380 740 431 δουξ
760 382 1031 438 χρηματίζων.
1101 382 1317 425 ἐπέσταλτο
1350 384 1394 426 δὲ
1423 383 1534 441 αὐτῷ
1554 384 1658 440 πρὸς

183 450 257 490 τοῦ
288 446 490 502 βασιλέως
525 450 592 490 καὶ
629 447 768 506 ἑτέραν
803 449 1044 506 ἀθροίσαντι
1080 449 1250 506 δύναμιν
1286 450 1392 494 οὕτω
1430 452 1480 507 δὴ
1506 453 1657 512 Ἰταλίᾳ

181 516 497 572 προσεσχηκέναι
510 531 522 542 ·
559 518 655 560 ἀλλ’
693 519 838 568 ἐκεῖνος
873 518 989 560 οὐδὲν
1024 516 1178 561 τούτων
1215 522 1559 578 διαπεπραγμένος
1593 523 1659 563 ἐπὶ

148 593 171 630 5
183 585 422 642 Βρεντέσιον
447 580 551 640 ἦλθε
562 619 576 639 ,
614 586 660 629 τὸ
677 587 752 641 μὲν
768 586 870 644 πρὸς
886 586 955 629 τὸν
974 585 1180 629 ἀπόπλουν
1199 588 1304 631 οὕτω
1324 589 1451 633 δεινὸν
1468 589 1564 633 ὄντα
1583 608 1656 632 πε-

180 654 423 711 φοβημένων
440 659 520 697 τῶν
539 659 718 707 πολλῶν,
754 655 800 698 τὸ
821 656 864 698 δὲ
882 657 949 698 καὶ
967 653 1128 715 ὑποψίᾳ
1146 655 1361 711 κινδύνων,
1399 658 1445 701 οἳ
1457 658 1559 715 πρὸς
1576 663 1656 702 τῶν

178 724 380 777 πολεμίων
398 722 617 781 ἒπήρτηντο
635 725 764 782 σφίσι.
831 723 878 767 τὸ
905 725 946 767 δ’
968 726 1153 768 ἐντεῦθεν
1171 724 1454 783 ἀριδηλότερον
1471 727 1550 782 ἤδη
1569 732 1651 782 βα-
1673 734 1705 769 D

179 793 356 835 σκαίνειν
373 790 399 847 ἦ
417 791 517 848 τύχη
531 791 746 848 Ῥωμαίοις
762 791 929 850 ἤρξατο.
991 791 1235 851 Ῥομπέρτος
1251 810 1292 837 τε
1310 793 1388 852 γάρ
1399 827 1413 847 ,
1451 795 1496 846 ὃς
1518 797 1657 847 αὐτοῖς

179 859 275 918 ἄχρι
306 863 373 903 καὶ
397 859 486 904 τότε
515 861 750 917 συνεμάχει,
786 865 827 905 Γ
825 864 999 917 ιλίελμον
1027 861 1206 914 ἀκούσας
1233 862 1450 918 δυνάμεσιν
1470 863 1556 918 ἅμα
1573 871 1654 919 βα-

123 939 170 974 10
180 931 306 988 ρείαις
330 929 461 986 ἣκειν,
500 929 607 988 ὁρῶν
626 932 670 974 δὲ
687 933 754 974 καὶ
767 929 993 986 Ῥωμαίους
1015 931 1127 974 οὔπω
1146 931 1202 975 ἔτι
1221 932 1295 987 τὴν
1313 934 1554 990 Βρεντεσίου
1573 951 1655 975 πα-

178 1000 511 1056 ραστησαμένους
530 999 767 1058 ἀκρόπολιν,
803 1005 878 1043 τοῦ
894 1009 1121 1056 συμμαχεῖν
1139 1001 1355 1056 ἀπέσχετο,
1393 1000 1657 1058 σκηψάμενος

177 1066 235 1119 ὥς
263 1067 454 1123 δυνάμεις
482 1069 690 1127 ἀθροίσων
716 1069 850 1113 ἄπεισι
877 1074 952 1113 τοῦ
980 1071 1161 1113 ἐνταῦθα
1187 1068 1312 1114 πόνου
1341 1071 1656 1127 συλληψομένας

177 1137 311 1195 αὐτῷ·
346 1139 412 1179 καὶ
432 1139 470 1180 οἱ
488 1140 531 1180 ἐκ
548 1137 733 1196 ΙΙἸάρκας
751 1138 904 1190 πόλεως
922 1140 1053 1190 ἱππεῖς
1073 1141 1309 1191 διπλασίους
1326 1140 1564 1194 κομίζεσθαι
1583 1143 1657 1182 τοῦ

174 1210 320 1248 λοιποῦ
338 1206 412 1257 τὰς
429 1206 635 1258 συντάξεις
653 1207 890 1263 αἰτήσαντες
899 1241 911 1260 ,
931 1209 1067 1263 ἐπειδὴ
1085 1208 1143 1263 μὴ
1162 1207 1378 1265 ἐτύγχανον
1394 1214 1469 1251 τοῦ
1487 1212 1657 1260 σκοποῦ,

119 1284 164 1321 15
177 1274 328 1334 ᾤχοντο
349 1273 544 1327 ἀπιόντες.
612 1282 782 1320 τοιαῦτα
799 1279 840 1319 Γ
837 1280 1012 1332 ιλίελμος
1029 1277 1180 1332 μαθών
1197 1278 1271 1328 τὰς
1291 1275 1481 1332 δυνάμεις
1499 1279 1655 1320 ἀναλα-

172 1344 260 1400 βών
289 1344 391 1387 εὐθὺ
417 1343 627 1400 Ῥωμαίων
644 1345 798 1404 ἐχώρει.
865 1350 946 1390 τῶν
965 1347 1008 1390 δὲ
1025 1347 1328 1402 βουλευομένων
1347 1346 1425 1401 ὅπη
1444 1347 1514 1391 τὸν
1533 1346 1653 1390 πόλε-
1675 1329 1709 1411 ξ
1730 1329 1779 1410 {³7}

173 1430 253 1469 μον
278 1411 394 1456 τόνδε
421 1416 663 1458 διοικεῖσθαι
684 1413 842 1473 χρεών,
877 1423 962 1466 τοῖς
979 1417 1052 1471 μὲν
1070 1418 1132 1459 ἐπὶ
1150 1419 1284 1473 Βιῖριν
1302 1417 1403 1459 ἴέναι
1419 1418 1595 1476 ταφρεία
1612 1433 1655 1459 τε

172 1482 248 1538 τὴν
265 1481 382 1525 πόλιν
402 1483 702 1542 ἀσφαλίζεσθαι
728 1483 878 1538 ἐδόκει,
913 1486 1009 1536 τοὺς
1027 1486 1071 1528 δὲ
1087 1489 1207 1528 τοῦτο
1226 1487 1299 1540 μὲν
1319 1485 1391 1528 οὐκ
1409 1483 1552 1543 ἤρεσκε
1573 1487 1658 1528 δει-

173 1553 265 1594 λίαν
284 1550 383 1595 εῗναι
402 1551 637 1611 φάσκοντας
655 1553 864 1612 ἄντικρύς,
892 1554 933 1598 εἶ’
942 1572 985 1612 γε
1003 1559 1083 1597 τῶν
1103 1556 1144 1597 ἐν
1157 1557 1274 1611 χερσὶ
1292 1554 1508 1610 μεθέμενοι
1528 1555 1659 1605 ὀπίσω

118 1632 165 1668 20
170 1620 443 1679 χωρήσουσιν.
512 1621 568 1674 ὡς
598 1617 669 1666 οὖν
698 1622 804 1667 οὕτω
830 1624 950 1667 ταῦτ’
983 1622 1111 1667 ἐδόκει
1120 1656 1134 1676 ,
1170 1626 1241 1667 τὸν
1258 1622 1409 1679 μεταξὺ
1423 1621 1574 1681 χρόνον
1592 1625 1657 1665 ἐπὶ

173 1695 289 1745 κενῆς
306 1692 458 1748 τρέχειν
478 1693 550 1735 οὐκ
569 1691 800 1748 ἀνεχόμενοι
816 1698 875 1752 τῷ
893 1691 1094 1751 περιβόλῳ
1115 1687 1241 1743 αὖθις
1259 1692 1514 1750 προσέβαλον
1532 1693 1657 1749 μέρος

174 1776 216 1802 τε
248 1760 375 1802 αὐτοῦ
403 1761 506 1803 πολὺ
535 1761 748 1820 καθῄρουν
765 1770 849 1813 τοῖς
866 1761 1140 1819 πετροβόλοις.
1210 1762 1257 1804 οὗ
1275 1761 1358 1817 μὴν
1376 1763 1470 1804 οὐδὲ
1489 1761 1545 1812 (ὃς
1562 1761 1657 1811 τοὺς

173 1827 415 1886 βαρβάρους
441 1828 689 1873 ἀπώσασθαι
718 1830 843 1886 εἶχον·
881 1831 987 1874 ἀλλὰ
1013 1830 1060 1873 τὸ
1086 1832 1160 1886 μὲν
1184 1835 1345 1888 πρῶτον
1370 1829 1657 1888 θαρσήσαντες

175 1896 391 1955 ἐπεξῄεσαν
410 1900 571 1956 σφίσιν,
599 1899 733 1942 ἔπειτα
746 1899 956 1954 Ῥωμαίων
974 1898 1267 1958 ἐπιβρισάντων
1287 1893 1411 1950 αὖθις
1429 1899 1492 1940 ἐπὶ
1509 1898 1555 1941 τὸ
1574 1904 1655 1940 τεῒ-

173 2028 317 2071 Alexio,
349 2029 560 2074 imperatoris
587 2030 696 2064 Alexii
723 2042 765 2064 ex
788 2030 857 2064 filia
876 2033 1022 2076 nepote,
1052 2030 1110 2075 qui
1125 2033 1195 2063 tum
1211 2028 1325 2074 magni
1339 2029 1434 2064 ducis
1448 2030 1655 2074 fungebatur

175 2075 360 2119 dignitate:
396 2076 460 2109 hoc
485 2076 518 2110 ei
542 2076 622 2110 dato
644 2076 679 2109 in
696 2077 882 2118 mandatis,
915 2082 954 2110 nt
975 2077 1076 2110 alium
1094 2083 1272 2120 praeterea
1288 2077 1506 2110 contraheret
1521 2075 1656 2109 exerci-

174 2126 246 2155 tum
261 2121 379 2166 sicque
396 2121 530 2156 Italiam
545 2122 734 2157 invaderet.
780 2123 842 2157 sed
857 2122 939 2156 nihil
955 2123 1071 2156 horum
1086 2122 1142 2156 ille
1158 2127 1338 2155 exsecutus
1347 2121 1574 2156 Brundusium
1590 2133 1654 2154 ve-

175 2167 246 2210 nit,
278 2172 349 2201 tum
368 2167 459 2212 quod
475 2168 606 2213 plurimi
622 2169 728 2213 ipsam
743 2172 812 2202 tam
829 2180 968 2212 gravem
985 2168 1263 2213 pertimescerent
1283 2168 1532 2212 navigationem
1544 2193 1555 2207 ‚
1583 2171 1655 2201 tum

175 2213 270 2259 quod
294 2213 350 2247 alii
374 2214 527 2258 pericula
554 2215 597 2248 ab
623 2215 721 2248 hoste
746 2214 952 2248 imminentia
977 2220 1187 2248 vererentur.
1235 2217 1338 2258 atque
1353 2214 1432 2248 inde
1444 2213 1655 2248 manifestius

176 2259 292 2304 coepit
318 2261 457 2293 fortuna
481 2260 641 2306 deinceps
670 2261 835 2295 Romanis
860 2260 1022 2295 invidere.
1070 2261 1245 2295 Robertus
1273 2260 1378 2302 enim,
1409 2260 1467 2304 qui
1490 2260 1656 2294 hactenus

175 2317 270 2340 arma
286 2316 359 2339 cum
375 2305 441 2339 illis
457 2306 699 2348 coniunxerat,
722 2313 766 2340 vut
793 2306 999 2340 Gulielmum
1021 2318 1093 2340 cum
1112 2305 1233 2341 validis
1249 2306 1354 2351 copiis
1369 2306 1558 2340 adventare
1574 2317 1655 2350 per-

175 2351 267 2397 cepit
278 2377 288 2395 ,
318 2351 471 2396 viditque
486 2353 627 2386 necdum
644 2352 827 2387 Brundusii
842 2363 921 2386 arce
936 2353 1064 2398 potitos
1080 2353 1271 2392 Romanos,
1295 2364 1316 2386 a
1333 2352 1523 2386 commilitio
1537 2362 1655 2385 reces-

175 2397 243 2439 sit3
273 2409 346 2432 eam
362 2399 551 2432 obtendens
568 2410 722 2443 causam,
753 2398 848 2444 quasi
864 2399 1047 2432 excederet
1058 2399 1156 2442 inde,
1188 2403 1226 2431 ut
1241 2398 1357 2443 copias
1373 2409 1462 2442 quae
1476 2398 1511 2431 in
1525 2396 1654 2431 laboris

174 2446 310 2489 partem
324 2444 500 2487 venirent,
516 2446 743 2481 contraheret.
792 2444 921 2490 equites
937 2452 1116 2490 praeterea
1132 2456 1174 2478 ex
1189 2443 1311 2478 Marca
1329 2444 1471 2478 civitate
1487 2442 1655 2487 duplicari

175 2489 241 2524 sibi
263 2490 467 2535 stipendium
489 2492 721 2536 postulantes,
754 2502 794 2525 re
819 2502 886 2524 non
914 2493 1058 2525 obtenta
1073 2501 1259 2525 recessere.
1306 2490 1358 2524 his
1375 2490 1558 2535 compertis
1576 2490 1655 2522 Gu-

175 2535 327 2578 lielmus‚
360 2542 532 2582 assumpto
556 2538 732 2578 exercitu,
766 2542 861 2571 recta
885 2543 1004 2571 contra
1029 2538 1198 2571 Romanos
1214 2536 1442 2579 progreditur.
1487 2535 1554 2569 illis
1564 2546 1653 2568 vero
1691 2555 1705 2562 -

177 2580 444 2616 deliberantibus
476 2584 751 2628 quemadmodum
779 2583 901 2616 bellum
925 2583 960 2617 id
982 2583 1131 2617 ordinari
1153 2585 1348 2626 oporteret,
1379 2581 1514 2626 quidam
1538 2581 1654 2615 Barim

177 2626 385 2662 redeundum
401 2637 605 2664 censuerunt
616 2657 626 2672 ‚
653 2630 810 2673 valloque
824 2630 940 2663 urbem
957 2629 1186 2664 muniendam:
1211 2627 1284 2661 aliis
1300 2627 1464 2661 eiusmodi
1479 2627 1653 2661 consilium

179 2682 247 2705 non
273 2674 387 2708 arrisit
400 2701 409 2716 ,
439 2681 562 2710 metum
583 2678 658 2711 sore
674 2676 886 2710 manifestum
903 2675 1088 2709 dicentibus
1102 2701 1111 2713 ,
1143 2674 1170 2707 si
1187 2673 1317 2707 omissis
1335 2673 1376 2708 iis
1391 2685 1478 2719 quae
1492 2674 1527 2707 in
1545 2673 1654 2707 mani-

179 2717 244 2751 bus
259 2724 357 2753 erant
371 2725 464 2755 retro
480 2723 652 2756 cederent.
699 2723 816 2766 itaque
832 2722 954 2766 quibus
972 2733 1013 2755 ea
1027 2720 1156 2766 placuit
1171 2720 1358 2762 sententia,
1375 2726 1508 2765 tempus
1521 2719 1654 2752 interea

179 2763 400 2809 nequicquam
415 2767 479 2802 teri
494 2769 584 2802 baud
600 2768 708 2815 passi,
738 2769 863 2802 iterum
877 2768 1122 2812 aggrediuntur
1137 2765 1289 2810 moenia,
1321 2777 1546 2810 magnamque
1570 2775 1653 2808 par-

179 2815 249 2842 tem
277 2811 436 2845 machinis
465 2815 644 2849 subruunt.
691 2826 801 2859 neque
832 2820 945 2848 tamen
970 2815 1136 2848 barbaros
1161 2824 1204 2847 ex
1226 2812 1269 2846 iis
1291 2812 1465 2857 depellere
1490 2816 1650 2856 potuere:

180 2858 302 2890 contra.
317 2856 516 2895 audaciores
530 2861 580 2896 illi
595 2860 712 2897 effecti
725 2860 891 2896 invadunt
905 2861 1098 2896 Romanos:
1130 2859 1192 2895 sed
1216 2870 1298 2894 mox
1317 2869 1449 2894 rursum
1464 2858 1504 2892 iis
1519 2856 1653 2890 irruen-
