1878 3262
618 227 1015 272 HISTORIARUM
1047 229 1095 270 L.
1125 227 1205 271 IV.
1558 227 1654 274 169

194 350 330 388 λουσιν
338 375 352 397 ,
382 343 420 386 οἱ
438 343 482 387 δὲ
499 346 615 387 τοῦτο
634 344 706 398 μὲν
724 342 845 398 τυχὸν
863 342 973 384 ἴσασι
991 346 1256 399 στρατηγικῆς
1272 339 1414 400 μέρος,
1432 346 1492 402 τῷ
1507 343 1658 386 πλείονι

194 411 525 470 διαμαρτάνουσι.
593 414 708 468 τέχνη
727 411 804 470 γάρ
823 411 881 462 τίς
898 412 982 453 ἔστι
1001 413 1065 452 καὶ
1085 410 1110 467 ἢ
1130 414 1348 470 στρατηγία
1358 445 1371 465 ,
1408 414 1474 455 καὶ
1489 412 1572 470 χρὴ
1590 412 1659 454 τὸν

193 481 342 537 ταύτην
368 481 554 536 μετιόντα
575 483 767 536 πολυειδῆ
785 497 874 523 τινα
892 482 957 522 καὶ
976 481 1154 523 ποικίλον
1173 480 1270 523 εἶναι
1288 483 1354 524 καὶ
1372 481 1475 539 πρὸς
1493 483 1660 524 ἕκαστον

195 550 506 608 ἐπικαιροτάτοις
523 556 602 594 τῶν
620 549 768 605 ταύτης
784 545 1107 604 μετατάττεσθαι
1126 552 1254 592 εἰδῶν.
1324 549 1483 608 φεύγειν
1511 567 1554 593 τε
1580 547 1659 606 γάρ

161 622 301 662 ὅέστιν
331 618 393 662 ὅτε
418 621 499 678 χρὴ
526 621 652 676 μηδὲν
680 616 965 672 αἷσχυνόμενον
983 619 1019 660 εἴ
1033 621 1152 660 τοῦτο
1174 620 1302 673 διδοίη
1322 618 1484 677 καιρός,
1521 621 1588 662 καὶ
1608 613 1662 660 αὖ

195 687 454 732 ἀνυπόστατα
484 688 661 741 διώκειν,
697 687 799 744 πρὸς
826 687 899 741 τὴν
922 688 1062 744 χρείαν
1081 685 1290 744 ἑκάτερον·
1327 686 1429 730 ἔνθα
1447 705 1489 731 τε
1508 687 1663 748 ἐπινοίᾳ

194 763 350 813 μᾶλλον
375 757 402 812 ἢ
424 760 526 815 χειρὶ
558 760 789 814 κατορθοῦν
820 757 1026 813 φαίνοιτο,
1060 760 1350 813 παραιτεῖσθαι
1378 757 1423 798 τὸ
1452 763 1537 807 τοῖς
1555 755 1665 806 ὅλοις

197 825 515 870 διακινδυνεύειν.
582 830 742 868 πολλῶν
767 823 844 882 γάρ
871 842 989 867 τινων
1022 827 1089 867 καὶ
1124 823 1334 882 διαφόρων
1355 824 1604 882 πραγμάτων
1624 826 1666 876 ἒς

198 896 239 938 ἕν
257 913 294 938 τι
312 896 425 956 τέλος
442 895 514 950 τὴν
531 896 642 950 νίκην
663 892 838 951 ἀγόντων
844 927 858 946 ,
895 891 1123 951 ἀδιάφορόν
1150 894 1256 937 ἔστιν
1287 893 1465 951 ὁποτέρῳ
1483 911 1545 943 τις
1558 911 1664 950 χρη-
1685 899 1715 934 Β

145 971 188 1006 10
199 963 370 1019 σάμενος
387 966 452 1006 ἐπ’
476 966 596 1007 ἐκεῖνο
614 963 711 1020 ἥξει.
781 964 846 1005 καὶ
866 964 998 1005 τοίνυν
1010 961 1200 1017 Ῥωμαῖοι
1213 996 1227 1016 ,
1261 968 1335 1005 τοῦ
1346 964 1522 1013 Ἀλεξίου
1543 960 1668 1004 δυνά-

196 1051 304 1088 μεων
321 1033 658 1086 ὓποσπανίζοντος
677 1032 724 1083 ἃς
743 1030 763 1074 ὅ
782 1032 973 1087 βασιλεῦς
991 1033 1102 1090 αὐτῷ’
1120 1032 1227 1088 ἄγειν
1245 1034 1418 1075 ἐκέλευεν
1430 1064 1443 1084 ,
1481 1031 1574 1087 εἴγε
1593 1033 1669 1072 Σι-

199 1107 328 1153 κελοῖς
357 1103 430 1145 οὐκ
461 1101 706 1157 ἀξιομάχους
736 1100 905 1152 ἑαυτοὺς
935 1099 1082 1152 εἰδότες
1108 1103 1171 1143 ἐπὶ
1198 1102 1272 1152 τὰς
1299 1106 1397 1151 ναῦς
1414 1118 1456 1143 τε
1475 1099 1520 1143 τὸ
1540 1097 1668 1156 στρά-

197 1188 326 1225 τευμα
353 1172 599 1226 ἀνεβίβασαν
625 1172 691 1213 καὶ
723 1169 854 1228 στόλῳ
883 1174 941 1228 τῷ
972 1171 1104 1213 αὗτιῦν
1136 1169 1442 1226 συνεπλάκησαν
1460 1167 1668 1227 πρότερον,

199 1241 325 1282 αὐτοῦ
342 1258 382 1283 τε
401 1241 504 1283 κατι).
529 1239 676 1298 κράτος
702 1241 969 1297 περιεγένοντο
990 1239 1039 1282 ἂν
1056 1242 1122 1282 καὶ
1141 1240 1214 1294 τὴν
1232 1242 1274 1282 ἐκ
1293 1244 1366 1295 τῆς
1382 1240 1547 1296 ἠπείρου
1565 1236 1670 1279 ὕπο-

145 1318 188 1355 15
195 1307 377 1366 χώρησιν
406 1316 491 1360 τοῖς
521 1311 564 1352 ἐκ
592 1314 664 1365 τῆς
693 1308 821 1366 ὑγρᾶς
850 1307 1195 1366 παρεμυθήσαντο
1222 1310 1453 1366 τροπαίοις,
1491 1305 1597 1349 οὕτω
1627 1322 1670 1347 τε

198 1383 343 1435 καιροῦ
379 1383 597 1429 καλοῦντος
633 1380 695 1420 ἐπὶ
732 1378 804 1432 τὴν
839 1378 965 1435 ξηρὰν
1001 1373 1125 1428 αὖθις
1161 1377 1348 1433 ἐκβάντες
1375 1378 1450 1420 σὺν
1477 1374 1673 1429 δυνάμεσι

199 1449 352 1490 πλείοσι
378 1447 452 1498 τὰς
478 1449 518 1490 ἐν
542 1449 692 1506 Ἰταλία
721 1449 1005 1503 διηγωνίσαντο
1034 1446 1183 1502 μάχας,
1255 1447 1347 1489 ἀλλ’
1370 1448 1509 1488 ἐκεῖνοι
1535 1444 1609 1499 τὴν
1633 1444 1677 1485 ἔκ

198 1521 271 1559 τοῦ
288 1515 510 1574 ὑποχωρεῖν
527 1515 782 1574 ὗᾳορώμενοι
801 1516 966 1567 ἀδοξίαν
984 1519 1040 1567 εἷς
1057 1516 1130 1571 τὴν
1143 1521 1216 1559 τοῦ
1229 1516 1453 1574 πανστρατὶ
1468 1511 1673 1571 διεᾳθάρ-
1698 1520 1729 1555 G

198 1589 276 1628 θαι
295 1584 640 1644 περιπεπτώκασιν
659 1585 834 1640 ἀτιμίαν.

146 1685 192 1718 20
343 1675 418 1722 14.
489 1681 635 1719 Ταῦτα
667 1677 740 1731 μὲν
775 1670 846 1718 οὖν
872 1677 966 1732 τῇδε
992 1674 1167 1730 ἐγένετο,
1205 1673 1225 1717 ὃ
1251 1675 1295 1717 δὲ
1311 1673 1506 1730 βασιλεὺς
1525 1669 1681 1715 τούτων

203 1744 382 1796 ἀκούσας
408 1746 643 1802 ἐδυσχέρανε
669 1747 742 1800 μὲν
770 1743 825 1796 ὡς
851 1745 896 1788 τὸ
918 1744 1019 1794 εἶκός
1039 1746 1105 1786 καὶ
1124 1742 1302 1800 μάλιστα
1322 1743 1383 1786 ὅτι
1401 1742 1504 1798 μετὰ
1522 1738 1674 1784 τοσαῦ-
1699 1750 1734 1784 V
1756 1750 1799 1787 77

294 1854 328 1887 Ξ.
353 1850 669 1897 διαμαρτάνουσι]
695 1853 794 1888 Fort.
823 1850 863 1887 δὲ
888 1849 1159 1896 ἁμαρτάνουσι.
1307 1850 1342 1886 4.
1364 1846 1681 1894 ἐπικαιροτάτους]

296 1899 386 1954 Οοᾶ.
410 1897 711 1945 ἐπικαιροτάτων.
743 1898 877 1933 Tollius
902 1896 1180 1943 ἐπικαιρότατα.
1297 1899 1331 1933 7.
1356 1896 1556 1942 φαίνοιτο]
1579 1895 1681 1929 Fort.

294 1956 452 1990 γενοιτο.

208 2035 267 2082 qui
282 2036 371 2070 hanc
385 2038 477 2071 forte
492 2035 626 2081 quidem
641 2035 880 2081 imperatoriae
891 2034 974 2069 artis
989 2038 1119 2080 partem
1133 2034 1337 2078 attigerunt,
1366 2033 1401 2069 in
1425 2033 1576 2080 pluribus
1600 2043 1682 2078 pec-

207 2088 298 2117 cant.
344 2094 400 2117 ars
416 2082 503 2117 enim
519 2081 619 2116 etiam
635 2082 801 2127 quaedam
815 2085 869 2115 est
883 2081 1052 2115 exercitus
1070 2082 1311 2126 praefectura:
1345 2086 1380 2115 et
1397 2081 1456 2126 qui
1471 2080 1516 2114 ad
1531 2089 1604 2112 eam
1621 2089 1682 2112 ac-

207 2129 315 2170 cedit,
345 2129 443 2163 varia
470 2140 512 2163 ac
534 2128 709 2173 multiplici
728 2127 870 2162 scientia
893 2127 937 2161 sit
958 2127 1143 2161 instructus
1168 2137 1308 2160 necesse
1333 2131 1387 2161 est
1403 2132 1437 2161 et
1452 2125 1497 2161 ad
1512 2124 1682 2170 quoslibet

208 2175 355 2209 eiusdem
383 2186 482 2218 usuS‚
515 2186 589 2208 cum
613 2174 648 2207 id
671 2179 802 2220 tempus
820 2173 1059 2219 postulaverit,
1090 2172 1373 2207 accommodatus.
1421 2183 1496 2207 nam
1512 2176 1548 2204 et
1564 2172 1683 2214 fugere

206 2221 378 2255 interdum
400 2221 489 2254 nullo
515 2231 588 2254 cum
611 2221 763 2265 pudore,
794 2219 823 2253 si
846 2230 902 2253 res
924 2219 1080 2264 iusserit,
1111 2224 1147 2252 et
1170 2229 1300 2252 rursum
1315 2218 1538 2264 pertinaciter
1553 2215 1684 2260 insequi

207 2267 338 2301 hostem
354 2278 494 2301 necesse
509 2272 579 2308 est,
608 2270 786 2311 utrumque
815 2270 917 2311 prout
938 2276 1051 2299 rerum
1065 2270 1175 2299 status
1192 2264 1322 2299 tulerit.
1367 2265 1427 2299 ubi
1443 2275 1526 2298 vero
1545 2262 1683 2296 consilio

209 2313 316 2357 magis
343 2325 442 2358 quam
468 2324 570 2346 manu
596 2312 734 2346 videtur
759 2323 813 2346 res
839 2310 1012 2356 gerenda,
1041 2311 1084 2345 ad
1105 2315 1258 2344 extrema
1273 2310 1484 2345 descendere
1502 2320 1685 2353 rerumque

208 2371 367 2394 summam
383 2358 531 2403 experiri
549 2358 813 2392 detrectandam.
859 2356 973 2391 multis
987 2357 1107 2390 etenim
1122 2357 1228 2401 iisque
1243 2356 1387 2391 diversis
1403 2357 1507 2391 rebus
1524 2356 1568 2389 ad
1584 2365 1685 2388 unum

210 2405 378 2439 victoriae
403 2406 505 2439 finem
532 2404 749 2438 tendentibus
763 2430 774 2446 ‚
805 2403 852 2437 nil
876 2404 985 2437 refert
1004 2403 1125 2447 quibus
1140 2402 1215 2448 quis
1231 2414 1311 2437 usus
1327 2403 1371 2437 ad
1387 2414 1463 2437 eum
1479 2399 1686 2446 pervenerit.

211 2451 242 2486 si
257 2450 400 2485 Romani
415 2451 550 2495 itaque,
579 2462 652 2484 cum
669 2454 804 2484 careret
818 2450 858 2483 iis
875 2449 978 2494 copiis
993 2449 1155 2492 Alexius,
1187 2460 1273 2493 quas
1299 2448 1516 2482 adducendas
1539 2447 1687 2480 iusserat

212 2496 416 2542 imperator,
446 2496 571 2530 Siculis
586 2508 662 2530 sese
677 2497 804 2530 viribus
819 2495 964 2540 impares
981 2500 1154 2529 cernentes
1165 2520 1174 2538 ,
1201 2495 1385 2529 exercitum
1400 2494 1434 2528 in
1449 2503 1556 2526 naves
1571 2497 1688 2526 trans-

212 2543 410 2586 duxissent,
442 2554 584 2587 cumque
608 2544 740 2577 illorum
762 2542 871 2576 classe
895 2541 1127 2575 conflixissent
1150 2540 1315 2586 primum,
1344 2539 1464 2586 procul
1491 2538 1592 2572 dubio
1619 2543 1689 2571 tum

213 2588 441 2622 debellassent
463 2589 578 2623 hostes
601 2595 637 2623 et
663 2599 834 2623 recessum
851 2599 870 2621 e
886 2587 1071 2621 continenti
1086 2587 1192 2633 partis
1207 2587 1288 2620 mari
1304 2585 1563 2620 resarcivissent
1576 2584 1690 2618 victo-

215 2633 293 2667 riis:
327 2640 362 2669 et
385 2635 433 2669 sic
459 2635 692 2679 postmodum,
721 2646 795 2668 cum
811 2633 844 2667 id
860 2634 1067 2678 postulasset
1090 2633 1246 2676 occasi0‚
1278 2632 1310 2666 in
1327 2632 1554 2666 continentem
1569 2630 1691 2664 iterum

217 2679 370 2724 egressi,
401 2692 476 2714 cum
503 2681 682 2715 maioribus
706 2680 742 2714 in
768 2679 864 2714 Italia
888 2679 1015 2713 viribus
1038 2679 1160 2712 bellum
1179 2678 1420 2713 confecissent.
1466 2677 1528 2711 sed
1544 2676 1631 2710 enim
1645 2674 1693 2708 illi

218 2725 372 2779 inqu-sine
387 2726 556 2760 dedecore
571 2727 686 2762 recedi
702 2738 802 2773 posse
816 2725 902 2768 rati,
933 2725 1046 2760 amissi
1071 2725 1178 2759 totius
1201 2724 1394 2770 perditique
1410 2723 1579 2758 exercitus
1592 2722 1691 2766 igno-

219 2781 348 2804 uuluam
362 2778 586 2808 incurrerunt.

308 2837 367 2890 44.
405 2839 460 2872 Ita
473 2844 543 2874 tum
559 2841 605 2875 ibi
621 2851 676 2875 res
693 2840 911 2884 gerebantur,
931 2850 1019 2885 quae
1033 2842 1213 2884 postquam
1230 2838 1372 2885 principi
1390 2840 1584 2883 compertae
1599 2837 1689 2878 suut,

221 2887 374 2928 grflwter
389 2889 428 2917 ut
443 2896 503 2930 par
518 2891 596 2935 erat
610 2892 663 2922 est
676 2887 872 2932 indignatus
884 2912 895 2931 ,
929 2898 969 2921 eo
994 2885 1135 2920 maxime
1149 2885 1239 2930 quod
1256 2890 1337 2933 post
1350 2889 1405 2918 tot
1419 2891 1602 2929 prosperos
1616 2881 1691 2914 for·-
