1878 3262
280 215 347 263 78
662 251 666 255 .
708 211 1015 256 NICEPHORI
1041 213 1313 260 BRYENMI

155 334 184 369 P
208 334 255 370 54
279 329 457 387 ἀκριβῶς
477 325 532 377 ὥς
552 327 620 370 καὶ
641 323 797 385 νύκτωρ
820 329 887 370 καὶ
915 325 993 379 ἔξω
1017 329 1157 385 τρίβου
1183 329 1334 383 μεταξὺ
1363 331 1534 375 διελθεῖν
1560 330 1634 390 ὅρη
1667 329 1744 376 δύ-

275 402 431 442 νασθαι
454 398 520 438 καὶ
545 401 736 454 φοιτῆσαι
761 396 863 454 πρὸς
878 396 1166 452 Νικομήδειαν,
1191 399 1345 453 βουλὴν
1363 399 1621 454 βουλεύονται
1644 388 1741 444 συν-

276 467 366 521 ετὴν
395 464 482 519 ἅμα
519 468 586 508 καὶ
617 466 825 523 τολμηρὰν
849 465 975 523 ἄμφω
1002 467 1098 517 τούς
1118 469 1268 517 παῖδας
1288 470 1498 525 λαθραίως
1519 474 1592 525 τῆς
1612 469 1743 526 πύλης
1801 464 1811 476 ’

275 538 481 591 ἐξαγαγεῖν
511 539 584 577 τοῦ
618 533 818 592 ἐρύματος
830 567 844 587 ,
879 533 1048 590 ὁπηνίκα
1070 536 1108 577 οἶ
1133 534 1310 592 φύλακες
1332 536 1474 587 νυκτὸς
1498 538 1742 582 καθυπνώτ-

273 621 412 655 τουσι,
448 605 515 646 καὶ
538 606 711 661 δρασμῷ
733 604 806 658 τὴν
832 607 913 646 τῶν
925 606 1087 646 παίδων
1112 603 1504 661 πραγματεύσασθαι
1527 610 1774 664 ewrwinus

274 672 422 729 ὁδηγὸν
454 667 525 714 οὖν
558 673 714 723 ἀξιοῦσι
744 676 883 727 λαβεῖν
913 672 984 715 τὸν
1021 671 1195 730 ἅγρότην
1223 678 1294 728 τῆς
1331 672 1428 716 ὁδοῦ
1459 676 1525 716 καὶ
1555 676 1742 718 πείθουσι

270 740 494 798 χρημάτων
522 740 774 796 ὑποσχέσεσι.
841 739 966 784 νύκτα
996 735 1067 783 οὖν
1100 740 1458 799 παρατηρήσαντες
1492 743 1648 799 ἆφεγγῆ
1673 731 1742 786 καὶ

276 811 470 865 ἀσέληνον
497 812 563 852 καὶ
588 811 661 866 τὴν
688 813 824 852 κλεῖδα
851 814 922 864 τῆς
953 808 1082 865 πύλης
1106 809 1406 865 ὗποκλέψαντες
1433 811 1502 853 τὸν
1521 812 1594 865 μὲν
1618 810 1743 869 ἆγρόε

277 897 351 934 την
373 879 450 930 ἔξω
471 879 611 922 εἴασαν
634 883 706 921 τοῦ
727 877 947 936 ἐρύματος,
981 881 1317 935 παραγγείλαντες
1335 880 1392 935 μὴ
1413 878 1551 936 πόρρω
1569 884 1641 934 τῆς
1662 877 1743 922 πύ-

224 951 255 987 Β
277 953 352 1003 λης
384 950 610 1004 καταίρειν,
647 948 759 990 αὐτοὶ
797 949 840 989 δὲ
876 947 989 989 ἔνδον
1019 947 1129 998 ὄντες
1157 946 1407 1004 παρετήρουν
1425 948 1520 999 τοὺς
1542 947 1740 1006 φύλακας.
1753 955 1799 991 10

276 1019 359 1059 ἐπεὶ
398 1018 440 1059 δὲ
470 1016 547 1071 ἤδη
582 1015 848 1073 ἀφύπνωττον
875 1015 1071 1068 ἅπαντες,
1109 1015 1129 1058 ὃ
1155 1022 1228 1059 τοῦ
1247 1018 1517 1074 πρεσβυτέρου
1540 1021 1620 1060 τῶν
1645 1019 1741 1059 παί-

278 1088 360 1129 δων
383 1085 638 1140 παιδαγωγὸς
662 1089 735 1126 τοῦ
753 1083 1022 1141 χαριεστάτου
1039 1086 1214 1140 Μιχαὴλ
1239 1085 1399 1142 (ὄνομα
1419 1091 1477 1144 τῷ
1498 1087 1742 1143 παιδαγωγῷ

275 1152 529 1203 Λεοντάκιος
558 1148 660 1208 ἦν),
697 1153 798 1210 ἀνὴρ
826 1155 1012 1207 ἐκτομίας
1031 1157 1098 1197 καὶ
1121 1155 1447 1209 νουνεχέστατος,
1483 1153 1679 1211 ἀφύπνιζέ
1697 1171 1740 1197 τε

272 1223 343 1265 τὸν
365 1224 492 1264 παῖδα
514 1224 580 1264 καὶ
603 1222 647 1264 τὸ
672 1223 810 1278 δρᾶμα
833 1221 1074 1278 ἀπήγγελλε,
1102 1224 1174 1278 τὴν
1194 1222 1323 1278 πύλην
1347 1221 1540 1280 πρότερον
1563 1223 1740 1273 ἀνοίξας.

271 1293 406 1347 ἐξῆγεν
433 1285 503 1332 οὖν
528 1291 654 1341 εὐθὺς
675 1292 822 1333 ἐκεῖνον
848 1293 916 1333 καὶ
942 1290 1156 1349 παρηγγύα
1180 1292 1448 1348 θατέρῳμτῶν
1471 1294 1738 1347 παιδαγωγῶν
1751 1299 1795 1336 15

269 1358 518 1402 ἐπισπεύδειν
540 1359 612 1414 τὴν
629 1363 701 1401 τοῦ
720 1358 855 1416 ἑτέρου
880 1358 1098 1417 ἀφύπνισίν
1119 1377 1160 1403 τε
1182 1362 1248 1402 καὶ
1272 1359 1422 1411 ἔξοδον.
1463 1357 1484 1401 ὅ
1509 1361 1552 1401 δὲ
1574 1359 1739 1407 ἔσπευσε,

266 1431 366 1484 με’ν,
403 1427 610 1482 ἓδυστύχει
638 1429 682 1470 δὲ
707 1427 839 1482 ὅμως·
879 1429 920 1470 ἒν
943 1427 1025 1487 ὅσῳ
1051 1429 1129 1486 γὰρ
1153 1427 1290 1485 κατῄει
1313 1426 1454 1485 ψόφος
1474 1445 1534 1476 τις
1556 1429 1644 1484 περὶ
1666 1427 1740 1483 τὴν

267 1500 444 1551 κλίμακα
470 1499 621 1553 γέγονε,
658 1499 724 1539 καὶ
753 1497 790 1538 οἳ
812 1495 990 1554 φύλακες
1006 1502 1080 1540 τοῦ
1104 1495 1247 1555 ψόφου
1272 1495 1508 1550 αἰσθόμενοι
1529 1494 1754 1550 ἀνεπήδων,

219 1581 251 1616 c
274 1568 341 1608 καὶ
373 1565 483 1615 ὅστις
512 1565 574 1621 ᾔει
606 1564 845 1621 ἀνηρεύνων.
916 1563 937 1607 ὃ
972 1567 1015 1608 δὲ
1042 1566 1260 1623 προλαβών
1279 1566 1415 1619 ἵστησι
1440 1564 1510 1607 τὸν
1530 1566 1657 1606 παῖδα
1683 1562 1739 1614 ὥς

266 1630 388 1691 οὖρον
410 1635 610 1687 ἐκχέοντα.
681 1634 773 1675 ἀλλ’
799 1632 909 1687 ὅμως
929 1633 1067 1677 ἐκεῖνοι
1090 1632 1387 1691 περιεργότερον
1411 1631 1572 1687 ἐζήτουν
1595 1634 1663 1674 καὶ
1684 1632 1793 1675 τὰέο

265 1705 356 1760 περὶ
389 1707 461 1745 τοῦ
493 1702 669 1757 Μιχαὴλ
701 1701 988 1744 ἐπυνθάνοντο.
1059 1703 1257 1758 ἀπογνοὺς
1291 1697 1362 1744 οὖν
1392 1699 1413 1743 ὃ
1451 1701 1562 1750 ἐντὸς
1588 1700 1736 1756 διάγων

267 1771 524 1826 παιδαγωγὸς
558 1773 625 1812 καὶ
660 1773 796 1820 δείσας
832 1771 890 1825 μὴ
920 1769 1032 1828 ἁλώῃ
1056 1770 1077 1813 ὃ
1101 1769 1377 1827 διαπεφευγὼς
1395 1769 1473 1825 ἤδη
1493 1770 1736 1828 γεγωνοτέρᾳ

268 1841 456 1897 ἐκέχρητο
481 1841 522 1881 ἐν
542 1846 630 1890 ταῖς
649 1839 881 1897 ἀποκρίσεσι
911 1844 963 1896 τῇ
993 1844 1122 1898 φωνῇ.
1191 1837 1430 1893 αἰσθόμενοι
1453 1838 1496 1880 δὲ
1517 1842 1589 1893 τῆς
1605 1854 1736 1895 ταρα-

267 2005 330 2028 ιιειι
346 1993 533 2038 frequentis
549 1992 637 2026 ultro
657 1992 808 2037 citroque
824 1991 1071 2026 commeationis
1087 2003 1202 2026 omnes
1217 1992 1406 2035 anfractus,
1441 1990 1551 2026 omnia
1576 2002 1735 2038 compen-

269 2041 327 2074 dia
355 2040 518 2081 edoctus,
552 2038 723 2072 consilium
746 2038 864 2071 ineunt
886 2038 993 2072 solers
1010 2042 1045 2071 et
1059 2038 1171 2072 audax
1187 2050 1365 2083 puerorum
1383 2050 1402 2071 e
1418 2042 1528 2072 castro
1545 2037 1734 2071 educendo-

267 2097 340 2120 rum
354 2111 364 2127 ‚
397 2097 459 2129 per
486 2089 619 2118 noctem
636 2084 755 2129 sopitis
771 2083 986 2126 custodibus,
1018 2089 1053 2118 et
1067 2084 1150 2128 fuga
1165 2085 1224 2118 tali
1241 2085 1358 2118 salutis
1375 2084 1558 2129 principum
1575 2095 1616 2117 ac
1628 2083 1734 2116 liber-

263 2131 346 2166 tatis
370 2130 612 2175 expediendae.
662 2135 766 2174 agunt
790 2130 891 2174 igitur
916 2141 988 2163 cum
1014 2130 1140 2163 rustico
1158 2135 1194 2164 et
1206 2131 1306 2164 facile
1321 2130 1484 2175 promissa
1498 2128 1638 2175 pecunia
1653 2139 1733 2183 per-

265 2177 426 2217 suadent,
458 2180 495 2209 ut
518 2176 586 2209 dux
609 2187 684 2210 esse
708 2176 790 2220 ipsis
815 2175 931 2210 vellet.
978 2181 1079 2209 nocte
1093 2176 1196 2220 igitur
1212 2177 1395 2210 observata
1420 2177 1565 2210 obscura
1587 2179 1622 2208 et
1637 2173 1732 2208 illuni

265 2228 301 2257 et
326 2227 447 2267 portae
471 2222 591 2255 clavim
613 2221 770 2254 suffurati
787 2222 911 2255 rustico
927 2221 1060 2266 quidem
1078 2221 1299 2255 condixerunt
1314 2222 1355 2255 ad
1371 2227 1497 2255 certum
1513 2225 1610 2254 extra
1625 2219 1732 2253 muni-

265 2269 389 2302 tionem
416 2267 525 2300 locum
540 2293 550 2309 ‚
583 2267 832 2311 praecipientes
848 2279 891 2300 ne
906 2267 1043 2300 multum
1061 2278 1081 2300 a
1097 2273 1195 2312 porta
1210 2268 1419 2302 abscederet.
1466 2265 1530 2311 ipsi
1543 2276 1624 2300 vero
1639 2265 1731 2298 intus

264 2314 422 2348 custodes
445 2314 684 2347 observabant.
733 2313 789 2356 qui
812 2313 868 2346 ubi
895 2324 957 2358 per
979 2317 1111 2347 noctem
1135 2314 1330 2347 concubiam
1353 2312 1558 2347 obdormisse
1573 2310 1635 2344 visi
1650 2315 1731 2345 sunt
1757 2339 1759 2342 ,

263 2360 401 2402 cuncti,
433 2359 651 2403 paedagogus
671 2358 807 2392 maioris
822 2363 902 2391 natu
919 2370 1096 2403 puerorum
1111 2359 1317 2392 festivissimi
1333 2357 1528 2399 Michaelis,
1557 2357 1731 2391 eunuchus

250 2407 360 2460 vhtomo
378 2405 676 2451 prudentissimus,
709 2403 841 2437 nomine
866 2404 1089 2446 Leontacius‚
1123 2405 1287 2438 excitavit
1302 2416 1438 2450 puerum
1455 2407 1488 2436 et
1501 2413 1572 2436 rem
1589 2414 1730 2448 compo-

264 2452 360 2485 sitam
377 2451 548 2487 indicavit.
574 2462 650 2484 mox
667 2455 766 2494 porta
783 2454 935 2483 reserata
950 2450 1068 2483 eduxit
1084 2462 1126 2484 ex
1142 2462 1220 2484 arce
1236 2451 1327 2495 prius
1343 2449 1509 2484 admonito
1527 2449 1727 2493 paedagogo

262 2498 390 2539 altero,
419 2502 457 2530 ut
473 2502 507 2530 et
523 2496 597 2541 ipse
612 2507 707 2529 suum
724 2496 888 2529 alumnum
905 2497 1180 2540 expergefactum
1197 2496 1369 2532 educeret.
1412 2493 1613 2528 festinavit*
1603 2506 1631 2527 ιε
1647 2494 1727 2548 qui·

256 2543 331 2576 dem
349 2554 451 2585 agere
467 2542 526 2576 sed
543 2541 668 2575 infelici
684 2552 852 2576 successu.
901 2552 975 2574 cum
991 2541 1077 2574 enim
1093 2542 1335 2584 descenderet,
1366 2539 1480 2573 nescio
1502 2540 1583 2584 quid
1599 2539 1726 2586 strepi-

257 2592 313 2621 tus
328 2588 486 2621 acutioris
503 2599 523 2621 e
538 2588 628 2621 scala
645 2587 755 2620 sonuit
769 2598 863 2631 ‚quo
884 2587 1042 2621 custodes
1057 2588 1171 2621 audito
1189 2587 1346 2621 exsiliunt
1361 2591 1396 2619 et
1411 2590 1628 2619 accurrentes
1643 2586 1726 2630 quid

259 2634 305 2668 sit
321 2634 508 2677 explorant.
556 2633 606 2666 his
623 2633 680 2666 ille
698 2633 925 2677 deprehensus
942 2634 1109 2677 praesenti
1125 2634 1234 2667 animo
1252 2643 1392 2685 puerum
1410 2631 1514 2665 offert
1528 2631 1722 2675 mittendae,

260 2684 299 2714 ut
316 2679 446 2720 aiebat,
474 2678 590 2712 urinae
605 2679 777 2713 dumtaxat
792 2690 893 2712 causa
910 2679 1063 2712 cubiculo
1080 2690 1261 2723 egressum.
1308 2677 1368 2710 sed
1382 2677 1429 2710 illi
1446 2677 1573 2710 semei‘
1563 2689 1596 2710 ιιι
1612 2677 1725 2722 suspi-

261 2726 390 2760 cionem
408 2724 488 2757 moti
505 2724 666 2757 curiosius
681 2725 724 2757 de
741 2725 869 2758 cunctis
892 2724 1106 2768 inquirebant
1125 2729 1160 2758 et
1179 2724 1222 2757 de
1237 2723 1402 2757 Michaele
1424 2723 1724 2767 percontabantur.

259 2771 525 2818 perturbabatur
548 2781 588 2802 ea
611 2769 777 2803 mentione
802 2770 1022 2814 paedagogus
1045 2769 1101 2814 qui
1124 2770 1212 2803 intus
1234 2774 1441 2802 remanserat
1456 2774 1491 2803 et
1504 2774 1656 2802 metuens
1679 2779 1724 2803 ne

261 2817 493 2851 retraheretur
505 2841 515 2858 ,
540 2815 597 2859 qui
611 2815 675 2848 iam
693 2821 850 2851 evaserat
865 2815 966 2859 paulo
982 2815 1093 2848 altiori
1108 2815 1142 2848 in
1159 2814 1431 2859 responsionibus
1449 2826 1534 2848 voce
1548 2815 1722 2856 utebatur,
1754 2845 1758 2848 .

262 2874 329 2909 quo
357 2862 484 2898 scilicet
510 2860 673 2897 admoniti
686 2871 770 2895 sono
788 2861 846 2906 qui
862 2860 946 2895 soris
960 2865 1057 2895 erant
1070 2871 1108 2895 se
1122 2861 1156 2895 in
1171 2865 1280 2895 tutum
1295 2861 1534 2896 subducerent.
1581 2859 1616 2894 id
1632 2859 1722 2906 quod
