1878 3262
0 2943 29 3262 :fiffl<·²'‘?*7⁷‘⁷y7*'-²²‘²s

623 203 1023 250 HISTORIARUM
1052 207 1104 250 L.
1129 205 1188 250 11.
1580 208 1644 254 81

179 323 262 361 θου
284 319 342 367 εἷς
364 317 514 373 ε’κείνην
529 317 605 373 τὴν
623 316 779 375 ἡμέραν
805 316 1074 377 λειτούργημα
1095 320 1316 380 ἐκπληρῶν.
1383 319 1643 379 ἐπιτέτραπτο

179 387 227 429 δέ
243 386 282 428 οἱ
301 388 369 428 καὶ
386 389 623 442 συμμαχίας
638 388 727 443 πέρι
748 386 954 444 Κορράδῳ
973 389 1207 443 διειλέχθαι.
1273 389 1326 445 ἢν
1349 390 1486 445 ἐπειδὴ
1504 394 1643 449 πολλῷ

176 452 238 513 τῷ
265 453 550 498 διαλλάσσοντι
573 454 799 510 Ῥωμαίους
820 457 887 498 καὶ
909 456 1163 510 Ἀλαμανοῦς
1191 460 1400 512 ξυμβαίνει
1417 457 1640 513 μάχεσθαι,

175 523 251 579 τὴν
275 524 350 578 μὲν
378 528 546 578 βασιλεῖ
568 526 679 579 δοίη,
713 528 852 581 πολλῷ
880 525 924 566 δὲ
945 524 1153 579 ἀντιλάβοι
1183 529 1372 580 πλείονα,
1411 527 1453 570 εἷ’
1465 544 1508 584 γε
1527 528 1638 585 αὐτῷ
1659 544 1692 579 1)

142 600 165 636 5
173 593 409 651 βουλομένῳ
429 593 541 635 ἔσται
555 591 691 648 μάχης
717 592 821 635 κατὰ
845 595 1022 650 Περσῶν
1036 598 1203 647 βασιλεῖ
1214 600 1466 651 κοινωνῆσαι.
1537 594 1642 638 ὁδῶν

173 678 216 704 τε
250 663 367 719 σφίσι
395 662 664 719 προκειμένων
695 663 829 712 δυοῖν,
877 659 1050 721 ὁποτέρᾳ
1079 661 1130 704 ἂν
1158 661 1283 713 αὐτὸς
1307 663 1498 718 βούλοιτο
1525 666 1639 717 ἰέναι,

172 727 324 785 ταύτην
352 730 403 785 δὴ
433 729 613 773 ἑλέσθαι.
682 731 891 787 Στέφανος
921 731 996 784 μὲν
1026 725 1098 772 οὖν
1118 730 1326 789 Κορράὸῳ
1355 737 1486 774 ταῦτα
1509 732 1639 789 ἀπήγ-

170 803 320 855 γελλεν.
389 796 411 841 ὃ
442 800 486 841 δὲ
516 800 557 849 ἐς
585 798 740 853 βουλὴν
765 799 835 850 ξὺν
858 805 944 849 τοῖς
972 797 1099 841 αὐτοῦ
1118 800 1325 850 καταστὰς
1348 800 1450 857 πρὸς
1470 803 1545 855 μὲν
1564 802 1639 856 τὴν

171 865 395 922 ὁμαιχμίαν
429 868 615 919 ἀπεῖπεν,
667 865 762 910 ὁδὸν
797 868 842 911 δὲ
872 867 901 922 ἢ
941 870 1180 921 Φιλομίλιον
1213 868 1301 925 ἄγει
1339 868 1462 919 αὐτὸς
1499 871 1638 912 εἵλετο.

116 937 288 994 ίομέχρι
317 937 391 990 μὲν
418 931 490 978 οὖν
522 938 789 992 Μελαγγείων
818 938 885 978 καὶ
914 937 1149 993 Δορυλαίου
1179 936 1334 988 πόλεως
1366 938 1482 980 οὐδὲν
1513 938 1638 995 ἄχαρι

161 1005 406 1059 Ἀλαμανοΐς
424 1003 671 1060 ὑπηντίαζεν.
741 1005 923 1047 ἐνταῦθα
950 1006 994 1047 δὲ
1012 1007 1237 1061 γενομένοις
1253 1004 1525 1062 Μαμπλοῖνης
1544 1006 1637 1049 ὅνο-

166 1092 229 1128 μα
245 1074 414 1130 Πέρσης
435 1074 536 1131 ἀνὴρ
556 1072 644 1128 ἅμα
664 1072 935 1131 στρατεύματι
959 1074 1080 1132 ὀλίγῳ
1099 1082 1183 1125 τοῖς
1208 1076 1476 1132 ἐμπροσθίοις
1501 1076 1637 1118 αὖτιῦν

167 1143 392 1199 προσέβαλε
423 1141 644 1198 τάγμασιν,
692 1141 1062 1200 ἀποπειρασόμενός
1087 1138 1128 1186 τε
1163 1149 1236 1198 τῆς
1252 1142 1391 1198 ἰσχύος
1409 1144 1547 1194 αὐτοῖς
1566 1146 1635 1186 καὶ

164 1210 235 1253 τὸν
252 1215 324 1266 τῆς
345 1209 608 1268 παρατάξεως
627 1210 736 1261 ὅπως
761 1213 857 1254 ποτὲ
878 1211 959 1266 ἔχοι
978 1210 1269 1266 μαθησόμενος
1285 1210 1448 1269 τρόπον.
1510 1212 1634 1255 Ἀλα-

112 1282 286 1334 15μανοὶ
315 1281 471 1332 τοίνυν,
514 1280 649 1335 ἐπειδὴ
680 1281 842 1336 Πέρσαι
872 1280 918 1322 τὸ
960 1284 1120 1336 πρῶτον
1157 1281 1295 1331 αὐτοῖς
1324 1279 1632 1338 παρεςιιάνησαν,
1656 1296 1685 1330 Ρ
1709 1297 1755 1333 46

164 1348 296 1390 οὐκέτι
324 1348 430 1390 κατὰ
460 1347 666 1398 συντάξεις
692 1347 890 1406 ἐχώρουν·
945 1352 1073 1406 θυμῷ
1112 1350 1155 1390 δὲ
1194 1351 1261 1391 καὶ
1294 1348 1467 1407 θορύβῳ
1495 1354 1635 1407 πολλῷ

162 1415 344 1471 ἐχόμενοι
372 1417 469 1459 κατ’
506 1418 639 1459 αὐτῶν
663 1416 800 1473 ᾔεσαν.
868 1418 1029 1474 Πέρσαι
1062 1418 1104 1459 δὲ
1136 1418 1210 1467 ἕως
1232 1418 1305 1471 μὲν
1334 1418 1381 1459 οὗ
1400 1416 1539 1475 πόρρω
1561 1422 1635 1460 τοῦ

161 1490 280 1543 σφῶν
310 1485 445 1528 αὐτῶν
472 1487 746 1542 στρατοπέδου
760 1487 979 1539 Ἀλαμανοὶ
1005 1481 1134 1541 ἦσαν,
1165 1491 1275 1528 νῶτα
1294 1486 1455 1527 ε’ὁίὸουν
1470 1489 1539 1528 καὶ
1560 1487 1634 1541 τὴν

161 1554 294 1612 φυγὴν
309 1552 563 1611 ὑπεκρίνοντο
577 1567 588 1578 ·
617 1555 752 1609 ἐπειδὴ
776 1555 819 1596 δὲ
838 1554 864 1609 ἣ
884 1572 925 1597 τε
941 1556 1066 1605 ἵππος
1088 1555 1225 1604 αῧτοῖς
1246 1553 1451 1609 ἐκεκμήκει
1471 1557 1538 1596 καὶ
1559 1559 1634 1597 τοῦ

105 1624 435 1681 2οστρατοπέὸου
464 1623 628 1680 μακρὰν
655 1622 734 1678 ἤδη
764 1622 1007 1679 ἐγεγόνεισαν
1015 1655 1029 1675 ,
1071 1621 1360 1681 ἀποστρόφους
1383 1623 1458 1673 τὰς
1486 1622 1631 1666 ἐπελά-

160 1708 243 1742 σεις
264 1693 467 1745 τιθέμενοι
489 1694 640 1742 ἵππους
664 1709 707 1735 τε
735 1694 802 1734 καὶ
825 1691 974 1742 αὐτοὺς
1000 1691 1182 1734 ἔκτεινον.
1250 1689 1445 1741 πολλάκις
1465 1709 1506 1734 τε
1527 1692 1627 1734 αὐτὸ

158 1760 318 1816 γεγονὸς
345 1761 386 1810 ἐς
409 1760 611 1817 ὀρρωδίαν
641 1761 788 1818 μέτρον
815 1761 888 1802 οὐκ
916 1761 1088 1814 ἔχουσαν
1114 1758 1283 1810 τούτους
1310 1761 1509 1814 ἐνέβαλεν.
1577 1755 1628 1814 ἦν

159 1824 231 1870 οὖν
254 1830 352 1870 ἰδεῖν
378 1829 473 1878 τοὺς
496 1830 599 1882 χθὲς
616 1833 788 1885 θρασεῖς
814 1831 884 1871 καὶ
914 1828 1114 1880 ἀλαζόνας
1133 1830 1201 1870 καὶ
1220 1833 1366 1885 θηρῶν
1395 1830 1509 1882 δίκην
1527 1828 1627 1869 ἄνυ-

158 1888 371 1940 πόστάτων
389 1895 594 1950 ἐπιόντας,
637 1896 793 1948 δειλούς
810 1915 851 1941 τε
873 1899 941 1940 καὶ
963 1898 1113 1953 ἀγενεῖς
1131 1899 1198 1939 καὶ
1219 1897 1337 1938 οὐδὲν
1361 1895 1452 1938 οὔτε
1471 1899 1625 1954 πρᾶξαι

247 2017 282 2051 6.
315 2011 505 2062 ὁποτέρᾳ]
544 2015 630 2050 Cod.
660 2011 840 2063 ὁποτέρῳ.
980 2017 1037 2052 20.
1063 2011 1354 2059 ἄποστρόφους]
1387 2013 1490 2050 Fert.
1518 2012 1623 2060 οἷγχι-

245 2059 433 2107 στρόφους
446 2062 506 2096 vel
515 2058 792 2106 ὑποστρόφους.

154 2165 235 2199 dato
246 2190 257 2206 ‚
281 2168 321 2198 ut
336 2164 380 2197 de
394 2163 474 2198 belli
495 2164 596 2197 etiam
620 2163 786 2197 societate
809 2163 955 2197 ineunda
970 2173 1043 2196 curn
1059 2162 1220 2197 Conrado
1243 2173 1416 2196 sermones
1431 2163 1624 2196 conferret:

154 2222 254 2256 quam
277 2210 308 2244 si
326 2210 385 2244 ille
407 2210 604 2244 admitteret
616 2237 626 2254 ,
662 2209 932 2254 quandoquidem
958 2210 1097 2243 multum
1120 2209 1302 2242 interesset
1319 2208 1466 2242 Romani
1483 2220 1527 2242 an
1542 2208 1624 2242 Ale-

153 2257 264 2291 manni
279 2256 370 2290 bella
380 2262 559 2300 gererent,
581 2256 704 2289 auxilia
718 2256 852 2300 quidem
876 2255 1090 2289 submitteret
1103 2255 1317 2299 imperatori,
1341 2255 1384 2288 ab
1400 2254 1456 2287 illo
1473 2253 1622 2288 vicissim

151 2308 351 2348 recepturus
366 2304 516 2344 maiora,
538 2302 569 2336 si
585 2313 676 2335 arma
692 2313 765 2335 cum
790 2301 993 2345 imperatore
1008 2301 1173 2334 adversus
1189 2301 1314 2334 Persas
1339 2299 1545 2344 coniungere
1560 2311 1624 2345 pa-

151 2355 246 2382 ratus
266 2354 377 2382 esset:
411 2359 513 2392 porro
539 2348 670 2381 duabus
696 2347 896 2392 propositis,
918 2347 1061 2391 eligeret
1081 2347 1138 2380 ille
1153 2357 1254 2391 quam
1270 2345 1374 2379 vellet
1388 2345 1487 2379 viam.
1536 2346 1621 2378 haec

154 2394 312 2428 Conrado
336 2394 531 2438 Stephanus
555 2391 734 2427 nuntiavit.
781 2393 838 2426 ille
861 2392 930 2427 suis
953 2392 987 2426 in
1015 2393 1186 2426 consilium
1211 2391 1359 2434 coactis,
1393 2390 1620 2424 commilitium
1655 2410 1660 2417 ›

151 2440 284 2485 penitus
299 2440 482 2473 recusavit.
525 2440 647 2474 itinere
662 2450 746 2472 vero
772 2438 1001 2472 Philomelium
1016 2450 1137 2472 versus
1151 2438 1304 2471 instituto
1316 2464 1326 2481 ,
1350 2437 1429 2469 nihil
1452 2437 1500 2470 illi
1517 2436 1619 2480 quid-

151 2485 240 2530 piam
254 2485 380 2519 sinistri
406 2485 550 2530 accidit,
574 2496 751 2530 quousque
774 2485 815 2518 ad
830 2484 1006 2528 Melangia
1030 2489 1065 2518 et
1087 2484 1294 2527 Dorylaeum
1317 2482 1478 2527 oppidum
1495 2493 1619 2526 perve-

150 2531 212 2564 nit.
255 2537 328 2565 tum
347 2531 435 2564 enim
456 2532 666 2576 Mamplanes
691 2533 795 2564 l'ersa
811 2542 885 2564 cum
914 2531 1037 2574 exiguo
1064 2530 1216 2563 exercitu
1231 2529 1266 2562 in
1286 2528 1427 2572 primam
1444 2527 1549 2573 aciem
1564 2527 1619 2560 in—

150 2581 270 2611 vectus
295 2582 366 2618 est,
391 2588 459 2622 quo
485 2577 577 2612 vires
601 2577 755 2619 hostiles,
783 2582 819 2610 et
842 2573 1014 2621 pugnandi
1034 2576 1174 2609 formam
1192 2574 1395 2619 exploraret.
1443 2573 1619 2607 Alemanni

151 2621 230 2655 visis
243 2622 384 2667 primum
405 2630 475 2657 tum
502 2623 635 2665 Persis,
659 2623 751 2656 nullo
775 2622 907 2667 quidem
922 2622 1058 2662 ordine,
1095 2621 1158 2654 sed
1172 2631 1246 2654 cum
1261 2620 1389 2664 impetu
1403 2618 1618 2662 tumultuque

152 2666 186 2700 in
205 2678 264 2701 eos
284 2668 427 2703 irruere.
473 2669 539 2710 illi,
569 2669 728 2713 quamdiu
751 2668 838 2702 haud
859 2668 978 2714 procul
993 2679 1012 2700 a
1031 2666 1152 2700 castris
1178 2670 1276 2699 erant
1291 2665 1492 2708 Alemanni,
1515 2670 1618 2708 terga

152 2717 312 2754 vertunt,
343 2715 527 2759 fugamque
548 2715 725 2748 simulant:
761 2714 839 2747 dein
862 2714 961 2748 fessis
984 2712 1230 2757 insequentium
1257 2710 1371 2756 equis,
1404 2715 1509 2755 atque
1531 2710 1617 2754 ipsis

151 2758 282 2802 longius
300 2769 321 2791 a
341 2763 458 2794 cetero
485 2761 639 2794 exercitu
662 2760 863 2802 abstractis,
899 2770 1065 2793 converso
1092 2768 1193 2792 cursu
1217 2767 1321 2802 equos
1337 2767 1412 2790 cum
1426 2756 1616 2790 sessoribus

151 2804 472 2850 conciduntz'idque
491 2807 674 2851 repetitum
696 2806 822 2852 pluries
844 2806 1053 2839 immodicum
1067 2803 1259 2838 Alemannis
1282 2808 1450 2836 terrorem
1464 2801 1618 2834 incussit.

149 2855 220 2883 tum
236 2849 365 2884 demum
381 2851 498 2886 videre
512 2857 588 2888 erat
602 2854 735 2888 seroces
749 2863 857 2897 nuper
872 2857 908 2887 et
922 2851 1070 2886 tumidos
1082 2875 1095 2894 ,
1125 2849 1252 2895 quique
1267 2849 1416 2883 ferarum
1430 2848 1540 2881 instar
1555 2847 1617 2879 ho-

206 2902 406 2939 Cinnamus.
1313 2899 1340 2937 6

1844 1320 1858 1348 1
