1878 3262
559 219 1106 265 COMMENTARIORUM
1139 222 1188 265 L.
1221 221 1256 264 Ι.
1575 222 1640 268 35

172 333 240 374 καὶ
274 328 525 390 φιλομήτωρ.
597 330 760 390 ἀπάρας
794 328 866 376 οὖν
896 334 1051 378 ἓκεῖθεν
1071 339 1145 391 τῆς
1165 334 1267 393 πρὸς
1286 334 1356 378 τὸν
1373 337 1544 391 βασιλέα
1564 355 1639 396 φε-

171 398 322 457 ρούσης
347 399 518 456 ἥπτετο,
553 403 620 444 καὶ
654 402 704 456 δὴ
733 401 883 459 φθάνει
909 409 1052 446 τοῦτον
1087 407 1177 462 περὶ
1202 405 1248 447 τὸ
1277 404 1510 462 Δορύλαιον
1538 423 1638 463 σκη-
1661 414 1693 450 C

169 473 317 511 νοῦντα
341 471 408 511 καὶ
432 471 501 512 τὸν
526 470 700 527 στρατὸν
721 474 1025 529 συναγείραντα.
1095 472 1116 515 ὅ
1146 475 1190 516 δὲ
1214 478 1358 516 τοῦτον
1384 475 1482 517 idean
1506 477 1573 517 καὶ
1599 469 1642 520 ἓν

164 536 390 592 ἀναμνήσει
414 543 488 581 τοῦ
510 538 674 589 πάθους
691 538 899 595 γενόμενος
922 539 1109 598 δακρύειν
1130 559 1171 584 τε
1190 541 1342 599 ἤρξατο
1366 545 1434 584 καὶ
1455 546 1545 600 περὶ
1562 549 1636 599 τῆς
1655 552 1692 589 V
1716 554 1761 590 16

134 607 320 648 5ἒκείνου
342 607 498 664 μητρὸς
520 606 780 651 ἐπυνθάνετο.
849 611 916 651 καὶ
939 611 1052 660 τέλος
1070 609 1252 663 βιάζεται
1273 616 1416 653 τοῦτον
1442 612 1544 670 πρὸς
1567 613 1641 669 τὴν

167 676 324 732 μητέρα
359 680 676 731 παλινοστῆσαι,
714 681 833 719 τοῦτο
867 677 1032 736 φράσας
1061 677 1117 728 ὥς
1149 680 1196 720 οὗ
1229 679 1353 721 καλόν
1379 681 1462 723 ἔστι
1488 680 1641 737 ταύτην

168 744 231 784 ἐπὶ
254 743 434 802 τοσούτῳ
453 746 614 800 μεγέθει
640 743 805 796 πάθους
829 751 1060 790 καταλιπεῖν
1085 746 1372 804 ἀπαράκλητον
1385 781 1398 800 ,
1434 754 1493 806 τῷ
1513 749 1641 793 πάθει

166 811 306 862 πάθος
326 814 581 870 προσθέντας
605 818 663 872 τῷ
688 815 836 857 ἐκείνου
867 814 1038 874 θανάτῳ
1066 815 1140 870 τὴν
1164 817 1238 870 σὴν
1265 818 1327 858 ἐπὶ
1350 818 1509 874 μακρὸν
1534 819 1639 861 ἄπο-

163 882 330 935 ’δημιάκ
398 886 528 923 ταῦτα
552 883 626 936 μέν
652 877 724 924 οὖν
749 881 770 924 ὃ
794 883 999 937 βασιλεύς.
1068 882 1089 925 ὃ
1118 885 1162 925 δ’
1192 886 1375 942 ἐπειρᾶτο
1402 889 1640 942 προσμένειν

110 958 156 993 10
166 951 233 990 καὶ
256 950 502 999 ξυνέπεσθαί
517 951 555 992 οἱ
577 951 681 994 κατὰ
703 950 929 1009 βαρβάρων
952 950 1223 1009 στρατεύοντι.
1293 953 1399 995 ἀλλὰ
1419 958 1548 996 ταῦτα
1572 957 1640 998 λε’-

162 1034 245 1074 γων
269 1018 340 1060 τὸν
362 1020 534 1072 βασιλέα
560 1020 632 1061 οὐκ
658 1019 814 1062 ἔπειθε·
842 1023 907 1063 καὶ
932 1021 1082 1063 ἄκοντα
1105 1021 1182 1078 γὰρ
1206 1026 1350 1064 τοῦτον
1370 1024 1631 1074 ἕπαναζεῦξαι
1654 1031 1688 1066 D

163 1086 266 1142 πρὸς
290 1087 363 1142 τὴν
387 1089 544 1144 μητέρα
566 1087 876 1145 παρεσκεύασεν.
945 1088 967 1132 ὅ
999 1090 1074 1144 μὲν
1114 1084 1186 1132 οὖν
1222 1089 1339 1146 ἀπῄει
1355 1123 1367 1141 ,
1403 1089 1424 1132 ὃ
1449 1092 1492 1133 δὲ
1513 1096 1639 1145 βασι-

162 1155 254 1205 λεῦς
277 1154 416 1211 πρόσω
438 1161 587 1213 χωρῶν
612 1157 686 1208 τὰς
709 1156 937 1212 Ῥωμαϊκὰς
963 1156 1154 1212 δυνάμεις
1178 1157 1420 1215 συνήθροιζε
1443 1161 1511 1201 καὶ
1536 1161 1638 1218 πρὸς

161 1223 232 1265 τὸν
257 1222 433 1277 πόλεμον
461 1225 574 1282 αὐτῷ
600 1224 825 1283 ἐξηρτύετο.
1142 1276 1145 1278 ,

107 1298 150 1334 15
303 1293 378 1337 13.
446 1292 668 1348 Γενόμενος
708 1295 751 1336 δὲ
781 1296 872 1349 περὶ
898 1293 972 1349 τὴν
1006 1295 1297 1337 Καππαδοκῶν
1322 1293 1419 1345 τοὺς
1446 1295 1639 1352 ἀρίστους

161 1359 249 1414 ἅμα
283 1365 364 1402 τῶν
396 1366 632 1418 στρατηγῶν
667 1363 734 1404 ἔπ’
777 1362 989 1418 ἐκκλησίαν
1021 1361 1152 1405 ἐκάλει
1181 1365 1247 1404 καὶ
1272 1363 1427 1418 βουλὴν
1450 1366 1639 1422 περὶτοῦ

159 1429 338 1482 πολέμου
375 1431 613 1485 προύτίθει,
648 1430 954 1485 πυνθανόμενος
989 1432 1033 1473 δὲ
1067 1434 1102 1473 εἴ
1131 1431 1214 1488 χρὴ
1240 1430 1314 1486 τὴν
1340 1433 1403 1473 ἐπὶ
1429 1433 1636 1489 Περσίδος

159 1496 338 1554 ἐλαύνειν
356 1498 512 1540 κάκεῖσε
535 1506 619 1549 τοῖς
641 1498 842 1555 Τούρκοις
866 1501 1193 1553 συμπλέκεσθαι,
1229 1499 1256 1554 ἢ
1279 1500 1452 1553 μένοντα
1478 1502 1541 1542 ἐπὶ
1563 1505 1638 1556 τῆς

159 1567 266 1616 ἰδίας
290 1566 363 1621 τὴν
385 1567 542 1609 ἐκείνων
563 1560 717 1610 ἵλευσιν
731 1569 961 1622 ἀναμένειν·
987 1568 1196 1624 ἠγγέλλετο
1210 1567 1288 1625 γὰρ
1302 1567 1381 1623 ἤδη
1395 1571 1463 1611 καὶ
1477 1567 1498 1611 ὅ
1513 1574 1638 1612 σουλ-

103 1633 279 1684 Ξοτάνος
301 1636 476 1685 ἐξελθεῖν
498 1640 570 1691 τῆς
592 1638 798 1693 Περσίδος
817 1639 884 1679 καὶ
908 1641 1036 1694 σχολῇ
1059 1639 1126 1678 καὶ
1147 1636 1281 1691 βάδην
1302 1637 1407 1679 κατὰ
1422 1635 1635 1692 Ῥωμαίων
1657 1644 1687 1680 P
1710 1647 1756 1683 27

154 1709 315 1760 χωρεῖν.
383 1711 468 1754 τοῖς
491 1706 566 1758 μέν
592 1700 663 1747 οὖν
689 1704 816 1748 ἐδόκει
844 1705 932 1748 ὅσοι
956 1703 1215 1762 θρασύτερόν
1240 1722 1327 1755 πως
1354 1706 1541 1748 διέκειντο
1566 1710 1636 1749 καὶ

158 1770 499 1829 κολακικώτερον,
534 1773 592 1828 μὴ
623 1774 775 1828 μένειν,
812 1774 906 1816 ἀλλ’
945 1774 1104 1817 ἀπιέναι
1139 1775 1208 1816 καὶ
1237 1775 1543 1827 συμπλέκεσθαι
1575 1780 1637 1834 τῷ

251 1868 285 1902 2.
317 1864 551 1912 Δορύλαιον]
587 1868 632 1902 V.
656 1866 860 1912 Δορύλεον.
1006 1868 1042 1905 3.
1077 1867 1370 1912 συναγείραντοι]
1408 1868 1450 1901 V.
1476 1866 1634 1913 συνέγει·

252 1925 381 1958 ραντα.
524 1913 579 1949 14.
603 1910 730 1960 αὐτῷ]
751 1915 792 1948 Ρ.
817 1910 947 1955 αὐτάς.
1087 1916 1142 1950 17.
1169 1911 1230 1959 δὲ]
1257 1914 1355 1947 Fort.
1380 1913 1572 1951 delendum.

157 1991 353 2027 bellicarum
368 2003 478 2027 rerum
493 1991 605 2026 studio
622 1992 771 2026 cederet.
816 1992 895 2026 inde
908 1991 1014 2037 igitur
1053 1993 1204 2026 rofectus
1219 1991 1261 2025 ad
1279 1991 1516 2036 imperatorem
1530 2004 1634 2039 repe-

109 2072 115 2074 ,
157 2039 206 2072 rit
220 2050 293 2072 eum
311 2042 517 2083 congregato
533 2038 597 2071 iam
613 2038 764 2072 exercitu
780 2039 907 2072 stativa
922 2038 1014 2072 circa
1063 2038 1237 2082 orylaeum
1253 2037 1446 2082 habentem,
1474 2039 1532 2084 qui
1548 2041 1632 2073 Ale-

157 2085 214 2119 xio
229 2085 301 2118 viso
319 2085 507 2118 admonitus
522 2084 579 2118 illo
599 2089 786 2129 conspectu
803 2084 847 2118 de
863 2095 942 2118 casu
958 2084 1127 2117 Mauuelis
1139 2111 1149 2128 ,
1184 2095 1251 2117 non
1267 2085 1376 2117 tenuit
1390 2084 1546 2118 lacrimas
1557 2111 1568 2127 ‚
1597 2089 1633 2120 et

156 2130 209 2164 uti
235 2136 342 2164 mater
366 2131 509 2164 haberet
533 2135 754 2174 percontatus
777 2134 841 2164 est.
888 2140 929 2163 ac
950 2130 1087 2163 tandem
1111 2130 1242 2163 omnino
1268 2129 1411 2174 imperat
1431 2130 1475 2163 ad
1490 2135 1634 2165 matrem

155 2176 264 2222 ipsum
281 2175 429 2216 reverti,
461 2177 639 2221 praefatus
655 2186 798 2220 aequum
814 2186 882 2208 non
896 2186 973 2209 esse
987 2175 1078 2209 illam
1093 2175 1127 2208 in
1143 2175 1204 2208 tali
1221 2186 1377 2209 moerore
1393 2176 1632 2210 consolationis

161 2227 335 2267 expertem
351 2221 457 2256 omnis
472 2222 681 2266 relinquere:
707 2222 807 2255 immo
821 2232 911 2254 novo
928 2221 1048 2255 dolore
1062 2232 1083 2255 a
1097 2232 1151 2254 me
1165 2221 1239 2266 ipso
1256 2222 1479 2264 cumulatam,
1507 2222 1629 2267 inquit,

157 2268 186 2302 si
211 2269 312 2301 morti
333 2268 466 2302 maioris
490 2268 550 2301 filii
575 2273 665 2301 tuam
681 2278 745 2311 ego
762 2267 796 2300 in
811 2266 1021 2312 longinquam
1039 2266 1275 2301 abductionem
1299 2267 1498 2301 adiunxero.
1546 2268 1630 2302 talia

157 2313 292 2347 dicente
314 2317 470 2358 Augusto
489 2314 640 2358 excepit,
669 2312 860 2357 instititque
876 2318 995 2347 contra
1009 2312 1200 2348 Comnenus
1216 2313 1328 2346 multis
1345 2323 1446 2347 orans
1457 2339 1468 2356 ‚
1492 2324 1631 2348 manere

157 2363 198 2393 ut
222 2371 285 2404 per
310 2372 384 2394 eum
399 2360 433 2393 in
451 2360 602 2394 exercitu
616 2359 681 2393 sibi
697 2362 732 2393 et
746 2358 842 2403 sequi
856 2358 1033 2392 ducentem
1049 2359 1156 2404 ipsum
1185 2359 1348 2403 adversus
1366 2360 1529 2392 barbaros
1545 2360 1630 2393 lice-

156 2410 223 2439 ret.
269 2406 328 2439 sed
357 2405 437 2439 nibil
458 2406 628 2439 dimovere
649 2405 886 2449 imperatorem
901 2404 945 2439 de
959 2404 1128 2438 sententia
1147 2403 1268 2449 potuit.
1314 2404 1432 2448 itaque
1447 2404 1630 2448 quamlibet

156 2450 282 2485 invitus
299 2451 536 2496 reluctansque
550 2451 686 2495 regredi
701 2450 744 2483 ad
759 2454 898 2484 matrem
911 2477 921 2491 ,
953 2450 1110 2496 praeciso
1136 2449 1298 2494 principis
1318 2449 1411 2483 iussu
1435 2449 1628 2494 compulsus

158 2496 271 2531 itineri
297 2509 334 2531 se
357 2498 452 2530 dedit
475 2498 607 2531 domum
629 2507 769 2530 versus:
800 2498 954 2540 Augusto
978 2496 1120 2530 ulterius
1142 2499 1322 2536 movente,
1355 2499 1390 2528 et
1414 2499 1486 2529 tum
1501 2507 1628 2540 cogere

159 2541 330 2577 Romanas
345 2543 495 2588 undique
512 2543 625 2588 copias
635 2570 645 2586 ,
677 2547 748 2576 tum
764 2552 822 2575 eas
836 2543 878 2575 ad
894 2542 1019 2575 bellum
1034 2541 1203 2575 instruere
1218 2544 1394 2585 pergente.

252 2589 307 2623 13.
354 2589 434 2630 Quo
457 2589 579 2623 itinere
602 2599 675 2622 cum
698 2588 733 2621 in
757 2587 1008 2632 Cappadociam
1023 2586 1270 2631 promovisset,
1301 2584 1490 2631 praecipuis
1506 2585 1628 2621 ducum

159 2634 356 2668 convocatis
371 2636 414 2668 de
428 2646 554 2669 summa
571 2634 650 2668 belli
664 2633 854 2676 consultat,
885 2644 1009 2677 rogans
1025 2632 1146 2677 ecquid
1161 2635 1353 2676 praestaret
1368 2631 1557 2678 irrumpere
1573 2633 1626 2665 in-

158 2683 214 2712 tra
236 2679 322 2713 fines
344 2679 513 2720 Persidis,
542 2680 658 2725 ibique
682 2690 834 2725 pugnare
857 2690 931 2712 cum
946 2677 1093 2720 Turcis3
1124 2689 1167 2711 an
1182 2682 1366 2712 manentem
1381 2677 1470 2711 intra
1487 2678 1627 2712 limitem

159 2723 295 2757 ditionis
319 2726 479 2772 propriae
498 2726 646 2772 ipsorum
661 2727 840 2759 adventum
857 2728 1071 2770 exspectare.
1115 2723 1333 2757 nuntiabatur
1349 2723 1434 2757 enim
1449 2723 1627 2757 Sultanum

160 2769 279 2814 egredi
302 2770 378 2810 iam*
394 2784 414 2805 e
435 2772 578 2806 Perside
589 2798 601 2815 ‚
631 2782 674 2806 ac
690 2772 783 2805 lento
801 2781 921 2814 gressu
936 2770 971 2804 in
986 2769 1159 2804 Romanos
1173 2780 1321 2803 movere.
1368 2769 1418 2803 ibi
1440 2767 1627 2803 ferociores

161 2815 306 2860 quique,
337 2816 525 2862 quibusque
549 2817 715 2852 assentari
738 2816 880 2862 principi
895 2816 1042 2850 solemne
1057 2820 1153 2857 erat,
1184 2826 1310 2859 negare
1325 2814 1544 2849 desidendum
1559 2814 1626 2847 illic

160 2872 255 2904 esse,
284 2860 348 2896 sed
371 2862 560 2898 vadendum
584 2862 895 2908 occursandumque
917 2862 1082 2905 sultano,
1112 2865 1148 2897 et
1170 2872 1246 2896 cum
1274 2872 1315 2897 eo
1340 2860 1572 2907 proeliandum
1592 2858 1628 2891 in
