1878 3262
641 189 1034 235 HISTORIARUM
1067 191 1115 234 L.
1136 189 1224 234 w.
1564 189 1662 236 271

207 301 402 353 ἀκούσας.
418 302 540 346 αὐτὸν
565 304 638 358 μὲν
664 303 793 360 ἀφῆκε
824 302 1070 360 πορεύεσθαι
1092 304 1296 361 Διονυσίῳ
1317 303 1580 360 ἀγγελοῦντα,
1610 303 1666 355 ὥς

205 363 397 426 βασιλεὺς
420 372 549 414 οὐκέτι
578 373 711 429 ([ἔρειν
742 374 1004 426 ὁεδυνημένος
1023 372 1099 414 ὅσα
1121 375 1178 422 εἰς
1195 371 1419 426 Ῥωμαίους
1439 375 1553 429 σφίσι
1575 375 1665 428 διη-

205 439 407 496 μάρτηται
418 472 430 492 ,
467 441 581 497 ἐγγῦς
602 441 688 482 idom)
708 439 875 497 πάρεστι
895 442 1008 494 δίκην
1027 440 1233 495 ἐπιθήσων
1251 442 1323 496 τὴν
1347 442 1528 484 δέουσαν.
1595 441 1666 484 τὸν

207 510 251 551 δὲ
266 507 475 562 Ῥωμαίων
496 510 668 565 στρατὸν
687 507 791 550 ὅπλα
811 509 1072 565 περιθέμενον
1092 510 1202 564 ἐξῆγε
1223 514 1295 551 τοῦ
1309 508 1504 566 χάρακος.
1573 508 1668 552 ἐτά-

172 583 194 618 5
208 580 303 627 ξατο
325 579 369 619 δὲ
388 572 478 620 ὧδε.
547 576 717 627 Σκύθας
731 579 804 631 μὲν
821 579 885 619 καὶ
906 577 951 618 τὸ
970 581 1152 619 πλεῖστον
1172 582 1244 619 τοῦ
1259 581 1466 635 Περσικοῦ
1480 577 1669 634 ἡγεῖσθαι

205 647 379 688 ἐκέλευεν
409 647 591 688 ἱππεῦσιν
623 645 707 699 ἅμα
737 646 884 700 ὀλίγοις
903 645 1033 688 οἳσύν
1051 653 1135 695 τοῖς
1155 644 1297 700 δόρασι
1320 646 1542 705 μάχονται,
1577 646 1670 702 ἑξῆς

207 715 251 757 δὲ
281 713 532 771 ἑκατέρωθεν
552 713 762 767 ζΡωμαίων
792 716 946 756 εἵποντο
971 713 1173 770 φάλαγγες
1190 708 1245 755 ὧν
1268 715 1609 768 Κοκκοβασίλειός
1626 733 1667 758 τε

204 777 302 840 ’ἦρχε
327 785 393 825 καὶ
426 781 656 836 Φιλοκάλης
666 815 678 833 ,
714 782 815 838 πρὸς
835 784 878 825 δὲ
899 784 966 824 καὶ
986 784 1176 831 Τατίκιος
1194 784 1259 823 καὶ
1284 781 1329 824 ὃν
1345 783 1552 838 Ἀσπιέτην
1569 782 1663 825 ἐκά-
1687 789 1718 823 C

205 855 315 893 λουν.
384 851 488 892 κατὰ
509 850 636 892 νώτου
662 852 705 892 ds*
728 852 864 900 αὐτοῖς
883 849 1039 892 ὁπλῖται
1062 850 1295 906 ἐπορεύοντο
1320 851 1468 905 ἀναμὶξ
1486 851 1669 903 τοξόταις

151 930 196 965 10
207 921 272 960 καὶ
301 922 477 975 Περσῶν
511 918 671 976 ([άλαγξ
699 917 1007 976 ὄπλοᾳιοροῧσα·
1041 919 1143 973 μετὰ
1168 920 1210 960 δὲ
1230 918 1398 969 τούτους
1426 921 1667 976 ἀμφοτέρω-

206 992 281 1030 θεν
298 987 447 1045 Ἰωσήφ
469 1005 510 1030 τε
533 986 553 1029 ὃ
572 989 786 1044 Βριτέννιος
804 987 1011 1044 ἐπορεύετο
1040 991 1107 1029 καὶ
1130 989 1171 1028 Γ
1168 987 1331 1044 εώργιος
1349 986 1370 1030 ὅ
1388 991 1556 1045 Βρανᾶς
1573 990 1666 1043 Δη-

205 1054 376 1112 μήτριός
402 1074 442 1098 τε
472 1054 492 1097 ὃ
525 1054 668 1098 τούτου
699 1056 874 1113 ἀδελφὸς
891 1058 956 1098 καὶ
978 1055 1539 1112 ΚωνσταντῖνοςὸἈσπιέτης
1563 1057 1664 1113 ἀνὴρ

206 1123 424 1178 σεβαστός·
468 1123 560 1178 ἑξῆς
593 1125 636 1166 δέ
661 1123 911 1180 Ἀνδρόνικος
948 1124 993 1174 ὃς
1020 1123 1316 1181 χαρτοι,·λάριός
1344 1143 1384 1167 τε
1415 1130 1580 1180 βασιλεῖ
1599 1121 1663 1180 ἦν,

205 1194 410 1246 ἐπίκλησιν
426 1194 716 1249 Λαμπαρδᾶς,
752 1195 819 1235 καὶ
846 1192 874 1223 *
901 1195 1117 1243 ἐπιλέκτοις
1134 1192 1446 1247 ἅμαῬωμαιόις
1463 1196 1529 1236 καὶ
1542 1195 1664 1236 Ἀλα-

151 1268 367 1315 15μανοῖς,
403 1260 458 1302 ἔτι
492 1263 534 1303 δὲ
566 1263 631 1303 καὶ
664 1263 859 1318 Πέρσαις.
928 1261 1094 1304 κατόπιν
1112 1263 1155 1303 de*
1178 1261 1426 1318 Ἀνδρόνικος
1446 1261 1467 1304 ὃ
1487 1280 1664 1319 στρατη-

203 1330 275 1385 γὸς
300 1327 508 1385 ἐπορεύετο
531 1330 605 1371 σὺν
625 1329 762 1379 ἄλλοις
780 1348 820 1372 τε
840 1334 1001 1380 πολλοῖς
1025 1329 1221 1384 ὀνόματος
1242 1332 1489 1385 ἀξιουμένοις
1510 1330 1664 1388 ἀνδρά-

204 1415 290 1448 σιν,
326 1395 387 1446 οἶς
407 1394 505 1447 ε’θος
522 1398 582 1440 ἀεὶ
600 1395 678 1439 ὑπὸ
696 1403 860 1452 βασιλεῖ
873 1403 1110 1452 πολεμοῦντι
1130 1398 1348 1441 τάττεσθαι
1369 1395 1419 1454 ἦν
1430 1433 1443 1452 ,
1473 1402 1539 1441 καὶ
1557 1401 1663 1442 Ἰτα-

205 1470 290 1516 λοῖς
308 1473 391 1515 τοῖς
412 1467 455 1507 ἐκ
475 1471 548 1507 τοῦ
565 1471 870 1523 μισθοᾳορικοῦ
895 1470 961 1511 καὶ
984 1468 1034 1522 δὴ
1057 1469 1123 1509 καὶ
1143 1470 1346 1523 Σερβιόις,
1382 1469 1427 1509 οἳ
1450 1469 1554 1510 κατὰ
1584 1467 1664 1510 νώ-
1687 1478 1719 1512 D

203 1552 275 1576 του
298 1535 410 1590 αὐτῷ
429 1536 583 1576 εἵποντο
604 1534 758 1590 δόρατά
778 1553 816 1577 τε
834 1537 1151 1592 προβεβλημένοι
1168 1539 1234 1577 καὶ
1255 1535 1459 1590 ἐπιμήκεις
1478 1538 1666 1586 ἀσπίδας.

147 1602 310 1651 ροοῧτω
329 1602 542 1656 ταξάμενοι
559 1601 749 1656 Ῥωμαῖοι
770 1603 852 1661 ὁδῷ
872 1603 1062 1660 ἐχώρουν.
1132 1605 1267 1659 ἐπειδὴ
1291 1606 1334 1647 δὲ
1360 1608 1417 1655 εἰς
1441 1605 1510 1647 τὸν
1530 1610 1668 1662 χῶρον

202 1666 334 1725 ἦλθον
344 1703 357 1722 ,
400 1671 502 1713 ἔνθα
530 1671 746 1722 Διονύσιος
779 1673 848 1714 τὸν
881 1672 1036 1726 τύμβον
1066 1674 1220 1729 ἐγείρας
1251 1673 1389 1727 ἔτυχε,
1426 1678 1508 1715 τῶν
1532 1675 1668 1715 ἵππων

203 1738 429 1792 ἀποβάντες
449 1738 671 1797 ἀνῴμωξάν
688 1758 728 1782 τε.
748 1745 915 1798 θερμῶς
933 1744 1000 1783 καὶ
1020 1743 1171 1792 πίστεις
1194 1741 1384 1796 ἀλλήλοις
1402 1742 1548 1784 ἔδοσαν
1566 1741 1667 1799 ὑπὲρ

299 1859 353 1893 14.
378 1856 440 1891 καὶ
463 1857 482 1877 *
506 1855 727 1902 ἐπιλέκτοις]
751 1858 920 1892 Lacunam
944 1860 1061 1902 Heyse
1084 1861 1226 1895 Ioannis
1242 1861 1511 1905 Contostephani
1535 1861 1666 1895 nomine

295 1904 495 1948 explendam
534 1905 695 1947 putabat,
733 1905 826 1937 cuius
864 1906 986 1938 eximia
1018 1905 1050 1938 in
1076 1907 1204 1950 praelio
1229 1907 1287 1940 illo
1309 1907 1420 1941 virtus
1442 1907 1558 1942 eluxit.
1604 1907 1666 1941 sed

295 1949 386 1983 aliud
412 1949 493 1993 quid
514 1949 679 1983 excidisse
702 1949 806 1983 docet
826 1949 908 1983 illud
932 1962 971 1984 τε
995 1960 1074 1996 post
1094 1950 1373 1997 χαρτουὶοξριος.

205 2050 330 2087 auditis
345 2049 523 2084 dimittitur
538 2051 581 2085 ab
595 2051 787 2085 Andronico
802 2052 1012 2086 nuntiaturus
1028 2053 1192 2097 Dionysio
1205 2053 1460 2100 imperatorem,
1487 2066 1560 2089 cum
1577 2056 1667 2090 serre

203 2097 344 2142 amplius
369 2108 435 2129 non
460 2097 565 2141 possit
586 2097 674 2130 illius
698 2098 733 2130 in
755 2098 924 2132 Romanos
938 2098 1081 2140 delicta,
1109 2106 1246 2145 praesto
1261 2112 1353 2143 esse,
1383 2112 1449 2146 quo
1464 2112 1604 2146 poenam
1619 2102 1666 2136 ab

203 2143 279 2188 ipso
313 2153 496 2186 congruam
526 2148 733 2187 reposceret.
780 2144 858 2177 inde
887 2144 1008 2178 milites
1033 2156 1126 2179 arma
1148 2157 1274 2190 capere
1293 2147 1402 2181 iussos
1420 2147 1539 2181 castris
1553 2148 1667 2182 educit

203 2188 374 2233 aciemque
396 2189 461 2221 hac
483 2189 615 2222 ratione
636 2188 784 2223 instruit.
831 2190 980 2233 Scythas
1004 2196 1040 2224 et
1061 2191 1232 2225 maximam
1247 2193 1424 2226 Persarum
1441 2199 1573 2238 partem
1589 2205 1664 2227 cum

227 2235 320 2268 aucis
344 2234 537 2281 equitibus,
567 2234 624 2279 qui
650 2235 756 2268 hastis
780 2234 978 2275 decertant,
1010 2238 1210 2281 praecedere
1223 2238 1328 2272 iubet.
1375 2239 1454 2272 inde
1469 2239 1664 2273 alateribus

203 2245 432 2314 Romanorum
447 2281 676 2325 sequebantur
691 2280 892 2325 phalanges,
922 2282 1043 2326 quibus
1066 2289 1247 2328 praeerant
1261 2284 1512 2319 Coccobasilius
1531 2291 1567 2319 et
1580 2285 1666 2319 Phi-

202 2325 348 2370 locales,
372 2331 616 2371 praetereaque
632 2327 785 2359 Taticius
802 2333 837 2360 et
853 2339 951 2371 quem
968 2329 1138 2372 Aspietem
1168 2331 1348 2365 vocabant.
1395 2331 1513 2364 horum
1529 2342 1550 2364 a
1563 2335 1665 2375 tergo

202 2371 298 2405 ibant
327 2372 493 2415 gravioris
522 2376 712 2406 armaturae
739 2372 860 2406 milites
882 2374 1065 2417 sagittariis
1088 2375 1273 2410 intermixti
1298 2381 1333 2410 et
1354 2377 1537 2410 Persarum
1555 2381 1666 2410 turma

203 2417 319 2461 gravis
342 2422 542 2451 armaturae.
589 2423 666 2463 post
686 2418 771 2451 istos
795 2424 940 2463 utroque
955 2431 976 2453 a
990 2419 1096 2454 latere
1116 2421 1278 2466 Iosephus
1291 2423 1482 2466 Bryennius
1498 2428 1534 2456 et
1549 2423 1666 2456 Geor—

204 2462 278 2506 gius
293 2463 421 2497 Branas
435 2463 657 2506 incedebant,
682 2464 761 2497 item
776 2464 966 2499 Demetrius
981 2466 1052 2499 eius
1068 2467 1175 2500 frater
1189 2472 1225 2501 et
1239 2468 1479 2502 Constantinus
1493 2468 1665 2513 Aspietes‚

204 2507 396 2543 vil-sebasti
410 2509 575 2553 dignitate
602 2515 740 2543 auctum
768 2510 848 2544 inde
861 2511 1071 2545 Andronicus
1094 2513 1256 2557 principis
1271 2513 1511 2556 chartularius,
1537 2526 1666 2557 cogno-

203 2558 316 2588 mento
330 2555 555 2600 Lampardas,
579 2567 652 2589 cum
668 2555 807 2589 delectis
822 2557 918 2590 simul
934 2557 1095 2591 Romanis
1111 2564 1146 2592 et
1160 2558 1351 2592 Alemannis
1365 2571 1430 2593 nec
1444 2571 1511 2593 non
1527 2564 1562 2593 et
1576 2561 1665 2594 Per-

205 2598 263 2632 sis.
307 2599 341 2633 in
369 2607 540 2645 postrema
569 2602 714 2646 denique
746 2602 818 2636 acie
850 2608 925 2636 erat
949 2603 1159 2637 Andronicus
1184 2615 1358 2650 supremus
1374 2605 1439 2638 dux
1455 2632 1466 2648 ‚
1497 2617 1571 2639 cum
1586 2606 1665 2640 aliis

204 2643 316 2678 multis
335 2645 441 2679 incliti
463 2646 604 2681 nominis
628 2647 708 2680 viris
739 2648 879 2692 (quales
894 2648 1091 2694 imperatori
1106 2650 1138 2682 in
1152 2650 1274 2684 bellum
1290 2651 1383 2684 eunti
1396 2651 1516 2685 adesse
1530 2663 1665 2696 semper

205 2689 307 2723 moris
327 2692 404 2735 est)
430 2697 466 2726 et
482 2692 575 2726 Italis
598 2693 846 2738 stipendiariis,
872 2695 1020 2738 itemque
1043 2695 1195 2740 Servus,
1226 2696 1283 2741 qui
1307 2708 1396 2742 pone
1422 2698 1663 2742 sequebantur,

203 2735 311 2769 hastis
333 2737 471 2781 armati,
502 2743 537 2772 et
557 2739 765 2782 longioribus
792 2740 908 2784 clipeis
924 2740 1087 2774 instructi.
1134 2741 1222 2775 hunc
1234 2743 1270 2776 in
1283 2743 1415 2777 modum
1431 2743 1585 2778 ordinato
1602 2754 1663 2776 ex-

205 2780 311 2814 ercitu
331 2781 474 2816 Romani
487 2783 552 2817 iter
566 2784 755 2819 instituunt.
800 2786 859 2820 ubi
872 2797 956 2820 vero
973 2786 1016 2819 ad
1032 2787 1141 2820 locum
1156 2791 1305 2833 venere,
1337 2788 1372 2822 in
1396 2800 1463 2833 quo
1478 2789 1662 2832 Dionysius

203 2826 388 2861 occisorum
411 2827 552 2864 militum
573 2831 734 2866 tumulum
756 2836 933 2875 erexerat,
964 2832 1057 2878 equis
1084 2832 1278 2869 desilientes
1291 2834 1442 2880 graviter
1454 2835 1661 2879 ingemuere,
