1878 3262
615 190 1033 242 -HISTQRIARUM
1060 192 1114 244 Ι..
1147 189 1226 235 VI.
1571 190 1668 236 275

208 306 318 356 ὃείας
334 301 588 362 ,κατεχοῦσης
613 304 739 360 αὐτὴν
766 303 997 361 ἀνεκάθηρέ
1012 322 1055 349 τε
1077 303 1153 348 σὺν
1174 303 1375 364 ἐπιμελείᾳ
1394 303 1490 356 τοὺς
1505 302 1669 362 ὄχετοῦς

189 377 273 418 ,καὶ
301 375 436 430 ἐπειδὴ
464 375 539 425 τὰς
570 373 844 431 παλαιτάτους
871 372 1016 425 στοάς,
1061 375 1112 416 αἳ
1133 373 1179 416 τὸ
1210 373 1323 431 ὕδωρ
1350 376 1413 416 ἐπὶ
1443 364 1664 426 Βυζάντιον

193 438 300 499 ,ἦγον
308 475 322 495 ,
352 443 478 486 πάλαι
498 445 747 493 πεπτωκυίας
763 444 970 499 ἀνεγείρειν
988 440 1180 499 δύσεργόν
1198 459 1240 485 τε
1257 445 1325 485 καὶ
1339 441 1491 499 χρόνου
1511 446 1664 485 πολλοῦ

187 510 390 565 ,δεόμενον
418 511 516 567 ἕγνω
527 544 540 563 ,
574 510 826 567 σκεψάμενος
847 512 940 567 περί
956 527 1044 553 τινα
1059 515 1197 567 χῶρον
1215 510 1262 552 οὐ
1282 514 1420 568 πολλῷ
1437 512 1661 564 Βυζαντίου

169 587 193 623 5
203 581 405 634 διέχοντα,
433 579 478 630 ὃς
492 581 635 637 Πέτρα
654 578 982 633 κατωνόμασται,
1004 577 1220 633 δεξαμενήν
1237 596 1325 626 τινα
1342 577 1545 633 ὑπόνομον
1562 581 1654 622 {do—
1675 588 1710 624 D

198 647 381 703 μήσατο,
410 647 511 704 ἥπερ
527 653 686 703 βουνῶν
703 647 900 702 ἑκατέρων
917 649 959 693 ἓν
974 645 1179 701 κοιλότητι
1200 646 1303 688 κατὰ
1322 648 1446 700 μέσον
1468 649 1658 705 ἱδρυμένη

198 716 394 772 ἐπιμήκης
412 716 584 771 στόμασι
603 721 766 767 πολλοῖς
786 717 854 773 ἐφ’
876 714 1023 771 ἑαυτὴν
1041 716 1107 758 καὶ
1127 714 1238 771 ὕδωρ
1256 713 1530 769 ἔπιχάσκουσα
1546 718 1658 771 ‹5526-

197 803 264 828 ται
297 784 353 836 ὥς
381 787 424 828 ἐκ
452 787 607 841 μυρίων
637 786 786 839 ὀχετῶν
815 785 884 827 διὰ
909 789 989 828 τῶν
1011 787 1193 838 σχισμιῦν
1209 782 1420 839 σηράγγων
1439 785 1507 826 ἐπ’
1531 785 1658 840 αὐτὴν

196 859 464 908 καταβαῖνον,
498 851 524 908 ἦ
544 855 586 896 δὲ
605 854 674 896 διὰ
695 858 775 896 τῶν
789 854 832 904 ἐξ
853 853 975 903 ἔθους
994 847 1118 902 αὖθις
1134 850 1347 904 ὑπονόμων
1365 852 1428 893 ε’πὶ
1450 853 1522 907 τὴν
1541 852 1658 895 πόλιν

142 927 314 965 1οτοὕτο
349 925 549 979 προΐησιν.
618 916 736 972 οὗτος
750 920 772 964 ὅ
790 920 1050 979 αὐτοκράτωρ
1080 923 1147 963 καὶ
1167 919 1265 970 ἔθος
1283 937 1320 962 τι
1342 924 1423 962 τῶν
1443 919 1657 963 ἀτοπωτά-

193 1008 276 1034 των
304 995 453 1047 μικροῦ
482 992 548 1032 καὶ
582 993 638 1041 εἷς
665 989 788 1044 νόμον
813 991 968 1032 τελέσαι
997 992 1144 1045 δεῆσαν
1164 989 1206 1030 ἐκ
1224 989 1348 1042 μέσου
1367 987 1655 1043 τῆςῬωμαίων

193 1058 408 1113 ἐποιήσατο
438 1061 649 1109 πολιτείας.
717 1058 863 1104 ὃποῖον,
886 1060 930 1101 δὲ
954 1063 1072 1101 τοῦτο
1100 1053 1149 1113 ἦν
1177 1057 1255 1111 ἤδη
1281 1058 1468 1112 λέγωμεν.
1535 1056 1655 1113 ἢτοῦ

193 1129 263 1182 ζῆν
294 1128 567 1183 ἀπαραίτητος
591 1135 674 1178 τοΐς
697 1126 931 1184 ἀνθρώποις
957 1125 1107 1183 ἀνάγκη
1139 1124 1270 1168 πολλά
1290 1142 1331 1168 τε
1356 1126 1460 1168 κατὰ
1477 1124 1546 1168 τὸν
1561 1128 1653 1180 βιόν

192 1194 496 1250 ἔκαινοτόμησεν
528 1195 633 1238 ἄλλα
652 1198 719 1238 καὶ
740 1197 789 1250 δὴ
807 1198 871 1237 καὶ
889 1200 1046 1250 μισθοῦ
1067 1196 1139 1250 τὴν
1160 1196 1394 1250 ἐλευθερίαν
1417 1193 1653 1237 ἀποδόσθαι

137 1264 364 1314 15πολλούς
392 1263 613 1319 ἀναγκάζει.
678 1263 897 1318 θητεύουσι
923 1268 1055 1306 τοίνυν
1085 1271 1167 1313 τοῖς
1197 1265 1238 1304 ἓν
1265 1261 1481 1317 ὑπεροχαῖς
1508 1281 1550 1305 τε
1580 1265 1647 1306 καὶ
1671 1274 1701 1308 Ρ
1729 1277 1790 1312 161

189 1331 390 1387 ἀξιώμασι
417 1335 484 1374 καὶ
509 1338 589 1374 τῶν
610 1326 654 1375 εὖ
675 1331 911 1388 γεγονότων,
948 1332 997 1374 ἄν
1019 1330 1124 1374 οὕτω
1147 1329 1270 1387 τύχῃ,
1305 1331 1363 1386 μὴ
1389 1330 1448 1373 ὅτι
1473 1332 1655 1386 ἀγελαῖοί

187 1418 291 1451 τινες
316 1403 382 1442 καὶ
411 1401 574 1455 ὀχλικοί.
604 1442 607 1443 ⁷
642 1398 780 1442 ὁποῖον
810 1403 942 1443 τοίνυν
962 1399 987 1456 ἦ
1011 1401 1245 1457 ἀνθρωπίνη
1269 1399 1391 1441 κακὸν
1412 1403 1649 1455 πλεονεξίας

187 1468 574 1526 παραλαμβάνοντες
600 1470 694 1519 τοὺς
722 1470 892 1519 ἀθλίους
921 1470 959 1511 οἳ
989 1469 1062 1524 τὴν
1088 1474 1204 1526 σφῶν
1226 1469 1439 1522 ἐωνημένοι
1464 1470 1649 1525 δουλείαν

187 1537 264 1580 ὅσα
284 1540 350 1580 καὶ
372 1536 667 1594 ἀργυρωνήτοις
684 1538 821 1587 αὐτοῖς
844 1538 1161 1594 προσεφέροντο,
1196 1538 1263 1578 καὶ
1286 1531 1335 1590 ἦν
1357 1536 1401 1578 τὸ
1423 1534 1650 1593 τριώβολον

131 1606 285 1656 zoi‘omg
325 1605 679 1660 καταβαλλόμενον
713 1609 912 1660 μίσθωμα
942 1607 1166 1662 ἐλευθέρων
1200 1603 1428 1661 ἀνθρώπων
1462 1605 1545 1659 ὠνὴ
1578 1607 1647 1647 καὶ

185 1674 434 1729 συμβόλαιον
464 1674 569 1717 οὕτω
598 1676 827 1729 κακοτυχές.
896 1675 1031 1728 ἀμέλει
1060 1676 1126 1716 καὶ
1159 1674 1201 1716 εἴ
1220 1690 1314 1718 ποτε
1335 1677 1386 1729 τῇ
1407 1674 1451 1715 ἐκ
1470 1677 1543 1728 τῆς
1561 1677 1646 1728 θη-

184 1745 293 1793 τείας
326 1741 547 1797 ἀχθόμενοι
589 1745 755 1803 ἐργασία
787 1744 1048 1786 ἀπωθεῖσθαι
1076 1746 1317 1797 βουληθεῖεν
1346 1740 1497 1796 αὐτήν,
1532 1742 1571 1783 οἶ
1602 1743 1646 1784 δὲ

249 1929 252 1932 ¹
274 1886 310 1919 8.
328 1883 498 1927 σχισμῶν]
514 1883 611 1917 Fort.
628 1882 793 1926 σχιστῶν.
810 1883 872 1916 nisi
888 1883 981 1917 forte
994 1882 1172 1918 delendum
1189 1881 1358 1926 σχισμῶν.
1442 1882 1496 1916 10.
1511 1879 1645 1926 προΐη-

275 1931 357 1974 σιν]
381 1929 435 1963 lta
457 1929 601 1963 Tollius.
649 1929 736 1963 Cod.
759 1928 952 1973 προΐεισιν.
1110 1930 1113 1932 ’
1318 1954 1322 1959 .
1532 1967 1535 1969 q

181 2055 305 2090 ductus
332 2063 446 2088 omnes
472 2051 722 2096 diligentissime
745 2052 919 2098 purgavit.
965 2062 1108 2097 cumque
1126 2049 1259 2084 videret
1273 2049 1518 2084 vetustissimos
1533 2050 1642 2085 forni-

181 2113 260 2143 ces,
293 2112 353 2146 per
377 2110 462 2145 quos
488 2099 564 2132 olim
587 2110 676 2143 aqua
700 2099 903 2142 Byzantium
921 2097 1230 2139 transmittebatur,
1261 2095 1436 2130 diffractos
1450 2096 1643 2131 instaurare

181 2146 323 2182 difficile
347 2156 423 2180 esse
444 2145 574 2178 omnino
590 2144 795 2189 multumque
811 2145 854 2178 ad
869 2156 942 2178 eam
959 2155 1028 2178 rem
1042 2146 1175 2186 tempus
1188 2141 1411 2176 necessarium
1437 2142 1511 2176 fore
1522 2168 1533 2184 ‚
1565 2142 1642 2176 loco

178 2193 270 2227 haud
295 2191 411 2237 procul
437 2190 624 2234 Byzantio,
654 2201 752 2234 quem
773 2191 910 2224 Petram
933 2193 1075 2231 vocant,
1107 2187 1240 2221 delecto
1256 2187 1510 2222 subterraneum
1527 2188 1639 2232 quod-

179 2238 256 2272 dam
271 2237 521 2282 receptaculum
547 2236 736 2278 exstruxit,
767 2236 856 2280 quod
871 2236 904 2270 in
919 2236 1026 2269 media
1041 2233 1183 2280 quadam
1199 2233 1348 2266 cavitate
1361 2233 1502 2267 collibus
1517 2234 1639 2267 utrim-

179 2295 245 2330 que
269 2284 381 2318 cincta
403 2282 580 2326 oblongius
595 2282 683 2315 iacet
697 2287 734 2315 et
749 2282 858 2315 multis
872 2282 905 2314 in
921 2293 998 2316 sese
1009 2291 1130 2325 aquam
1148 2278 1244 2313 ostiis
1260 2279 1398 2323 recipit,
1430 2290 1519 2324 quae
1543 2279 1639 2314 velut

179 2341 202 2365 e
225 2330 364 2364 millenis
390 2328 562 2363 canalibus
586 2339 647 2373 per
670 2328 828 2372 quasdam
842 2327 940 2361 rimas
956 2338 997 2361 ac
1010 2326 1150 2360 fissuras
1164 2325 1197 2359 in
1213 2324 1293 2357 illud
1309 2324 1447 2363 defluit:
1478 2329 1515 2358 et
1538 2330 1637 2369 post-

177 2376 308 2411 modum
334 2386 395 2420 per
418 2379 598 2409 consuetos
624 2373 755 2407 canales
769 2373 802 2406 in
817 2372 987 2408 civitatem
1000 2372 1163 2406 defertur.
1206 2370 1295 2404 idem
1310 2370 1366 2404 hic
1378 2371 1559 2415 imperator
1573 2371 1637 2403 ab-

178 2421 405 2455 surdissimum
433 2431 556 2454 morem
571 2445 582 2462 ,
613 2425 648 2452 et
673 2420 729 2463 qui
746 2419 809 2453 iam
825 2430 930 2464 prope
943 2418 978 2452 in
995 2419 1101 2463 legem
1115 2416 1325 2456 deflexerat,
1356 2427 1378 2449 a
1406 2417 1635 2450 Romanorum

178 2467 351 2512 republica
377 2466 527 2500 sustulit.
572 2465 732 2499 eiusmodi
747 2470 856 2498 autem
870 2465 927 2499 ille
941 2463 1018 2498 fuit.
1064 2463 1173 2497 victus
1189 2461 1374 2507 quaerendi
1388 2461 1471 2494 dura
1485 2461 1637 2495 necessi-

178 2516 252 2554 tas,
276 2517 344 2546 tum
360 2511 446 2553 alia,
472 2523 558 2556 quae
573 2511 618 2545 ad
634 2511 735 2544 vitam
751 2511 938 2556 pertinent,
963 2509 1150 2544 immutavit
1160 2533 1171 2550 ‚
1200 2514 1270 2541 tum
1286 2506 1386 2540 etiam
1402 2506 1514 2551 pretio
1529 2506 1635 2540 liber-

177 2560 283 2592 tatem
307 2558 454 2592 vendere
479 2558 599 2591 multos
625 2557 749 2601 adegit.
797 2567 918 2601 operas
933 2556 1049 2600 itaque
1063 2565 1141 2588 suas
1165 2553 1278 2586 locant
1293 2552 1332 2585 iis
1346 2552 1452 2596 quiin
1468 2552 1634 2597 supremis

179 2603 350 2638 constituti
364 2607 443 2638 sunt
456 2603 638 2637 honoribus
654 2603 751 2636 etiam
766 2602 886 2637 illustri
901 2602 976 2636 loco
992 2601 1063 2635 nati
1073 2628 1083 2645 ‚
1114 2599 1142 2634 si
1158 2600 1228 2632 fors
1244 2598 1293 2631 ita
1306 2599 1397 2631 ferat
1409 2625 1421 2640 ,
1451 2597 1537 2631 viles
1552 2609 1635 2643 pro-

174 2649 269 2682 fecto
298 2649 444 2684 homines
475 2654 510 2683 et
540 2648 721 2695 proletarii
771 2652 930 2692 quantum
956 2647 1061 2691 igitur
1085 2644 1204 2679 malum
1225 2644 1368 2678 humana
1393 2643 1539 2678 avaritia
1559 2645 1632 2677 est!

175 2693 306 2728 miseris
321 2694 442 2728 etenim
456 2694 531 2728 istis
543 2720 553 2738 ,
585 2695 642 2740 qui
657 2693 853 2728 servitutem
871 2694 933 2728 sibi
952 2694 1252 2738 comparaverant,
1284 2694 1519 2734 emen-amque,
1548 2694 1636 2723 tam-

177 2751 276 2784 quam
292 2740 402 2783 pretio
418 2740 538 2786 emptis
553 2745 590 2775 et
603 2740 774 2784 mancipiis
790 2740 988 2774 utebantur:
1020 2743 1162 2781 eratque
1184 2735 1362 2770 triobolum
1381 2735 1471 2768 forte
1481 2762 1491 2777 ‚
1521 2740 1634 2768 statu-

175 2791 246 2820 tum
261 2785 438 2821 liberorum
455 2786 618 2821 hominum
633 2786 776 2831 pretium
786 2812 796 2829 ‚
823 2789 1023 2830 pactumque
1037 2783 1126 2818 istud
1141 2781 1333 2816 nefandum.
1380 2780 1425 2814 ad
1442 2780 1588 2814 ultimum
1604 2779 1633 2812 si

175 2831 234 2878 qui
248 2841 351 2867 onere
365 2830 537 2866 servitutis
551 2832 661 2878 pressi
674 2843 716 2867 eo
731 2843 771 2867 se
785 2832 933 2867 eximere
945 2830 1094 2873 vellent,
1116 2832 1285 2874 tamquam
1299 2826 1465 2872 fugitivos
1479 2836 1632 2871 compre-
