1878 3262
239 182 337 232 282
712 180 938 229 IOANNIS
954 206 958 211 -
973 181 1201 226 GINNAMI

235 294 370 351 ὥσπερ
407 293 445 336 οἳ
478 292 591 336 ἄλλοι
610 292 801 348 Ῥωμαῖοι
833 291 911 345 ἔξω
935 297 1007 349 τῆς
1022 293 1072 336 ἐκ
1095 295 1293 348 βασιλέως
1314 297 1527 354 δεδομένης
1547 296 1683 350 αὐτοῖς

236 361 574 418 ἀναστρεφόμενοι
601 365 821 420 διατριβῆς.
890 361 918 404 ἃ
951 363 1091 417 μηκέτι
1130 365 1262 421 φέρειν
1296 366 1396 420 ἔχων
1423 367 1544 418 αὐτὸς
1569 370 1682 418 δίκας

235 431 454 475 ἐπιτιθέναι
482 435 562 473 τῶν
597 429 933 488 ἁμαρτανομένων
972 432 1109 488 σφίσιν
1145 431 1365 488 ἀπήρξατο.
1429 436 1524 486 τούς
1547 437 1681 490 μέντοι

232 500 274 540 ἐν
300 499 507 556 Βυζαντίῳ
532 499 758 557 ᾠκημένους
780 500 912 542 αὐτῶν
932 503 1012 542 τῶν
1034 500 1126 542 κατ’
1151 501 1344 558 ἐμπορίαν
1365 502 1684 559 παραβαλόντων,

235 567 460 609 Οὗεννὲῑων
497 567 718 611 ἄποδιελών
749 569 1018 625 Βουργεσίους
1049 572 1100 624 τῇ
1132 570 1326 612 Λατίνων
1361 569 1518 614 ἐκάλεσε
1551 576 1714 629 φωνῇ,5

232 636 382 685 πίστεις
415 635 526 693 αὐτῷ
559 635 782 686 δεδωκότας
820 637 893 678 σὺν
931 635 1208 694 εὐγνωμοσύνῃ
1241 635 1454 691 Ῥωμαίοις
1489 639 1556 681 διὰ
1588 642 1681 694 βίον

231 701 417 759 τηρήσειν
454 703 501 746 τὸ
541 703 712 746 δούλιον.
779 709 897 746 τοῦτο
934 705 1020 762 γὰρ
1043 703 1270 761 ἑρμηνεύειν
1299 707 1435 757 αὐτοῖς
1472 707 1517 750 τὸ
1556 705 1683 762 ὄνομα

92 774 118 806 Ρ
146 774 210 810 165
231 771 435 826 βούλεται.
502 773 549 814 οὗ
587 773 690 818 πολὺ,
723 772 768 815 τὸ
801 774 843 815 ἐν
878 773 1015 830 μέσῳ,
1061 775 1127 815 καὶ
1164 775 1369 816 Οὖέννετοι
1405 773 1684 832 Λαμπάρδοις

232 842 469 895 μηνίσαντες
505 839 572 884 ἅτε
606 839 767 896 γνώμης
800 841 1056 897 ἀπορραγεΐσι
1086 846 1158 896 τῆς
1190 843 1322 884 αὐτῶν
1347 842 1617 898 ἐπανέστησαν
1641 861 1682 886 τε

235 909 376 958 αὐτοῖς
397 910 464 950 καὶ
486 909 558 959 τὰς
580 911 707 959 οἰκίας
728 912 784 959 εἷς
806 909 957 966 ἔδαφος
976 909 1214 960 καθελόντες
1237 912 1299 952 ἐπὶ
1317 913 1515 967 μεγίστοις
1538 912 1684 962 αὐτοὺς
1695 917 1739 952 10

234 978 469 1031 ἐζημίωσαν.
538 976 635 1019 ὅθεν
658 979 723 1019 καὶ
745 979 807 1019 ἐπὶ
833 979 944 1032 δίκην
972 978 1119 1028 αὖτοὺς
1148 980 1319 1029 καλέσας
1350 977 1371 1021 ὅ
1401 980 1591 1034 βασιλεὺς
1611 980 1684 1030 τὰς

235 1047 363 1094 οἰκίας
390 1047 573 1095 εἷσαῧθις
591 1044 869 1102 Λαμπάρδοις
899 1047 1043 1102 ἐγεῖραι
1079 1048 1254 1089 ἐδικαίου
1276 1046 1352 1090 ὅσα
1374 1065 1415 1090 τε
1437 1049 1550 1105 σφίσι
1569 1047 1684 1105 διήρ-

234 1130 363 1155 παστο
387 1113 530 1159 αὐτίκα
555 1112 803 1156 ἀποδιδόναι.
870 1114 974 1155 ἀλλὰ
1000 1114 1204 1157 Οὖέννετοι
1233 1115 1322 1158 οὔτε
1349 1115 1536 1173 πράττειν
1570 1117 1684 1159 οὐδὲν

234 1182 366 1224 αὐτῶν
390 1180 540 1236 ἤθελον
559 1183 625 1227 καὶ
647 1182 894 1237 ἦπείλουνγε
910 1180 1121 1236 Ῥωμαίοις
1147 1182 1342 1238 ἀνήκεστα
1365 1183 1526 1241 δράσειν
1535 1206 1553 1236 ‚⁴
1582 1185 1683 1227 ἄνα·

230 1248 519 1304 μιμνήσκοντες
561 1244 617 1292 ὧν
661 1250 717 1292 ἔτι
749 1251 948 1304 βασιλέως
975 1250 1160 1293 Ἰωάννου
1196 1250 1399 1308 περιόντος
1436 1251 1682 1310 ἐργάσαιντο.
1696 1260 1738 1296 15

230 1323 359 1360 ταῦτα
395 1318 565 1360 συνιδὼν
604 1317 625 1360 ὃ
660 1319 851 1373 βασιλεὺς
882 1319 1022 1373 μηκέτι
1044 1320 1268 1373 διαμέλλειν
1291 1319 1403 1375 ἔγνω,
1468 1323 1600 1363 τοίνυν
1617 1323 1686 1363 καὶ

231 1384 287 1436 ὡς
336 1387 378 1428 ἐν
414 1386 605 1444 πανάγρῳ
639 1386 805 1437 τούτους
839 1389 902 1428 ἐπὶ
937 1391 1008 1441 τῆς
1043 1387 1168 1441 αὐτῆς
1205 1392 1418 1442 συλλαβεῖν
1457 1390 1686 1443 διανοηθεὶς

176 1460 208 1495 Β
231 1453 451 1511 γράμματα
485 1453 697 1509 ἁπανταχῆ
728 1460 799 1509 τῆς
824 1453 1032 1509 Ῥωμαίων
1062 1457 1249 1509 ἐξέπεμπε
1282 1461 1377 1512 γῆς,
1413 1457 1471 1498 δι’
1514 1451 1570 1499 ὧν
1601 1464 1686 1507 τοῖς

228 1523 303 1572 τὰς
335 1523 463 1579 ἀρχὰς
495 1523 672 1565 διέπουσι
707 1525 828 1576 δῆλον
858 1523 926 1564 τὸν
954 1521 1102 1580 χρόνον
1137 1525 1277 1575 ἐποίει,
1317 1525 1420 1566 καθ’
1459 1524 1504 1566 ὃν
1538 1526 1685 1575 αὐτοὺς

224 1597 365 1647 χεῖρας
388 1591 615 1641 Οὖεννέτοις
636 1593 837 1645 ἐπιβαλεῖν
862 1590 951 1633 ἴδει.
1020 1593 1086 1633 καὶ
1118 1592 1255 1633 λοιπὸν
1280 1592 1383 1634 κατὰ
1407 1593 1552 1635 ταύτὸν
1578 1593 1615 1635 οἳ
1642 1595 1740 1636 ἐνΞΟ

231 1660 439 1716 Βυζαντίῳ
471 1666 553 1708 τοῖς
584 1660 661 1701 ἀνὰ
692 1659 764 1708 τὰς
803 1659 990 1713 ἐσχατιὰς
1023 1664 1094 1714 τῆς
1117 1658 1325 1713 Ῥωμαίων
1354 1658 1562 1715 ἡλίσκοντο
1595 1666 1682 1716 γῆς,

233 1729 414 1784 ([ρουραί
448 1744 488 1769 τε
527 1729 593 1769 καὶ
633 1727 720 1784 ἱερὰ
754 1726 920 1777 τούτους
957 1728 1137 1781 ἐδέχοντο
1173 1727 1474 1785 φροντιστήρια.
1541 1733 1685 1786 καιροῦ

230 1797 363 1837 τοίνυν
389 1796 692 1851 διαγενομένου,
727 1794 935 1853 ἐπειδήπερ
962 1797 1003 1838 ἐν
1025 1795 1130 1838 οὕτω
1151 1795 1310 1855 μεγάλῳ
1335 1801 1394 1856 τῷ
1420 1794 1567 1851 πλήθει
1593 1814 1685 1841 στε-

234 1947 387 1992 coniugio
412 1948 477 1982 sibi
502 1948 730 1983 adsciscentes
749 1948 783 1983 in
800 1960 913 1983 earum
929 1948 1089 1991 aedibus,
1120 1951 1308 1982 ceterorum
1330 1948 1553 1983 Romanorum
1575 1949 1682 1983 instar

234 1999 332 2028 extra
358 1994 479 2028 limites
506 1996 549 2028 ab
575 1995 779 2040 imperatore
802 1995 842 2029 iis
858 1995 1084 2040 praescriptos
1101 1994 1265 2028 domicilia
1280 1995 1460 2029 habebant.
1505 2006 1594 2039 quae
1609 2006 1684 2029 cum

232 2040 323 2072 ferre
346 2040 486 2084 amplius
506 2052 573 2073 non
599 2045 716 2084 posset
743 2041 898 2085 princeps
922 2040 1038 2086 poenis
1063 2052 1272 2085 compescere
1288 2052 1399 2074 eorum
1416 2040 1537 2074 delicta
1552 2039 1682 2074 statuit.

233 2084 386 2118 Venetos
401 2096 502 2128 ergo,
525 2087 582 2130 qui
599 2086 758 2130 Byzantii
784 2087 999 2128 habitabant,
1033 2087 1075 2119 ab
1101 2086 1140 2119 iis
1162 2086 1307 2119 eiusdem
1333 2086 1477 2120 nationis
1498 2085 1555 2130 qui
1576 2096 1682 2129 nego-

233 2130 339 2163 tiandi
361 2142 461 2163 causa
486 2132 692 2166 accedebant
712 2142 912 2175 secernenS‚
936 2133 1126 2175 Burgenses
1139 2132 1213 2165 illos
1228 2132 1423 2165 Latinorum
1437 2131 1550 2175 lingua
1563 2131 1683 2175 appel-

232 2175 339 2217 lavit,
363 2187 437 2210 cum
461 2176 529 2209 fide
555 2177 636 2210 data
662 2177 802 2222 polliciti
826 2182 958 2220 essent,
982 2189 1020 2211 se
1045 2177 1158 2222 quoad
1181 2177 1335 2211 viverent
1351 2176 1507 2211 Romanis
1527 2177 1601 2210 fore
1617 2176 1680 2210 ob-

233 2221 364 2254 noxios.
404 2232 445 2254 ea
459 2222 544 2255 enim
560 2222 650 2266 apud
664 2223 739 2256 illos
755 2223 850 2256 istius
866 2224 918 2257 vis
935 2227 988 2257 est
1003 2223 1170 2257 vocabuli.
1208 2223 1338 2256 interea
1355 2223 1475 2256 Veneti
1489 2221 1553 2266 ipsi
1567 2221 1682 2255 simul-

233 2270 338 2300 tatem
360 2278 432 2300 cum
449 2267 646 2301 Lombardis
672 2279 854 2303 exercuere
876 2269 1005 2313 palam,
1030 2268 1121 2313 quod
1147 2279 1167 2301 a
1188 2269 1255 2301 suis
1277 2267 1495 2301 descivissent
1519 2267 1681 2311 partibus,

231 2312 392 2356 ipsosque
417 2313 574 2346 invasere
600 2324 640 2346 ac
662 2313 814 2346 funditus
838 2315 964 2348 eversis
986 2326 1097 2347 eorum
1119 2313 1256 2347 aedibus
1278 2313 1473 2357 gravissima
1496 2312 1538 2346 iis
1563 2312 1682 2346 damna

231 2357 388 2392 intulere.
436 2363 644 2403 quapropter
664 2359 730 2392 illis
753 2358 786 2391 in
802 2359 854 2392 ius
871 2359 1003 2393 vocatis
1015 2386 1026 2402 ‚
1048 2360 1230 2403 imperator
1246 2358 1506 2392 Lamban-dorum
1522 2358 1623 2392 aedes
1639 2359 1683 2392 de

231 2415 321 2436 novo
348 2403 527 2437 instaurari
553 2410 587 2438 et
612 2415 701 2448 quae
724 2404 764 2437 iis
790 2405 1007 2438 abstulissent
1031 2404 1165 2438 restitui
1185 2403 1318 2449 prolato
1344 2403 1466 2437 iudicio
1490 2403 1598 2438 iussit.
1644 2407 1683 2437 at

231 2449 355 2482 Veneti
380 2449 459 2482 nihil
479 2460 595 2483 eorum
621 2461 708 2494 quae
730 2449 896 2493 imperata
919 2451 1054 2484 fuerant
1078 2450 1218 2494 exsequi
1242 2449 1390 2490 voluere,
1415 2448 1529 2482 minati
1544 2448 1682 2494 insuper

231 2494 394 2528 Romanis
416 2495 576 2540 deinceps
600 2506 675 2528 sese
699 2495 897 2538 gravissima
919 2496 1072 2529 illaturos
1098 2496 1237 2538 damna,
1261 2506 1302 2528 ea
1327 2494 1526 2527 reducentes
1541 2495 1682 2528 subinde

230 2539 265 2572 in
288 2540 495 2583 memoriam,
520 2552 607 2585 quae
633 2542 786 2575 fecerant
808 2541 988 2585 superstite
1021 2541 1131 2574 adhuc
1154 2541 1288 2574 Ioanne.
1334 2549 1420 2584 quae
1447 2551 1521 2573 cum
1548 2540 1682 2574 videret

231 2584 432 2629 imperator,
457 2586 606 2620 cunctari
630 2587 767 2631 amplius
793 2587 918 2620 noluit:
942 2586 1058 2631 itaque
1080 2586 1175 2631 quasi
1195 2584 1351 2629 indagine
1373 2596 1432 2618 eos
1453 2596 1518 2619 uno
1543 2586 1598 2620 die
1613 2586 1680 2619 cit-

192 2672 195 2675 ·
233 2630 427 2663 cumvenire
448 2635 619 2673 statuens,
654 2632 768 2666 literas
792 2644 854 2676 per
883 2632 1058 2676 imperium
1082 2632 1265 2665 Romanum
1281 2641 1415 2674 quoquo
1433 2642 1565 2665 versum
1582 2631 1682 2674 misit,

234 2675 355 2720 quibus
375 2675 525 2710 locorum
545 2682 580 2710 et
603 2677 800 2721 oppidorum
816 2677 995 2722 praefectis
1012 2682 1144 2721 tempus
1160 2676 1373 2718 designabat,
1398 2687 1464 2720 quo
1480 2676 1515 2710 in
1534 2677 1681 2711 Venetos

235 2732 351 2756 manus
372 2720 507 2756 iniicere
528 2721 699 2756 deberent.
746 2734 812 2767 quo
829 2723 962 2768 quidem
977 2727 1130 2775 tempore
1146 2726 1181 2754 et
1195 2722 1251 2765 qui
1266 2721 1420 2765 Byzantii
1435 2726 1550 2764 erant,
1574 2728 1609 2756 et
1624 2721 1680 2767 qui

235 2767 270 2802 in
292 2767 413 2801 ultimis
432 2766 565 2812 imperii
584 2767 784 2801 habitabant
799 2768 946 2812 angulis,
971 2773 1061 2812 capti
1075 2771 1153 2800 sunt
1168 2772 1204 2799 et
1218 2767 1252 2799 in
1268 2778 1420 2800 carceres
1436 2779 1476 2801 ac
1491 2779 1587 2801 sacra
1609 2779 1680 2802 mo-

237 2812 384 2849 nasteria
399 2812 554 2859 coniecti.
601 2813 716 2859 elapso
739 2813 860 2848 deinde
881 2813 1051 2859 aliquanto
1068 2816 1236 2861 tempore,
1260 2823 1334 2847 cum
1349 2816 1466 2848 tantae
1480 2812 1682 2854 multitudini
