1878 3262
252 220 351 270 346
705 219 911 265 CAROLI
943 222 1024 265 DU
1057 222 1270 268 FRESNE

251 347 302 371 ac
328 334 371 369 in
393 332 514 369 curia
547 345 764 384 magnum,
794 333 839 369 in
868 331 1084 369 Graeciam
1115 332 1312 384 legatione
1338 335 1469 385 ipsius
1498 332 1557 372 ad
1577 336 1711 386 regiae

251 389 367 427 urhis
384 389 611 440 principem
621 390 874 438 functurum
894 389 1126 427 destinavit.
1185 389 1319 427 eadem
1339 389 1460 429 habet
1478 391 1711 429 Guntherus

249 444 423 495 Ligurini
441 444 466 481 l.
480 445 517 487 5.
561 440 793 483 Fredericus
811 445 893 497 ipse
912 445 953 483 in
973 445 1094 496 Epist.
1118 444 1169 482 ad
1189 445 1388 484 Othonem
1406 447 1590 500 Frising.=
1618 447 1710 485 inde

249 508 385 539 euntes
414 514 554 539 versus
574 501 807 550 Anconam,
843 503 1139 553 Palaeologum
1167 502 1465 541 nobilissimum
1484 507 1711 557 principem

251 559 520 608 Graecorum,
570 567 607 596 et
630 559 900 600 Maradocum
926 561 1080 596 socium
1105 561 1215 609 eius,
1254 573 1347 597 cum
1382 563 1518 598 ceteris
1555 563 1711 599 nuntiis

247 615 711 666 Constantinopolitanis
740 616 878 654 obvios
908 615 1151 665 habuimus,
1183 617 1257 667 qui
1282 624 1327 654 ut
1346 618 1389 654 in
1404 616 1606 668 Apuliam
1631 620 1710 656 ire-

243 685 337 709 mus
365 678 402 709 et
425 671 578 710 lzostem
604 675 820 724 utriusque
846 674 1006 724 imperii
1039 673 1304 710 Guillelmum
1332 675 1516 724 potentia
1547 676 1711 712 virtutis

242 734 404 766 nostrae
432 736 627 767 conterere
651 731 861 778 vellemus,
892 730 1100 781 infinitam
1122 731 1342 780 pecuniam
1362 730 1479 768 nobis
1498 729 1596 768 dare
1615 745 1709 782 spo-

237 783 484 836 ponderunt.
542 788 645 838 quia
674 801 764 825 vero
795 787 949 824 militia
980 794 1121 824 nostra
1137 794 1304 838 propter
1325 788 1472 824 multos
1495 785 1653 824 labores
1674 795 1711 825 et

241 841 348 879 bella
366 843 488 880 nimis
509 845 655 880 attrita
663 845 769 894 fuit,
791 844 959 895 placuit
979 844 1115 894 magis
1131 843 1393 894 principibus
1414 842 1555 892 redire,
1585 857 1710 895 quam

241 899 287 936 in
307 898 509 950 Apuliam
527 899 769 939 descendere.
813 900 915 938 adde
931 899 1176 939 Radevicum
1195 900 1221 939 l.
1236 903 1261 942 3
1283 913 1318 942 e.
1335 903 1390 942 20
1407 907 1447 939 et
1465 900 1606 941 willel.
1625 901 1709 952 Ty-

241 955 348 994 rium
369 955 397 994 l.
420 958 471 998 18
491 969 522 994 c.
539 959 578 997 7-.

356 1025 394 1062 Ρ.
415 1014 496 1053 136
522 1026 560 1051 v.
581 1013 622 1055 4.
677 1011 956 1065 Βασσαβίλας]
986 1012 1079 1051 Fuit
1108 1012 1142 1050 is
1171 1013 1371 1051 Robertus
1402 1013 1451 1051 de
1484 1012 1708 1062 Bassavilla,

242 1067 311 1118 qui
335 1068 556 1120 Falcando,
584 1070 701 1107 Petro
721 1069 891 1106 Blesensi
906 1069 1030 1120 Epist.
1055 1073 1126 1118 10,
1155 1069 1323 1108 Bonfilio
1344 1070 1596 1119 Constantio,
1628 1069 1707 1106 Fa-

242 1124 341 1162 zello
383 1130 423 1162 et
458 1125 542 1162 aliis
572 1138 696 1163 comes
726 1126 901 1163 Loritelli
931 1126 1049 1176 vulgo
1084 1125 1346 1176 indigitetur,
1395 1125 1578 1166 willelmi
1609 1126 1709 1176 regis

243 1181 383 1218 amitae
405 1180 528 1231 filius,
555 1195 673 1232 quam
698 1182 837 1219 Gillam
857 1188 975 1221 vocat
993 1181 1271 1233 Philadelphus
1294 1184 1470 1234 Magnos
1487 1183 1530 1220 in
1550 1182 1708 1220 Geneal.

243 1237 347 1275 Sicil.
368 1237 497 1275 Nobil.
554 1243 744 1289 nupserat
764 1238 851 1287 illa,
882 1244 929 1276 ut
949 1238 1055 1276 idem
1075 1239 1246 1290 scriptor
1266 1239 1321 1277 ait
1331 1251 1348 1285 ,·
1364 1239 1539 1277 Roberto
1561 1252 1708 1289 cogno-

242 1299 377 1332 mento
398 1295 691 1346 Zamparroni‚
722 1295 845 1332 nobili
863 1295 1090 1333 Normanno
1109 1296 1242 1333 comiti
1258 1296 1516 1344 Conversani‚
1543 1295 1607 1333 cui
1623 1296 1708 1333 Ro-

241 1352 370 1399 gorius
387 1364 461 1389 rex
478 1352 680 1390 castellum
703 1350 748 1388 di
766 1354 896 1389 Sacca
915 1352 1118 1390 concessit.
1174 1364 1225 1390 ex
1241 1350 1303 1389 his
1321 1346 1469 1403 nuptiis
1487 1357 1605 1390 natus
1621 1352 1708 1390 Ro-

240 1407 376 1446 bertus
399 1408 448 1445 de
467 1409 700 1457 Bassavilla,
737 1409 803 1458 qui
822 1415 868 1446 ut
890 1414 1031 1446 auctor
1056 1413 1114 1446 est
1132 1408 1239 1446 idem
1260 1409 1440 1460 Magnos
1460 1408 1708 1447 coronationi

240 1463 426 1503 Willelmi
458 1465 642 1503 Panormi
677 1465 880 1515 interfuit,
913 1466 978 1504 vir
1010 1465 1240 1516 ceteroquin
1265 1466 1308 1503 in
1335 1478 1457 1517 regno
1475 1464 1708 1517 potentissi—

238 1533 349 1571 mus,
379 1521 447 1572 qui
471 1522 630 1559 adscitis
664 1522 840 1560 Roberto
880 1521 929 1559 de
958 1523 1150 1559 Surrento
1167 1522 1369 1572 capuano
1387 1522 1590 1573 principe,
1620 1521 1708 1559 An—

238 1576 335 1614 drea
366 1578 507 1615 comite
538 1578 849 1628 Rupiscaninae‚
889 1578 1105 1628 ceterisque
1135 1578 1351 1627 nobilibus,
1391 1591 1490 1628 quos
1516 1577 1707 1629 Rogerius

235 1646 330 1681 rex,
355 1637 515 1685 ipseque
540 1635 758 1673 Willelmus
781 1635 823 1672 in
848 1634 1012 1672 exilium
1038 1640 1217 1685 egerant,
1249 1642 1463 1686 utrumque
1488 1636 1707 1686 imperato-

237 1703 341 1740 rem,
371 1690 427 1728 ait
447 1691 591 1742 Tyrius
610 1691 636 1729 l.
655 1693 706 1733 18
728 1704 760 1731 c.
782 1694 828 1739 2,
862 1692 1145 1728 Romanorum
1176 1689 1364 1729 videlicet
1396 1698 1433 1728 et
1467 1691 1706 1729 Constanti-—

235 1747 565 1798 napolitanorum
577 1777 589 1798 ,
613 1747 787 1785 alterum
805 1761 870 1785 ore
889 1746 948 1785 ad
963 1761 1008 1785 os
1020 1777 1032 1798 ,
1055 1754 1092 1785 et
1111 1748 1343 1799 manifeste,
1370 1749 1444 1798 qui
1463 1746 1603 1785 adltuc
1621 1754 1707 1785 erat

235 1805 281 1841 in
299 1802 450 1853 Italia5
481 1805 656 1842 alterum
673 1817 764 1842 vero
778 1818 854 1855 per
871 1804 1034 1854 literas,
1061 1803 1134 1841 sed
1149 1805 1320 1854 occulte,
1350 1803 1409 1842 ad
1423 1802 1706 1856 occupandum

237 1861 371 1898 Siculi
401 1875 571 1912 regnum
600 1861 859 1899 sollicitabat.
915 1861 1079 1899 Ioannes
1102 1861 1266 1899 Berardi
1285 1861 1312 1899 l.
1334 1863 1362 1902 4
1386 1860 1532 1899 Chron.
1554 1861 1705 1899 casau-

234 1916 394 1955 riensis:
422 1925 583 1955 mortuo
612 1932 703 1969 rege
727 1918 926 1968 Rogerio,
960 1918 1200 1957 Wllelmus
1217 1918 1342 1969 filius
1370 1919 1559 1955 successit
1582 1919 1624 1955 in
1645 1931 1708 1955 re-

234 1987 364 2024 gnum
379 2004 391 2023 ,
420 1976 486 2012 vir
506 1976 633 2012 mirae
654 1975 877 2025 sapientiae
894 1981 930 2011 et
950 1988 1125 2026 magnae
1145 1975 1335 2022 virtutis,
1365 1976 1439 2026 qui
1457 1974 1591 2011 volens
1611 1987 1707 2011 con-

237 2032 477 2081 sanguineis
503 2033 591 2068 suis
618 2031 724 2069 bona
738 2032 903 2081 facere,
933 2031 1153 2069 Robertum
1180 2029 1229 2067 de
1255 2031 1502 2068 Bassavilla
1524 2031 1705 2067 comitem

238 2087 430 2123 Loritelli
447 2089 575 2137 fecit,
614 2091 726 2139 eique
752 2095 882 2125 totum
910 2090 1147 2125 comitatum
1176 2087 1294 2124 illum
1323 2094 1360 2124 et
1382 2088 1544 2125 vicinas
1574 2093 1704 2124 terras

237 2143 470 2192 supposuit,
502 2150 538 2179 et
569 2159 613 2179 ex
642 2144 744 2181 bono
770 2145 918 2182 collato
946 2143 1187 2182 devotiorem
1207 2145 1466 2182 existimavit.
1524 2147 1564 2180 et
1579 2141 1702 2180 infra:

239 2212 310 2235 nec
328 2198 453 2235 multo
465 2205 561 2248 post
579 2199 793 2251 liebertus,
823 2202 892 2237 cui
908 2199 1100 2238 dominus
1112 2214 1177 2238 rex
1193 2201 1431 2239 Wllelmus
1449 2205 1509 2236 tot
1527 2206 1565 2236 et
1581 2206 1702 2237 tanta

239 2255 344 2292 bona
364 2255 590 2291 contulerat
603 2284 614 2302 ,
643 2254 831 2293 seditiose
852 2272 977 2308 agens
1000 2265 1142 2295 contra
1163 2256 1373 2294 dominum
1389 2269 1533 2304 suum,
1564 2257 1701 2293 maxi-

239 2325 348 2348 mam
371 2318 531 2362 partem
563 2309 611 2347 de
639 2325 759 2361 regno
792 2313 880 2348 eius
901 2316 1111 2362 pervasit,
1144 2315 1305 2350 comites
1323 2326 1423 2350 suae
1438 2313 1642 2363 nequitiae
1663 2319 1701 2349 et

238 2367 450 2418 complices
482 2367 633 2404 multos
666 2367 747 2403 sibi
784 2369 1006 2405 associavit
1042 2375 1079 2405 et
1120 2371 1234 2405 ultra
1274 2382 1398 2419 quam
1432 2366 1541 2405 credi
1563 2376 1702 2419 potest

237 2424 433 2462 sublimia
453 2423 501 2461 de
519 2438 560 2460 se
577 2424 775 2474 cogitari-5¹,
807 2425 850 2460 in
866 2423 1022 2461 modico
1033 2423 1302 2475 perturbavit.
1358 2423 1592 2462 Bassavillae
1611 2425 1700 2463 exi-

235 2480 278 2518 lii
302 2494 458 2518 causam
477 2481 598 2518 refert
615 2480 729 2530 Hugo
747 2479 987 2528 Falcandus‚
1019 2480 1126 2530 quod
1147 2479 1331 2518 videlicet
1348 2478 1408 2516 ad
1423 2481 1539 2530 regni
1557 2481 1700 2519 subre-

231 2538 408 2586 ptionem
422 2538 649 2588 plurimum
671 2535 912 2587 adspiraret,
928 2538 1140 2587 ipsumque
1158 2549 1324 2587 regnum
1343 2534 1403 2572 ad
1418 2549 1459 2573 se
1479 2538 1565 2574 iure
1588 2536 1699 2575 dice-

236 2599 295 2629 ret
318 2595 537 2643 pertinere,
566 2608 608 2631 eo
639 2592 752 2644 quod
781 2594 987 2645 Rogerius
1014 2607 1082 2630 rex
1106 2592 1332 2631 avunculus
1350 2593 1437 2629 eius
1457 2594 1500 2630 in
1516 2592 1698 2644 quodam

238 2655 469 2686 testamento
507 2663 582 2686 suo
614 2651 865 2701 praecepisse
897 2648 1113 2698 diceretur,
1151 2656 1196 2685 ut
1222 2647 1424 2699 siquidem
1453 2650 1698 2688 Guillelmus

237 2706 323 2743 eius
337 2706 460 2757 filius
486 2707 648 2745 inutilis
678 2714 753 2743 aut
779 2720 931 2758 parum
962 2705 1130 2743 idoneus
1150 2703 1367 2753 videretur,
1399 2705 1601 2744 Robertus
1620 2720 1695 2745 co-

238 2775 342 2812 mes,
374 2764 494 2799 cuius
521 2764 655 2801 virtus
687 2762 807 2800 haud
830 2761 960 2800 dubia
989 2770 1095 2810 erat,
1125 2774 1244 2812 regno
1270 2762 1566 2813 praeficeretur.
1622 2775 1694 2801 ex-

236 2818 382 2857 stincto
403 2818 658 2870 postmodum
675 2819 893 2866 Willelmo,
919 2816 1160 2868 Margaretae
1178 2816 1352 2868 reginae,
1383 2818 1564 2858 willelmi
1583 2832 1694 2870 cogn.
1726 2844 1729 2847 ·

235 2874 334 2914 Boni
355 2875 507 2914 Siciliae
534 2874 633 2927 regis
670 2876 808 2913 matris
847 2886 967 2926 opera
996 2874 1045 2912 ab
1081 2873 1198 2912 exilio
1225 2880 1434 2914 revocatus
1461 2881 1534 2920 est.
1591 2875 1694 2915 adde
