1878 3262
642 213 1036 260 HISTORIARUM
1067 214 1116 256 L.
1148 212 1224 255 111.
1598 209 1663 255 93
1711 217 1716 220 '

340 331 386 377 3.
443 327 556 388 ’Άρτι
596 332 640 372 δὲ
663 331 753 387 περὶ
786 330 860 385 τὴν
884 327 1000 371 πόλιν
1029 329 1232 371 Φιλίππου
1257 324 1432 383 γεγονότι
1457 328 1516 384 τῷ
1540 324 1664 368 αὖτο-

203 398 370 458 κράτορι
407 398 524 457 φήμη
556 400 743 456 περιέπτη
757 431 770 450 ,
816 398 876 440 ὅτι
912 398 962 451 δὴ
997 395 1278 453 στρατεύματα
1305 395 1492 437 Σκυθικὰ
1507 394 1664 451 Ἴστρον
1684 405 1718 439 V
1741 403 1786 439 42

205 467 512 526 περαιωσάμενα
546 469 725 525 κείρουσί
754 484 796 509 τε
821 467 872 509 τὰ
898 467 939 508 ἓν
963 467 1058 507 ποσὶ
1084 468 1151 507 καὶ
1177 468 1378 520 λη·ι”ζονται
1403 463 1562 515 πάντα,
1592 466 1658 506 καὶ
1682 476 1714 510 D

205 537 312 582 εἷλόν
335 555 379 594 γε
405 540 471 579 καὶ
498 536 614 579 πόλιν
638 535 758 591 λόγου
785 536 914 586 ἀξίαν,
947 539 1028 576 τῶν
1046 533 1205 590 Ἴστρου
1233 536 1300 575 καὶ
1327 533 1454 588 αὐτὴν
1473 535 1667 575 πίνουσαν

171 605 407 661 ὀναμάτων.
476 607 529 649 τὰ
562 607 637 660 μὲν
673 605 723 658 δὴ
759 608 831 658 τῆς
870 601 1009 660 φήμης
1039 603 1080 644 ἓν
1104 600 1261 656 τούτοις
1294 597 1356 656 ἦν.
1426 599 1447 643 ὃ
1475 603 1522 644 δὲ.
1542 606 1666 656 βασι-

202 676 295 726 λεὺς
333 676 487 717 ἕκεῖθεν
522 675 764 724 ἀποκλίνας,
809 672 884 727 τὴν
909 674 971 713 ἐπὶ
997 670 1067 713 τὸν
1092 670 1249 726 Ἴστρον
1275 671 1436 727 ἐφέρετο
1449 702 1462 721 ,
1497 675 1597 720 ναῦς
1622 672 1665 712 ἐκ

202 746 425 796 Βυζαντίου
463 744 521 785 δι’
542 740 755 798 Ἀγχιάλου
794 740 947 790 πόλεως
972 741 1034 781 ἐπὶ
1069 739 1139 781 τὸν
1156 739 1315 795 Ἴστρον
1342 738 1571 792 ἀναχθῆναι
1598 757 1665 781 xe·-

200 812 358 862 λεύσας.
427 811 538 853 οὕπω
566 811 611 852 (5²
641 812 797 852 ἐκείνων
824 810 1089 866 ἀφικομένων,
1125 809 1167 849 ἓν
1191 805 1322 864 τούτῳ
1348 806 1423 856 τὰς
1448 806 1576 863 ταύτῃ
1590 825 1662 849 πε-

201 880 301 938 ριῇει
335 879 610 937 θηρευόμενος
644 877 850 928 πεὸἰάὸας.
931 879 1142 931 συμβαίνει
1176 876 1255 932 γὰρ
1294 875 1437 924 αὐταῖς
1473 874 1542 916 ἅτε
1569 875 1663 931 ἐρή-

147 962 191 996 10
201 967 295 1004 μοις
319 948 550 991 παντάπασι
577 950 644 990 καὶ
672 946 873 1001 ἀοικήτοις
898 947 941 988 ἔκ
967 950 1143 988 παλαιοῦ
1166 945 1444 1001 προκειμέναις
1470 943 1664 999 ἀγεληδὸν

202 1019 350 1075 ἀγρίων
375 1035 413 1060 τι
434 1022 576 1074 χρῆμα
602 1014 713 1068 ζώων
738 1017 1016 1072 ἐντρέφεσθαι.
1086 1016 1128 1056 ἐν
1161 1008 1194 1070 ᾧ
1221 1014 1265 1055 δὲ
1290 1012 1391 1069 πρὸς
1415 1011 1573 1062 τούτοις
1598 1008 1661 1067 ἦν,

198 1088 344 1142 ἠγγέλη
380 1086 490 1142 αὐτῷ
516 1084 537 1127 ὅ
563 1102 601 1126 τι
629 1085 679 1139 δὴ
705 1083 867 1126 Σκύθαι
893 1085 1002 1125 λείαν
1027 1084 1071 1125 ἐκ
1095 1087 1168 1137 τῆς
1187 1081 1397 1135 Ῥωμαίων
1423 1079 1659 1136 ἐπαγόμενοι

197 1155 269 1197 τὸν
284 1154 440 1211 Ἴστρον
466 1153 556 1211 ἄρτι
580 1170 658 1195 που
686 1154 898 1207 διέβησαν,
934 1153 981 1194 οὗ
1013 1150 1176 1208 μακράν
1211 1168 1252 1193 τε
1289 1150 1444 1192 ἄποθεν
1479 1152 1655 1205 ε’σκηνω-
1679 1157 1708 1192 Ρ
1733 1159 1777 1194 54

199 1222 312 1273 κότες
335 1223 575 1274 αὐλίζονται.
642 1221 743 1278 ἅπερ
769 1221 903 1274 ἐπειδὴ
929 1220 1119 1276 ἤκουσεν,
1155 1218 1211 1270 ὥς
1236 1217 1312 1272 εἶχε
1338 1217 1488 1272 τάχους
1512 1219 1658 1261 αὐτίκα

147 1301 189 1337 15
199 1294 261 1334 ἐπὶ
286 1291 355 1334 τὸν
379 1291 560 1345 ποταμὸν
585 1291 761 1347 ἐφέρετο.
814 1290 917 1331 ἔνθα
941 1291 1147 1346 λεμβαδίῳ
1172 1286 1510 1344 περιτετυχηκώς,
1537 1285 1658 1329 ὃποῖα

197 1360 299 1418 πρὸς
322 1367 411 1409 ταῖς
442 1362 537 1416 τῇδε
564 1359 711 1413 ὃχθαῖς
736 1357 898 1400 ἑστάναι
932 1358 1108 1400 εἴθισται
1135 1356 1255 1406 ξύλου
1282 1357 1528 1410 πεποιημένα
1554 1355 1656 1406 ἑνός,

197 1430 372 1471 ἐκέλευεν
408 1427 581 1484 ἄγεσθαι
615 1432 733 1469 τοῦτο
760 1426 861 1483 πρὸς
895 1425 1030 1468 αὐτόν.
1100 1426 1194 1468 ἀλλ’
1222 1419 1273 1480 ἦν
1299 1423 1609 1481 ἰσχυρογνώμων
1635 1423 1657 1466 ὅ

196 1496 408 1554 πορθμεὺς
440 1499 506 1538 καὶ
531 1497 703 1550 βασιλέα
727 1496 1063 1549 μεταπέμπεσθαι
1088 1498 1230 1536 τοῦτον
1257 1491 1415 1534 ἀκούων
1436 1491 1511 1534 (εει)
1533 1497 1658 1547 βασι-

1057 1561 1083 1576 ζ(

197 1570 220 1607 λ
243 1573 263 1582 ω
329 1570 349 1579 η
496 1565 509 1580 2
558 1563 571 1577 t
616 1569 636 1578 u
694 1563 715 1579 ν
841 1564 867 1579 ))
924 1562 941 1580 3
1130 1563 1142 1578 2
1213 1561 1231 1575 si
1284 1560 1303 1575 rr
1521 1563 1531 1577 J
1589 1579 1598 1587 Ι
1632 1554 1635 1556 ’

223 1584 256 1608 ξι
291 1583 372 1608 των
406 1569 494 1607 καθ’
547 1582 658 1620 ημᾶς
690 1568 843 1617 ἕμῦλξν,
905 1581 1032 1615 ξΙΤῐξν,
1098 1579 1170 1604 Ουκ
1205 1579 1255 1604 αν
1281 1579 1302 1602 0
1329 1578 1371 1603 ‘Cf
1397 1561 1658 1614 Δῖμνίΐζίλθς

141 1633 305 1677 Ξοὲάλω
333 1633 458 1690 (οὕτω
483 1633 561 1690 γὰρ
586 1633 632 1676 τὸ
657 1639 742 1682 τοῖς
766 1630 965 1683 Σκύθαις,
1000 1631 1135 1687 ὥσπερ
1163 1630 1330 1687 εἷ’ρηται,
1367 1629 1530 1686 αἶρεθὲν
1554 1630 1657 1671 ὠνο-

196 1701 341 1756 μάζετο
377 1700 590 1759 φρούριον)
630 1703 698 1743 καὶ
731 1701 784 1743 τὰ
809 1701 913 1742 καθ’
941 1699 1051 1755 ἡμᾶς
1075 1699 1176 1757 πρὸς
1201 1703 1282 1741 τῶν
1305 1697 1531 1755 βαρβάρων
1557 1699 1652 1740 κατ’

197 1771 380 1820 ἐξουσίαν
413 1769 528 1825 ἤγετό
566 1787 608 1813 τε
641 1772 708 1812 καὶ
746 1769 956 1826 ἔφέρετο.”
1037 1770 1190 1824 λέγεται
1225 1769 1358 1809 τοίνυν
1393 1766 1495 1823 πρὸς
1527 1771 1659 1809 ταῦτα

198 1837 540 1893 ὁιηγανακτηκότα
564 1839 634 1880 τὸν
656 1839 828 1892 βασιλέα
847 1836 872 1851 “
884 1839 950 1879 ναὶ
976 1837 1057 1891 δὴ”
1083 1835 1209 1894 φάναι
1228 1834 1254 1849 “
1267 1835 1325 1890 μὴ
1348 1833 1398 1876 ἂν
1424 1834 1547 1884 αὐτὸς
1560 1835 1657 1889 εἴην,

197 1901 231 1966 ᾧ
267 1907 318 1948 τὰ
347 1905 555 1960 Ῥωμαίων
584 1906 735 1948 θεόθεν
771 1907 1050 1962 ἐπιτέτραπται
1084 1903 1304 1961 πράγματα
1313 1934 1327 1955 ,
1362 1904 1397 1944 εἷ
1420 1902 1480 1956 μὴ
1507 1903 1651 1945 αὐτίκα
1674 1909 1705 1943 Β

291 2002 346 2037 19.
370 2000 514 2046 ἔμελεν]
538 2000 593 2035 Ita
613 2000 701 2034 Duc.
723 1999 809 2033 Cod.
826 1997 980 2042 ἔμελλεν.

286 2080 322 2115 3.
368 2079 420 2114 Ad
435 2078 693 2124 Philippopolim
709 2088 782 2112 cum
797 2078 1006 2123 pervenisset
1019 2076 1220 2122 imperator,
1245 2074 1335 2110 fama
1349 2075 1545 2121 percrebuit
1560 2077 1652 2121 scy-

194 2126 303 2160 thicas
319 2126 435 2170 copias
453 2126 574 2158 Istrum
589 2124 779 2167 traiecisse,
804 2129 839 2157 et
853 2124 955 2158 obvia
968 2134 1121 2167 quaeque
1145 2133 1264 2167 rapere
1285 2133 1327 2155 ac
1345 2122 1565 2166 depopulari:
1590 2123 1652 2157 sed

196 2178 232 2206 et
255 2172 343 2205 haud
363 2171 512 2215 ignobile
538 2170 697 2215 oppidum
722 2169 850 2203 flumini
871 2169 1027 2202 adiacens
1050 2179 1269 2213 expugnasse.
1316 2166 1478 2200 eiusmodi
1508 2175 1650 2213 accepto

195 2217 312 2251 nuntio
323 2243 333 2259 ‚
357 2217 542 2251 abscedens
565 2216 642 2249 inde
656 2215 814 2260 princeps
836 2215 879 2248 ad
895 2215 1017 2248 Istrum
1033 2213 1206 2247 contendit
1219 2223 1391 2257 navesque
1405 2212 1573 2256 Byzantio
1591 2225 1654 2259 per

195 2263 390 2297 Anchialum
419 2263 536 2296 urbem
560 2273 677 2295 versus
691 2261 815 2294 Istrum
830 2260 972 2294 flectere
993 2260 1109 2302 iussit,
1133 2259 1332 2303 interimque
1348 2258 1425 2291 dum
1439 2259 1649 2303 advenirent,

195 2310 470 2343 circumiacentes
495 2318 630 2352 campos
660 2307 816 2340 venando
839 2306 1068 2352 perlustravit.
1124 2305 1250 2350 quippe
1272 2315 1347 2338 cum
1379 2304 1507 2338 deserti
1537 2311 1652 2339 essent

195 2355 347 2397 omnino,
372 2359 409 2388 et
434 2353 499 2387 iam
520 2354 648 2398 pridem
674 2352 812 2395 inculti,
837 2357 938 2396 atque
952 2351 1036 2384 adeo
1051 2351 1184 2395 longius
1199 2350 1485 2395 protenderentur
1500 2376 1510 2392 ‚
1531 2351 1652 2394 ingen-

195 2404 264 2434 tem
279 2401 427 2434 ferarum
444 2398 757 2445 copiam'gregatim
773 2399 827 2431 hic
842 2397 997 2431 innutriri
1011 2397 1210 2440 contigerat.
1258 2407 1331 2429 cum
1346 2395 1440 2429 hisce
1456 2396 1552 2430 daret
1567 2408 1652 2441 ope-

195 2457 287 2489 ram,
311 2445 480 2479 nuntiatur
502 2446 667 2491 Scythas,
691 2445 784 2477 facta
803 2443 932 2488 ingenti
953 2443 988 2476 in
1011 2443 1237 2477 Romanorum
1261 2442 1354 2485 agris
1368 2440 1496 2485 praeda
1509 2469 1519 2485 ‚
1543 2453 1654 2487 nuper

195 2491 389 2525 transivisse
406 2491 546 2533 Istrum,
570 2502 634 2524 nec
650 2490 766 2535 procul
783 2489 879 2533 inde,
903 2489 980 2522 fixis
996 2488 1245 2530 tabernaculis,
1279 2486 1481 2519 consedisse.
1528 2488 1651 2531 quibus

196 2536 318 2570 auditis
341 2542 465 2581 quanta
487 2536 599 2582 potuit
622 2535 794 2570 celeritate
807 2535 851 2568 ad
874 2534 1014 2568 fluvium
1038 2533 1220 2568 contendit.
1265 2532 1420 2566 navicula
1434 2531 1482 2565 ibi
1498 2539 1651 2578 reperta,

197 2581 381 2615 cuiusmodi
396 2582 464 2616 illic
478 2583 520 2616 ad
536 2593 592 2616 eas
607 2582 700 2626 ripas
715 2587 810 2614 stare
826 2580 935 2614 solent
950 2592 992 2614 ex
1007 2581 1106 2614 unico
1122 2578 1308 2612 fabricatae
1321 2578 1413 2621 ligno
1427 2602 1438 2619 ‚
1463 2589 1537 2612 eam
1551 2580 1594 2612 ad
1614 2591 1654 2613 se

196 2627 332 2660 mandat
354 2628 491 2673 impelli.
536 2633 574 2662 at
596 2628 757 2673 pervicax
783 2626 950 2672 portitor,
974 2626 1033 2659 ubi
1058 2637 1095 2659 se
1110 2626 1153 2658 ab
1168 2625 1370 2668 imperatore
1382 2623 1541 2657 accersiri
1555 2625 1653 2659 videt

198 2671 250 2704 “si
263 2683 373 2706 rerum
387 2673 609 2716 nostrarum‚”
631 2673 740 2718 inquit
755 2673 894 2706 “curam
909 2671 1079 2705 habuisset
1092 2671 1274 2715 imperator
1285 2694 1296 2711 ‚
1318 2680 1429 2714 neque
1446 2675 1547 2714 capta
1560 2671 1653 2704 soret

197 2716 445 2752 Demnitzicus’'
481 2719 550 2764 (sic
573 2719 659 2753 enim
684 2718 918 2764 appellabatur
941 2718 1032 2762 quod
1049 2728 1070 2750 a
1084 2715 1224 2761 Scythis
1238 2719 1373 2760 captum
1386 2714 1492 2749 fuisse
1505 2722 1653 2749 castrum

197 2761 366 2806 diximus)
375 2764 510 2809 “neque
523 2776 580 2799 res
594 2768 727 2799 nostrae
741 2764 796 2798 hic
811 2774 832 2797 a
846 2763 998 2798 barbaris
1014 2762 1168 2807 direptae
1180 2772 1242 2806 pro
1257 2761 1352 2795 libitu
1367 2765 1402 2795 et
1416 2761 1551 2795 ablatae
1565 2761 1653 2794 fuis-

196 2807 307 2840 sent.’'
352 2808 395 2841 a'd
412 2809 495 2843 haee
518 2811 612 2844 aiunt
623 2810 831 2854 indignatum
847 2809 1063 2854 respondisse
1077 2808 1283 2852 principem:
1315 2807 1407 2840 “non
1423 2807 1484 2840 sim
1500 2818 1565 2850 ego
1583 2806 1652 2847 isse,

196 2852 249 2886 cui
264 2852 420 2888 divinitus
440 2865 461 2888 a
484 2855 549 2890 deo
572 2856 728 2891 collatum
741 2861 795 2891 est
808 2856 1035 2891 Romanorum
1048 2853 1244 2900 imperium,
1265 2852 1333 2887 nisi
1354 2852 1529 2887 confestim
1543 2851 1650 2885 auda-
