1878 3262
266 239 366 284 232
748 233 975 279 IOANNIS
1010 233 1241 279 CINNAMI

267 349 430 408 τρόποις
464 347 528 391 ἐπὶ
554 347 624 391 τὸν
649 344 745 391 κατ’
774 345 900 390 αὖτοῦ
934 343 1113 402 πόλεμον
1135 344 1157 389 ὃ
1182 349 1372 401 βασιλεὺς
1395 346 1588 410 ἔβλεψεν,
1622 347 1724 394 Στέ-

268 416 397 477 φανόν
431 433 474 461 τε
507 416 577 460 τὸν
614 414 924 474 πατράδελφον,
961 415 1008 458 οὗ
1043 412 1238 474 πρότερον
1272 421 1390 460 τοῦτο
1413 419 1726 474 βεβουλημένος,

266 488 331 529 ἐπὶ
366 485 439 541 τὴν
477 484 606 543 ἀρχὴν
644 480 767 536 αὖθις
800 488 1001 528 καθιστᾶν
1025 483 1162 539 ἤθελε.
1229 486 1298 527 καὶ
1332 485 1382 540 δὴ
1407 487 1612 542 Μανουὴλ
1636 487 1725 541 μέν,

266 553 313 605 ὃς
347 555 387 604 ἒς
420 553 661 610 Κομνηνοῦς
695 553 741 596 τὸ
776 554 888 610 γένος
913 553 1126 611 ἀνέφερεν,
1163 553 1219 603 εἷς
1242 553 1288 596 τὸ
1310 557 1391 596 τῶν
1418 558 1726 612 Ταυροσκυθῶν

269 623 433 680 ἄφίκετο
461 622 607 674 ἔθνος,
651 620 873 678 ὁμολογιῶν
907 622 976 665 τὸν
1014 621 1191 679 ἄρχοντα
1227 626 1343 679 σφῶν
1379 621 1640 677 ἄναμνήσων,
1678 621 1760 674 ἃςό

270 689 494 745 διωμότους
530 689 609 746 ’ἤδη
644 694 702 748 τῷ
739 695 905 745 βασιλεῖ’
931 690 1070 742 ἔθετο,
1100 690 1201 747 πρὸς
1226 691 1269 732 δὲ
1294 692 1361 733 καὶ
1386 690 1460 745 τὴν
1484 690 1586 748 πρὸς
1604 689 1729 749 Ἱερό-

271 763 458 814 σθλαβον
491 759 560 802 τὸν
581 760 791 814 ,Γαλίτζης
824 757 1114 814 ἡγεμονεύοντα
1152 760 1290 816 φιλίαν
1326 758 1438 817 αὐτῷ
1473 760 1731 806 διονειδίσων.

263 826 551 886 Ἰερόσθλαβος
575 827 653 884 γὰρ
679 826 731 870 τά
756 845 798 870 τε
832 827 938 870 ἄλλα
963 828 1004 877 ἒς
1023 825 1246 881 Ῥωμαίους
1271 825 1615 885 παρασπονδήσας
1639 826 1732 870 ἴτυ-

265 913 338 951 χε,
373 897 440 938 καὶ
467 896 516 950 δὴ
542 897 609 939 καὶ
628 893 902 952 Ἀνδρόνικον,
945 890 994 938 οὗ
1019 895 1145 937 πολὺν
1178 895 1256 950 ἤδη
1284 893 1564 951 ἐποιησάμεθα
1597 893 1732 952 λόγον,

270 969 343 1019 τῆς
367 964 409 1007 ἓν
445 965 627 1022 παλατίῳ
662 969 847 1022 φρουρᾶς
882 962 1143 1021 ἀποδράντα,
1178 963 1281 1006 ἔνθα
1307 964 1490 1019 ἒνναέτης
1515 962 1626 1018 οἶμαι
1651 981 1729 1006 κα-
1742 972 1789 1006 10

219 1041 252 1077 D
275 1037 462 1089 θεΐρκτο,
514 1030 733 1090 προσιόντα
768 1033 879 1091 αὐτῷ
911 1033 1071 1083 ἐδέξατο
1116 1034 1183 1074 καὶ
1219 1030 1521 1090 φιλοφροσύνης
1552 1032 1734 1087 ἠξίωσεν.

271 1099 381 1151 ὅπως
407 1101 450 1143 δὲ
469 1099 707 1158 Ἀνδρονίκῳ
733 1100 784 1143 τὰ
810 1106 883 1143 τοῦ
909 1103 1095 1158 δρασμοῦ
1119 1101 1296 1156 γέγονεν,
1335 1100 1426 1158 ἄρτι
1453 1098 1638 1155 δηλώσω.

420 1167 495 1213 11.
548 1163 705 1219 Ὀὗτος
741 1171 808 1211 καὶ
844 1168 985 1212 ἄλλοτε
1019 1170 1092 1223 μὲν
1128 1168 1206 1224 ἤδη
1245 1168 1389 1211 λαθὼν
1426 1170 1621 1227 δαιμονίῳ
1655 1169 1734 1212 τινὶ

269 1233 406 1294 τρόπῳ
443 1236 516 1291 τὴν
549 1236 705 1294 εἱρκτὴν
730 1235 943 1295 ὗπερεξέδυ
955 1269 968 1290 ,
1013 1237 1118 1279 ἀλλὰ
1142 1237 1188 1279 τὸ
1210 1242 1358 1294 χρῆναι
1383 1235 1494 1291 οἶμαι
1520 1238 1588 1279 καὶ
1615 1237 1734 1279 εἰσέτι

269 1305 345 1355 τὰς
368 1308 448 1346 τῶν
473 1306 758 1362 πεπραγμένων
782 1304 939 1360 ὑπέχειν
965 1303 1141 1355 εὐθύνας
1166 1307 1221 1355 εἷς
1241 1312 1381 1362 χεῖρας
1406 1299 1529 1355 αὖθις
1552 1311 1637 1355 τοῖς
1662 1306 1732 1360 ζη-
1745 1312 1790 1348 15

271 1377 385 1415 τοῦσι
413 1371 522 1431 πόνῳ
549 1374 679 1416 οὐδενὶ
705 1373 775 1417 τὸν
800 1375 1076 1428 κακοδαίμονα
1103 1374 1240 1416 ἐτίθει.
1291 1375 1362 1415 καί
1383 1373 1481 1415 ποτέ
1505 1390 1607 1430 φασι
1620 1376 1734 1430 Σαγ-

272 1442 426 1498 γαρέως
452 1441 546 1499 ἄχρι
573 1447 758 1497 ποταμοῦ
783 1441 966 1498 γεγονώς,
1001 1447 1073 1497 τῆς
1093 1443 1136 1484 ἐκ
1156 1446 1230 1485 τοῦ
1249 1440 1410 1496 ψύχους
1432 1439 1607 1497 ἀνάγκης
1627 1443 1736 1485 ἕπει·

270 1508 441 1565 γούσης,
474 1509 676 1564 δωμάτιόν
701 1527 739 1553 τι
763 1510 923 1566 ὑπῆλθε
949 1510 1101 1567 λυπρὸν
1135 1512 1203 1553 καὶ
1230 1509 1316 1564 ἅμα
1342 1510 1507 1564 ἔκδηλος
1531 1517 1616 1560 τοῖς
1639 1511 1736 1567 τῇδε

273 1576 508 1634 ἀνθρώποις
542 1579 586 1620 ἐκ
620 1583 693 1620 τοῦ
727 1577 933 1633 σχήματος
969 1579 1131 1634 ἐγένετο.
1201 1577 1396 1632 σεσόβητο
1421 1577 1499 1634 γὰρ
1527 1577 1587 1620 ἀεὶ
1614 1577 1734 1635 φύσει

136 1649 164 1684 P
191 1649 255 1686 135
280 1647 347 1688 καὶ
382 1644 526 1702 γοργόν
550 1663 589 1689 τι
622 1648 690 1688 καὶ
716 1647 891 1703 ἓντρεχές
917 1646 1102 1701 ἔβλεπεν,
1148 1643 1203 1696 ὥς
1229 1645 1278 1688 ἂν
1305 1644 1416 1700 οἶμαι
1441 1649 1521 1688 τῶν
1546 1651 1792 1700 ψυχικῶνΞΟ

273 1714 384 1772 αὐτῷ
409 1713 636 1769 κινημάτων
661 1715 908 1768 ἐκδυομένων
933 1714 1010 1770 ἤδη
1037 1714 1200 1764 καύτοῖς
1225 1713 1350 1764 ἐκτός.
1383 1712 1639 1770 περιστάντες
1650 1716 1737 1756 τοί-

273 1799 343 1825 νυν
376 1782 500 1825 αὐτὸν
538 1783 576 1825 οἳ
610 1783 829 1840 ἀγροιῶται
863 1783 995 1825 πολλὰ
1020 1780 1278 1837 ἀναινόμενον
1314 1780 1370 1833 ὡς
1395 1782 1467 1824 οὐκ
1484 1780 1736 1840 Ἀνδρόνικός

367 1900 401 1935 6.
425 1897 653 1946 διωμότους]
688 1900 775 1937 Cod.
812 1897 1023 1946 διομοτούς.
1169 1899 1254 1934 ibid.
1281 1897 1351 1943 τὴν
1373 1897 1494 1945 πρὸς]
1517 1900 1572 1935 Ita
1594 1900 1734 1947 Heysex

364 1945 399 1979 in
422 1945 507 1980 Cod.
534 1946 633 1982 deest
653 1946 759 1992 πρός.
895 1949 929 1983 9.
955 1943 1235 1991 ἐποιησάμεθα]
1263 1945 1350 1983 eod.
1373 1944 1623 1992 ποιησόμεθα.
1657 1958 1736 1982 cor-

366 1990 456 2025 rexit
477 1992 565 2026 Duc.
701 1995 758 2031 21.
779 1989 957 2039 καύτοῖς]
983 1993 1080 2029 Fort.
1102 1989 1173 2027 κοέν
1192 1993 1285 2032 τοῖς.

274 2095 485 2137 quapropter
501 2093 543 2127 ad
558 2093 683 2128 bellum
698 2093 746 2128 illi
759 2093 969 2128 inferendum
983 2096 1074 2128 totus
1091 2092 1245 2128 incubuit
1259 2092 1440 2139 imperator
1455 2096 1510 2137 et,
1533 2092 1623 2147 quod
1637 2092 1733 2138 prius

273 2137 446 2180 noluerat,
470 2139 676 2184 Stephanum
692 2143 848 2184 patruum
876 2140 995 2173 iterum
1010 2140 1043 2174 in
1067 2151 1205 2184 reguum
1220 2140 1399 2174 restituere
1415 2139 1574 2174 decrevit.
1622 2139 1682 2173 sed
1698 2143 1736 2174 et

274 2182 414 2218 Manuel
438 2184 591 2229 quidem,
616 2186 672 2230 qui
689 2197 710 2219 a
725 2185 905 2219 Comnenis
919 2197 1025 2229 genus
1049 2186 1240 2228 referebat,
1265 2185 1307 2219 ad
1322 2185 1631 2231 Tauroscytharum
1648 2196 1736 2229 gen-

275 2232 342 2262 tem
359 2230 531 2274 perrexit,
555 2235 593 2264 ut
609 2236 781 2276 pactorum
799 2242 886 2276 quae
902 2231 1119 2265 sacramentis
1137 2243 1211 2265 cum
1227 2231 1430 2275 imperatore
1445 2230 1638 2264 sanciverat
1662 2242 1736 2265 me-

275 2274 414 2310 moriam
429 2275 476 2309 illi
492 2275 646 2321 princeps
661 2283 858 2310 revocaret:
874 2277 1012 2322 insuper
1029 2277 1129 2311 etiam
1145 2288 1226 2321 erga
1238 2276 1449 2311 Hieroslaum
1464 2275 1623 2310 Galitzae
1639 2276 1736 2322 prin-

278 2320 386 2365 cipem
412 2321 587 2355 amicitiam
603 2322 668 2367 ipsi
692 2324 969 2367 exprobraturus.
1015 2323 1214 2357 Hieroslaus
1231 2322 1338 2366 enim,
1361 2333 1434 2355 cum
1456 2325 1491 2356 et
1505 2321 1570 2355 alia
1585 2323 1687 2356 multa
1701 2323 1738 2358 in

280 2366 452 2401 Romanos
479 2372 617 2412 praeter
640 2368 786 2402 foederis
813 2369 905 2412 leges
926 2368 1084 2411 fecisset,
1117 2373 1187 2402 tum
1203 2372 1244 2401 et·
1253 2367 1476 2401 Andronicum
1489 2393 1499 2410 ‚
1523 2367 1567 2401 de
1582 2379 1649 2412 quo
1669 2367 1736 2403 iam

279 2411 422 2456 plurima
448 2413 801 2455 commemoravimus,
835 2426 854 2447 e
882 2425 1019 2448 carcere
1040 2414 1174 2460 palatii,
1196 2413 1229 2447 in
1256 2424 1322 2457 quo
1346 2412 1410 2447 iam
1438 2424 1557 2446 novem
1580 2418 1617 2447 ut
1633 2413 1735 2448 credo

279 2457 437 2492 detentus
460 2469 565 2493 annos
592 2459 723 2500 fuerat,
760 2460 938 2504 profugum
965 2465 1001 2493 et
1023 2460 1067 2494 ad
1093 2472 1130 2494 se
1160 2458 1350 2493 venientem
1374 2458 1515 2492 comiter
1539 2464 1735 2505 exceperat.

279 2513 347 2547 qua
371 2515 453 2538 vero
468 2504 599 2538 ratione
614 2504 776 2549 effugerit
789 2504 998 2539 Andronicus
1008 2530 1019 2546 ‚
1043 2517 1132 2539 nunc
1147 2504 1332 2550 expediam.

373 2551 428 2584 11.
476 2550 538 2583 llle
559 2562 624 2584 non
649 2550 752 2584 semel
780 2550 861 2584 miro
884 2550 1030 2595 quodam
1055 2551 1151 2585 modo
1177 2563 1197 2584 e
1220 2560 1355 2584 carcere
1377 2548 1444 2584 iam
1459 2553 1626 2584 evaserat.
1672 2549 1736 2586 sed

279 2593 372 2638 quod
387 2596 569 2640 oportebat
593 2607 690 2639 eum,
722 2602 760 2630 ut
781 2596 920 2641 opinor,
953 2596 1113 2642 deinceps
1139 2595 1304 2630 sustinere
1329 2595 1510 2629 facinorum
1528 2606 1677 2641 poenas,
1698 2595 1736 2630 in

278 2641 552 2684 persequentium
566 2652 682 2675 manus
707 2642 805 2676 miser
821 2642 910 2676 nullo
926 2643 1064 2686 negotio
1090 2652 1220 2676 rursum
1235 2640 1338 2676 venit.
1386 2653 1459 2675 cum
1474 2641 1672 2686 aliquando,
1695 2644 1737 2676 ut

250 2680 253 2688 ’
280 2683 395 2728 aiunt,
419 2686 461 2719 ad
485 2686 684 2730 Sangarium
702 2699 806 2732 usque
829 2687 966 2722 fluvium
982 2688 1214 2733 pervenisset,
1246 2682 1280 2720 vi
1294 2686 1430 2730 frigoris
1446 2687 1584 2721 adactus
1599 2690 1736 2732 agreste

279 2730 447 2775 quoddam
463 2731 567 2764 subiit
588 2733 754 2776 tugurium
771 2737 807 2766 et
832 2733 989 2767 continuo
1016 2734 1058 2767 ab
1079 2732 1198 2766 incolis
1214 2744 1256 2766 ex
1271 2733 1417 2776 corporis
1433 2733 1542 2766 forma
1556 2732 1621 2767 fuit
1635 2731 1734 2777 agni-

279 2780 348 2810 tus.
395 2781 517 2810 natura
541 2777 627 2810 enim
654 2778 850 2812 concitatior
876 2782 970 2818 erat,
993 2778 1138 2823 visuque
1161 2777 1231 2812 acri
1254 2789 1294 2811 ac
1309 2778 1467 2820 volubili,
1494 2778 1594 2813 animi
1607 2778 1735 2832 quippe

278 2821 515 2856 affectionibus
532 2822 740 2857 extrinsecus
756 2824 854 2858 etiam
869 2824 1121 2868 apparentibus.
1168 2823 1226 2868 qui
1242 2834 1323 2867 ergo
1347 2824 1606 2858 circumstabant
1619 2822 1734 2858 rusnci

279 2868 418 2903 multum
440 2867 640 2904 renitentem
665 2879 770 2915 seque
784 2868 1011 2905 Andronicum
1031 2879 1107 2905 esse
1120 2875 1360 2916 pernegantem
1378 2870 1524 2906 vinctum
1539 2869 1650 2905 denuo
1662 2868 1734 2914 By-
