1878 3262
625 203 1022 249 HISTORIARUM
1048 203 1100 247 L.
1126 203 1183 246 V.
1541 200 1640 247 207

181 321 283 379 τέρω
300 317 441 376 μηδέν.
507 318 554 363 τὸ
576 319 620 362 δὲ
647 323 721 362 τοῦ
751 316 989 377 πράγματος
1005 317 1118 368 τέλος
1149 315 1222 373 τὴν
1241 318 1316 359 τοῦ
1337 314 1642 370 συνενεχθέντος

180 393 357 447 ἐναργῶς
374 387 654 446 παρεστήσατο
676 387 864 443 δήλωσιν.
912 389 980 429 καὶ
1001 386 1300 438 Κλιτζιεσθλάν
1316 385 1393 442 γὰρ
1414 384 1518 439 μετὰ
1538 388 1642 426 πολ-

178 458 276 509 afflig
304 459 602 515 ἐπιγενομένους
626 456 799 515 χρόνους
824 460 906 498 τῶν
933 458 989 504 εἷς
1016 456 1188 509 βασιλέα
1205 458 1420 509 συνθηκῶν
1437 451 1643 509 ἀλογήσας

178 530 402 584 πανστρατὶ
415 526 640 582 Ῥωμαίους
659 526 764 568 κατὰ
774 527 951 581 Περσῶν
967 525 1101 565 ἐλθεῖν
1119 522 1407 581 παρεσκεύασε.
1474 520 1576 578 τύχῃ
1595 522 1640 564 τέ
1659 531 1693 567 O

138 606 168 644 ,5
179 614 255 639 τινι
275 599 519 653 δυσχωρίαις
539 595 709 649 ἐμπεσὸν
725 594 772 636 τὸ
791 592 1076 650 στρατιωτικὸν
1091 597 1172 634 τῶν
1198 594 1261 634 ἐπὶ
1284 590 1405 646 δόξης
1425 608 1466 634 τε
1489 591 1642 644 ἀποβε-

177 664 317 720 βλήκει
348 666 523 715 πολλοὺς
554 666 621 706 καὶ
647 661 823 718 μεγάλου
852 661 967 717 ἐγγὺς
993 655 1096 715 ἦλθε
1122 664 1275 711 κακοῦ,
1313 663 1346 702 εἲ
1366 660 1423 715 μὴ
1448 659 1642 714 βασιλεὺς

178 736 359 777 ἐνταῦθα
389 734 646 790 ἀνθρωπίνης
672 730 767 788 ὅρον
799 730 944 787 ἀρετῆς
970 729 1022 771 τὰ
1049 729 1221 782 πολέμια
1249 728 1468 784 παρελθὼν
1500 727 1643 785 ὤφθη.

179 804 286 845 ἀλλὰ
314 807 443 845 ταῦτα
470 802 568 856 μέν,
604 798 738 856 ὥσπερ
769 801 835 841 καὶ
855 799 934 854 ἤδη
962 797 1086 855 ἔφην,
1115 795 1309 839 εἷσέπειτά
1331 813 1402 850 μοι
1423 798 1640 851 λελέξεται,-

178 870 201 913 ὃ
234 873 278 914 δὲ
300 871 493 925 βασιλεὺς
522 872 562 920 ἐς
590 870 642 912 τὰ
670 869 775 910 κατὰ
793 866 909 910 νότον
936 872 1007 922 τῆς
1027 865 1180 916 πόλεως
1199 864 1402 922 ἀνάκτορα
1421 867 1642 918 καταχθεὶς

123 940 494 996 1Ομεγαλοπρεπέσι
516 956 558 981 τε
587 940 784 988 ἐδεξιοῦτο
809 938 981 986 δείπνοις
1007 936 1130 978 αὐτὸν
1152 937 1218 977 καὶ
1243 934 1311 976 διὰ
1337 931 1642 990 φιλοφροσύνης

175 1005 269 1065 ’ἦγεν
290 1007 462 1063 ἁπάσης.
532 1006 616 1050 εἶτα
646 1008 714 1048 καὶ
737 1007 872 1047 ἵππων
902 1004 1025 1047 αὐτὸν
1054 1004 1215 1054 ἕθελξεν
1232 1001 1422 1057 ἁμίλλαις
1430 1034 1443 1053 ,
1469 999 1580 1058 ὑγρῷ
1599 1018 1642 1043 τε

177 1080 274 1135 πυρὶ
293 1077 398 1119 κατὰ
415 1077 460 1120 τὸ
481 1075 578 1126 ἔθος
597 1076 772 1129 λέμβους
788 1075 899 1124 τινὰς
913 1075 1134 1130 ἐνεπίμπρα
1153 1074 1219 1115 καὶ
1237 1070 1437 1122 ἀκάτους,
1451 1072 1518 1112 καὶ
1537 1069 1642 1120 ὅλως

177 1152 258 1189 τῶν
275 1151 348 1201 τῆς
366 1146 636 1202 ἱπποδρομίας
655 1145 802 1199 ἔγέμιζε
821 1143 890 1186 τὸν
907 1142 1037 1200 ἄνδρα
1056 1140 1292 1196 θεαμάτων,
1327 1142 1370 1191 ἐξ
1389 1134 1445 1182 ὧν
1461 1138 1642 1193 μάλιστα

175 1216 329 1271 μεγέθη
361 1213 515 1256 πόλεων
544 1217 657 1271 φιλεῖ
684 1215 932 1255 δείκνυσθαι.
1002 1210 1024 1253 ὃ
1048 1212 1092 1254 δὲ
1120 1211 1191 1268 ἐφ’
1216 1209 1351 1253 ἱκανὸν
1366 1210 1407 1251 ἓν
1426 1209 1636 1265 Βυζαντίῳ
1658 1214 1692 1249 D

121 1289 166 1328 15
179 1285 399 1341 διατρίψας
427 1283 479 1325 τὰ
501 1280 760 1339 προλαβόντα
784 1298 826 1324 τε
860 1280 1059 1337 δευτέροις
1086 1278 1220 1336 ὅρκοις
1254 1275 1558 1331 πιστωσάμενος
1577 1278 1644 1318 ἐπὶ

175 1354 250 1408 τὴν
280 1351 427 1395 ἑαυτοῦ
454 1346 592 1406 ἦλθεν.
663 1349 739 1404 εἶχε
762 1351 806 1392 δὲ
826 1350 878 1392 τὰ
900 1354 972 1404 τῆς
991 1347 1208 1404 ὁμολογίας
1232 1348 1358 1389 αὐτοῦ
1373 1341 1473 1388 ὧδε·
1508 1345 1643 1402 ἐχθρὰ

176 1423 250 1476 μὲν
272 1421 341 1463 διὰ
358 1422 452 1475 βίου
475 1418 691 1477 φρονήσειν
710 1417 772 1469 οἷς
789 1418 834 1461 τὸ
858 1419 960 1475 πρὸς
976 1419 1148 1472 βασιλέα
1166 1417 1354 1473 τρέφοιτο
1376 1415 1500 1469 ἔχθος
1510 1447 1523 1465 ,
1570 1416 1643 1471 φί-

176 1495 246 1532 λια
279 1491 320 1532 δ’
355 1484 408 1531 αὖ
432 1497 516 1539 τοῖς
549 1489 779 1531 τούναντίον
811 1486 939 1537 εὔνοις
970 1487 1081 1544 αὐτῷ
1109 1490 1355 1528 καθεστῶσι.
1424 1481 1580 1525 πόλεών
1598 1499 1643 1526 τε

177 1554 308 1602 ὧνᾶν
340 1558 464 1608 αὐτὸς
494 1558 734 1615 περιγένοιτο
763 1556 838 1606 τὰς
863 1557 1022 1610 μείζους
1048 1557 1115 1598 καὶ
1143 1553 1458 1609 ἀξιολογωτέρας
1483 1555 1673 1610 βασιλεῖ’ν

119 1626 347 1677 2οδιὸόναι.
417 1628 558 1677 ἐξεῖναι
595 1627 638 1668 δὲ
670 1626 782 1684 αὐτῷ
813 1625 974 1679 οὐδαμῆ
1003 1629 1083 1666 τῶν
1110 1625 1272 1679 ἐχθρῶν
1296 1640 1373 1664 τινι
1397 1623 1649 1663 σπείσασθαι

177 1697 238 1739 ὅτι
260 1698 318 1751 μὴ
339 1697 539 1750 βασιλέως
565 1694 807 1744 κελεύοντος.
877 1691 1024 1749 δεῆσάν
1050 1710 1092 1735 τε
1105 1691 1320 1746 Ῥωμαίοις
1349 1689 1644 1745 συμμαχήσειν,

177 1766 401 1821 πανστρατὶ
427 1765 608 1806 ἀπαντᾶν
625 1763 700 1806 κᾶν
720 1762 820 1819 ἑῷος
837 1762 912 1804 κᾶν
933 1762 1114 1818 ἑσπέριος
1135 1760 1156 1803 ὃ
1179 1760 1354 1814 πόλεμος
1372 1760 1447 1814 εἴη.
1495 1759 1543 1800 οὗ
1562 1759 1646 1813 μὴν

178 1834 271 1876 οὐδὲ
289 1832 384 1882 τοὺς
402 1829 489 1874 ὅσοι
514 1831 592 1874 ὕπὸ
613 1832 686 1888 τὴν
708 1831 834 1874 αὐτοῦ
852 1832 926 1885 μὲν
952 1838 1100 1873 κεῖνται
1120 1828 1312 1885 παλάμην
1321 1861 1336 1882 ,
1370 1828 1574 1883 κλέμμασι
1596 1827 1642 1870 δὲ
1662 1831 1692 1867 P
1718 1831 1783 1868 121

272 1967 328 2003 19.
353 1961 666 2008 ἀξιολογωτέρας]
692 1961 781 1998 Cod.
804 1958 1127 2007 ἀξιολογωτέρους.

202 2080 261 2116 uid
300 2081 414 2115 nutem
452 2078 537 2113 illud
574 2076 789 2124 portenderit
804 2101 817 2120 ,
853 2076 1032 2122 perspicue
1070 2073 1218 2110 ostendit
1249 2073 1301 2109 rei
1331 2072 1452 2110 exitus.
1511 2070 1640 2120 quippe

178 2092 413 2162 glitziesthlan
436 2125 541 2159 multo
565 2129 645 2170 post
664 2128 818 2169 tempore
840 2123 948 2168 ruptis
973 2133 1059 2167 quae
1083 2133 1159 2156 cum
1180 2120 1331 2166 principe
1353 2120 1483 2156 sancita
1504 2121 1640 2155 fuerant

178 2174 309 2219 pactis,
342 2173 514 2206 Romanos
539 2182 613 2204 cum
636 2169 790 2203 omnibus
815 2169 942 2202 viribus
969 2169 1003 2202 in
1017 2169 1141 2202 Persas
1156 2167 1333 2202 convertit.
1379 2166 1438 2200 ubi
1454 2177 1528 2200 cum
1547 2167 1639 2200 forte

177 2220 213 2254 in
229 2220 304 2253 loca
324 2218 476 2252 difficilia
494 2228 611 2252 eorum
632 2215 802 2250 exercitus
827 2214 1021 2256 incidisset,
1052 2213 1212 2259 plurimos
1235 2213 1399 2258 dignitate
1416 2212 1566 2246 illustres
1583 2211 1640 2245 vi-

177 2277 236 2300 ros
251 2264 380 2305 amisit,
403 2269 437 2298 et
451 2264 487 2297 in
511 2263 615 2297 maius
630 2261 781 2296 venisset
795 2260 971 2295 discrimen
983 2288 992 2303 ‚
1017 2260 1079 2294 nisi
1103 2260 1287 2305 imperator
1309 2259 1474 2293 humanae
1490 2258 1559 2292 illic
1575 2269 1639 2292 au·-

179 2311 298 2346 daciae
318 2310 452 2344 modum
470 2309 657 2343 excessisse
682 2308 776 2342 visus
792 2311 894 2341 esset.
942 2307 1002 2341 sed
1019 2306 1122 2349 haec,
1146 2306 1196 2340 uti
1209 2305 1275 2340 iam
1292 2304 1454 2348 diximus,
1478 2304 1640 2349 deinceps

178 2369 202 2392 a
216 2357 312 2391 nobis
328 2356 686 2390 commemorabuntur.
732 2353 888 2399 princeps
912 2364 996 2387 vero
1010 2351 1045 2386 in
1060 2363 1101 2386 ea
1115 2352 1260 2398 palatia,
1281 2362 1370 2396 quae
1393 2350 1438 2384 ad
1459 2350 1641 2385 australem

178 2403 272 2438 urbis
296 2409 428 2448 partem
453 2406 550 2444 sunt,
574 2399 781 2442 concedens,
800 2399 984 2442 magnificis
1003 2398 1095 2432 illum
1118 2398 1228 2443 epulis
1242 2426 1252 2442 ‚
1278 2403 1315 2433 et
1329 2396 1418 2431 omni
1433 2396 1642 2430 benevolen-

177 2449 247 2483 tiae
265 2460 390 2493 genere
403 2448 553 2494 excepit:
576 2447 656 2481 inde
670 2450 706 2479 et
722 2445 933 2490 equestribus
948 2444 1183 2479 certaminibus
1200 2443 1386 2478 oblectavit
1396 2467 1407 2484 ‚
1429 2442 1643 2487 scaphasque

154 2521 159 2524 -
180 2499 217 2529 et
228 2495 340 2529 acatia
354 2506 398 2529 ex
412 2505 505 2528 more
519 2493 647 2538 liquido
671 2492 750 2536 igne
770 2491 919 2525 incendit
930 2519 941 2535 ‚
964 2490 1118 2524 ludorum
1133 2490 1278 2534 denique
1292 2488 1488 2522 circensium
1504 2493 1643 2532 specta-

182 2541 265 2575 culis
276 2565 285 2581 ‚
310 2552 354 2575 ex
369 2541 489 2585 quibus
504 2539 645 2574 maxime
661 2538 834 2571 civitatum
849 2537 1030 2582 amplitudo
1049 2541 1085 2570 et
1099 2535 1348 2580 magnificentia
1362 2533 1569 2578 deprehendi
1582 2544 1643 2567 so-

180 2585 250 2627 let,
272 2586 316 2621 ad
338 2587 529 2620 satietatem
551 2584 731 2619 recreavit.
778 2583 808 2617 is
827 2583 933 2628 igitur
955 2594 1031 2616 cum
1056 2582 1116 2616 diu
1137 2581 1221 2616 satis
1244 2579 1404 2625 Byzantii
1427 2579 1572 2624 egisset,
1605 2583 1642 2614 et

180 2631 295 2676 priora
318 2637 421 2677 pacta
443 2632 550 2665 altero
577 2630 679 2665 etiam
706 2630 875 2664 firmasset
884 2627 1121 2672 iureiurando,
1145 2627 1278 2661 domum
1293 2636 1452 2661 reversus
1467 2629 1531 2660 est.
1578 2637 1643 2660 eae

180 2687 284 2722 porro
298 2679 396 2712 fuere
409 2677 558 2712 foederis
573 2676 798 2711 conditiones:
823 2687 939 2709 eorum
953 2674 1010 2719 qui
1023 2673 1236 2719 imperatoris
1249 2673 1366 2707 hostes
1381 2675 1506 2717 essent,
1523 2683 1642 2717 quam-

183 2722 243 2757 diu
254 2722 406 2766 viveret,
432 2724 561 2758 hostem
576 2725 723 2757 futurum
736 2748 747 2764 ,
775 2722 915 2756 amicum
930 2725 1050 2755 contra
1066 2731 1192 2763 eorum,
1217 2719 1275 2764 qui
1290 2718 1381 2753 illius
1396 2717 1492 2752 amici
1509 2719 1640 2752 forent=

183 2768 334 2811 urbium,
357 2780 442 2814 quas
463 2769 536 2814 ipse
560 2773 718 2815 caperet,
747 2768 892 2802 maiores
913 2778 955 2801 ac
980 2766 1182 2812 praecipuas
1206 2763 1400 2811 imperatori
1419 2764 1640 2806 traditurum3

183 2814 304 2849 foedus
320 2826 394 2848 cum
406 2815 558 2859 quolibet
573 2816 683 2857 hoste,
705 2814 860 2861 principe
873 2813 1061 2848 inconsulto
1072 2839 1083 2857 ,
1107 2823 1175 2846 non
1189 2812 1374 2846 facturum:
1398 2810 1441 2844 ad
1455 2811 1639 2852 Romanos,

184 2871 260 2895 cum
273 2859 309 2895 id
323 2859 506 2896 necessitas
517 2861 720 2907 postularet,
735 2872 811 2898 cum
826 2860 979 2896 omuibus
993 2869 1205 2895 accessurum
1218 2857 1359 2906 viribus,
1372 2867 1434 2893 seu
1445 2856 1483 2893 in
1497 2855 1640 2892 Oriente
