1878 3262
731 205 1051 253 PRAEFATIO.
1550 204 1621 251 -15

163 329 224 368 σει
267 319 464 378 δεσπότην
502 321 636 366 αὐτῶν
677 315 1047 379 προσκυνήσαντες,
1091 319 1193 379 ὖπὲρ
1224 315 1274 364 οὗ
1305 324 1462 376 μᾶλλον
1495 320 1623 379 αἶ’ρειν

160 392 269 436 ὅπλα
292 391 449 441 τούτοις
471 392 613 448 ἐχρῆν,
647 393 767 434 ποίαν
796 391 869 432 οὗκ
904 390 954 432 ἂν
982 393 1180 448 τιμωρίαν
1204 388 1393 444 ὗποσχεΐν
1423 384 1528 445 ἦσαν
1558 392 1622 433 δί-

163 478 292 513 καιοι,
327 460 354 515 ἢ
375 461 432 515 μὴ
458 459 583 514 μόνον
606 460 722 516 μέχρι
740 457 964 516 χρημάτων
985 462 1052 500 καὶ
1074 458 1322 517 πραγμάτων
1343 460 1529 516 ἀπαρχῆς
1553 461 1621 502 καὶ

163 529 296 585 πάσης
318 529 444 584 ἄλλης
465 531 628 584 ζημίας,
673 528 768 569 ἀλλ’
803 527 928 570 αὐτοῦ
956 527 1164 580 θανάτου,
1198 530 1266 570 καὶ
1296 527 1441 570 τούτου
1476 533 1622 586 πικροῦ
1642 537 1676 573 D

129 601 230 642 5καὶ
252 599 475 655 ὃδυνηροῦ;
501 599 569 640 καὶ
594 596 727 646 ἄλλως
748 596 827 654 γὰρ
852 601 938 646 πῶς
959 596 1095 650 ἔμελλε
1118 596 1285 647 τούτους
1306 595 1327 638 ὅ
1351 597 1450 647 θεὸς
1470 597 1620 639 ἀνωτέ-

157 685 258 724 ρους
286 670 527 724 διατηρῆσαι
561 663 795 718 κακώσεως,
841 667 909 707 καὶ
950 666 1008 720 μὴ
1053 666 1337 723 ἀντιμετρῆσαι
1367 664 1525 716 τούτοις
1559 663 1621 716 οἷς

158 737 456 793 ἀντεμέτρησαν
477 735 660 790 μέτροιςς
693 733 748 785 ὡς
770 734 847 791 γὰρ
868 736 934 776 καὶ
956 738 1031 776 τοῦ
1052 736 1207 776 δικαιόυ
1229 739 1301 789 τῆς
1321 733 1480 791 φύσεως
1499 736 1620 777 ἔκλα-

158 803 327 858 θόμενοι
365 806 432 846 καὶ
464 804 715 862 ἀσπλαγχνιά
747 808 807 861 τῷ
839 808 998 861 φυσικῷ
1034 803 1167 845 αὐτῶν
1201 805 1325 860 κυρίῳ
1354 802 1618 860 χρησάμενοι,

156 875 324 923 δικαίως
368 872 417 914 ἂν
454 871 594 926 ἔτυχον
631 874 699 914 καὶ
729 867 840 914 οὗτοι
873 871 1025 929 θεόθεν
1058 872 1356 927 ἀσπλαγχνίας,
1404 872 1619 927 ἀποτόμως

105 954 149 987 10
160 940 537 996 ποινηλατούμενοι,
582 939 642 983 ὅτι
678 943 746 982 καὶ
774 945 862 999 θεῷ
891 941 1003 998 αὐτῷ
1028 939 1390 998 προσκεκρουκότες
1420 939 1617 984 ἑάλωσαν.
1638 947 1668 982 Ρ
1693 947 1736 983 12

159 1009 221 1053 ὅτι
257 1011 301 1052 δὲ
332 1012 399 1052 καὶ
433 1010 538 1064 μετὰ
570 1014 644 1064 τῆς
673 1009 832 1052 ἄνωθεν
867 1009 995 1067 ῥοπῆς
1027 1012 1095 1052 καὶ
1126 1014 1230 1051 θεοῦ
1261 1008 1452 1052 ἐπινεύσει
1488 1016 1618 1052 ταῦτα

158 1079 402 1131 τετέλεσται,
437 1077 463 1134 ἦ
487 1080 576 1135 περὶ
593 1079 665 1133 τὴν
678 1076 904 1132 Ῥωμαϊκὴν
928 1080 1139 1132 βασιλείαν
1156 1077 1404 1128 κατάστασις
1425 1078 1620 1135 ἀριδηλό-

157 1165 273 1204 τερον
300 1152 498 1207 παριστᾷ,
534 1149 576 1197 ἒξ
597 1148 743 1189 ἐκείνου
765 1146 974 1202 λαβόντων
993 1147 1067 1202 τὴν
1086 1150 1141 1197 εἷς
1163 1146 1207 1189 τὸ
1227 1154 1403 1203 κρεῖττον
1424 1149 1616 1200 ἐπίδοσιν,

156 1219 224 1258 καὶ
240 1218 358 1273 μέχρι
379 1218 447 1258 καὶ
470 1220 539 1258 νῦν
558 1217 660 1258 καθ’
677 1214 848 1271 ἑκάστην
868 1215 1138 1267 ἐπιδιδόντων,
1157 1218 1225 1258 καὶ
1245 1216 1346 1272 πρὸς
1358 1216 1410 1258 ἕω
1430 1218 1498 1258 καὶ
1516 1217 1618 1273 πρὸς

102 1294 145 1329 15
159 1285 318 1339 δυσμὰς
340 1285 516 1339 εὐτυχῶς
531 1283 773 1340 χωρούντων
800 1285 959 1343 εὐδοκία
982 1288 1086 1326 θεοῦ
1107 1287 1174 1326 καὶ
1192 1283 1354 1342 χάριτι,
1390 1282 1446 1334 ὥς
1467 1286 1511 1327 ἐκ
1536 1290 1617 1328 τῶν
1637 1291 1670 1327 Β

155 1356 296 1403 δεξιῶν
337 1352 669 1406 ἀποτελεσμάτων
707 1355 1051 1409 παραδηλοῦσθαι
1085 1355 1153 1395 καὶ
1192 1354 1264 1408 τὴν
1304 1353 1433 1410 ἀρχὴν
1469 1353 1616 1404 δεξιάν.

157 1417 289 1464 ἆθλον
312 1422 362 1476 δὴ
381 1427 500 1463 τοῦτο
519 1422 706 1477 με’γιστον
728 1420 916 1464 ἁπάντων
923 1454 937 1473 ,
973 1415 1029 1464 ὧν
1051 1421 1186 1475 ἴσμεν,
1221 1423 1485 1479 προτέθεικας
1503 1421 1614 1478 ἡμῖν,

155 1485 190 1533 ὦ
219 1489 436 1547 σοφωτάτη
465 1507 535 1544 μοι
567 1490 675 1547 φρὴν
705 1492 772 1531 καὶ
806 1490 985 1542 διάνοια,
1029 1490 1105 1540 τὰς
1127 1491 1304 1540 Ἀλεξίου
1334 1495 1408 1532 τοῦ
1437 1491 1615 1547 μεγάλου

154 1557 318 1616 πράξεις
334 1565 569 1614 συναγαγεῖν
588 1557 830 1611 ἐπιτάξασα,
866 1558 910 1609 ὃς
936 1561 977 1600 ἒν
1005 1566 1160 1616 καιροῖς
1188 1558 1399 1609 δυσκόλοις
1429 1559 1504 1610 τὰς
1533 1565 1614 1603 τῶν

244 1644 278 1679 3.
300 1639 325 1689 ἢ
338 1644 352 1689 ]
377 1644 476 1681 Fore.
499 1643 675 1678 delendum
697 1649 758 1679 aut
778 1644 812 1678 in
835 1643 899 1679 καὶ
921 1643 1122 1679 mutandum.
1267 1645 1302 1680 7.
1328 1642 1615 1690 ἄντεμὲτρησαν]

246 1687 358 1725 αὐτοὶ
389 1688 620 1734 ἐμέτρησανὲ
667 1690 729 1727 cfr.
758 1690 894 1735 Evang.
918 1691 1042 1726 Matth.
1067 1693 1101 1734 7,
1124 1691 1158 1725 2.
1313 1692 1345 1726 8.
1369 1687 1614 1737 ἄσπλαγχνίᾳ]

245 1732 512 1781 οἷσπλάγχνωςὲ
650 1737 704 1770 11.
730 1733 925 1781 ἐπινεύσει]
947 1737 1122 1782 Interpres
1153 1737 1330 1771 instinctu.
1378 1738 1526 1771 fortasse
1546 1737 1614 1781 igi-

240 1785 304 1815 -tur
327 1782 461 1826 legerat
482 1783 517 1815 in
542 1781 628 1816 Cod.
652 1779 874 1818 ἐπιπνεύσει.
991 1784 1046 1817 13.
1069 1781 1278 1829 λαβόντων]
1301 1783 1401 1818 Fort.
1424 1783 1613 1818 addendum

243 1827 320 1861 τῶν
341 1826 577 1871 πραγμάτων.
714 1830 770 1863 19.
795 1826 856 1874 ἐν]
881 1828 927 1864 V.
951 1824 1016 1862 ὤν.

152 1906 221 1941 quo
250 1906 404 1940 pugnare
426 1895 559 1939 ipsum,
604 1895 702 1941 eique
727 1895 883 1929 accidere
906 1895 1114 1940 supplicem,
1151 1899 1255 1941 atque
1280 1896 1431 1931 omnibus
1458 1897 1611 1932 eumdem

152 1941 276 1976 officiis
294 1941 450 1986 prosequi
463 1941 514 1974 ius
529 1943 651 1986 fasque
666 1943 795 1983 fuerat,
822 1941 886 1974 nisi
900 1941 1105 1985 gravissimis
1120 1954 1158 1976 se
1173 1943 1284 1986 legum
1301 1943 1445 1977 omnium
1461 1944 1614 1988 obligare

151 1987 326 2032 suppliciis
340 1988 472 2028 mallet,
500 1998 566 2020 non
581 1988 680 2021 modo
693 1987 832 2021 mulctas
846 1987 1152 2032 publicationesque
1167 1989 1326 2022 bonorum
1337 2014 1346 2028 ‚
1374 1989 1434 2023 sed
1451 1989 1611 2023 honorum

151 2033 252 2067 etiam
278 2045 318 2067 ac
333 2033 425 2066 vitae
440 2044 502 2078 per
516 2033 686 2067 cruciatus
702 2033 859 2066 maximos
875 2032 1076 2066 ablationem
1090 2034 1124 2066 in
1139 2034 1224 2067 tales
1240 2034 1501 2069 decernentium.
1549 2046 1613 2070 ne-

151 2090 219 2124 que
235 2090 336 2124 porro
350 2090 414 2123 pro
431 2078 529 2112 modo
545 2090 629 2113 suae
646 2078 882 2123 providentiae
895 2078 1077 2112 distulisset
1092 2079 1175 2112 deus
1185 2105 1196 2122 ‚
1226 2080 1331 2114 iustas
1357 2081 1449 2115 vices
1464 2081 1613 2116 scelera-

150 2125 196 2159 tis
212 2125 302 2158 ausis
317 2126 573 2170 repraesentato
588 2124 773 2158 infortunio
789 2124 995 2169 rependere,
1026 2125 1145 2158 nedum
1170 2130 1208 2158 ut
1227 2137 1368 2160 servare
1390 2127 1485 2171 ipsos
1516 2139 1536 2161 a
1560 2130 1613 2162 tot

151 2170 306 2217 periculis
331 2182 459 2215 perque
481 2169 571 2203 mille
596 2170 739 2204 infestos
762 2181 859 2203 casus
873 2169 918 2203 ad
932 2170 1109 2204 victoriam
1124 2171 1310 2216 perducere
1323 2172 1528 2215 incolumen,
1560 2173 1613 2207 uti

150 2216 257 2259 fecit,
287 2216 464 2250 voluisset.
511 2215 569 2260 qui
595 2217 750 2261 profecto
774 2220 828 2249 est
847 2216 966 2249 solitus
981 2216 1143 2250 naturalis
1158 2223 1427 2262 transgressores
1441 2219 1545 2262 iuris,
1574 2219 1610 2253 in

150 2262 324 2296 naturales
339 2262 491 2295 dominos
506 2261 706 2296 crudelitate
723 2262 825 2306 impia
839 2269 1045 2305 grassantes,
1063 2262 1368 2298 immisericorditer
1382 2265 1499 2298 ulcisci
1517 2269 1612 2299 atro·

152 2307 313 2352 cibusque
338 2313 486 2342 mactare
511 2307 682 2353 suppliciis
697 2318 738 2341 ac
752 2307 912 2353 perdel-«³3
958 2307 1082 2353 quippe
1098 2319 1182 2353 quos
1199 2309 1234 2342 in
1251 2321 1328 2343 sese
1343 2322 1487 2354 peccare
1501 2311 1610 2356 ipsum

150 2358 305 2398 reputat,
335 2365 422 2398 quae
440 2354 568 2388 nefarie
580 2354 614 2387 in
630 2353 798 2399 principes
812 2357 991 2387 attentant.
1037 2354 1097 2388 sed
1120 2366 1183 2388 nec
1207 2355 1279 2389 sine
1296 2356 1359 2389 vdei
1375 2357 1509 2390 numine
1524 2368 1610 2400 quo-

151 2398 295 2444 damque
315 2399 474 2434 instinctu
500 2399 662 2444 peculiari
689 2400 773 2432 haec
794 2410 873 2433 esse
892 2400 1047 2444 perfecta
1070 2400 1278 2435 manifestius
1306 2401 1515 2436 demonstrat
1531 2403 1610 2436 Ro-

151 2445 239 2478 mani
252 2450 362 2479 status
378 2445 528 2491 imperii,
559 2446 725 2490 proficere
737 2445 771 2478 in
784 2444 901 2479 melius
914 2445 991 2479 hinc
1006 2445 1095 2490 orsi,
1125 2457 1236 2490 neque
1256 2447 1420 2480 hactenus
1442 2447 1609 2492 interpel-

151 2489 243 2524 latu·
257 2491 368 2525 adhuc
383 2498 437 2525 est
450 2492 546 2526 istius
563 2491 798 2536 prosperitatis
812 2501 941 2526 cursus·
965 2491 1042 2536 quis
1058 2491 1145 2525 enim
1159 2503 1225 2525 non
1243 2503 1317 2525 cum
1331 2492 1461 2526 laetitia
1476 2498 1511 2526 et
1524 2504 1609 2537 gra-

150 2536 318 2570 tulatione
332 2537 440 2571 cernit
454 2549 524 2572 rem
542 2538 737 2581 Romanam,
754 2542 790 2571 et
803 2537 836 2570 in
853 2537 1082 2571 Orientalibus
1092 2563 1103 2578 ‚
1122 2537 1206 2571 etin
1223 2538 1386 2572 Occiduis
1401 2538 1608 2584 regionibus,

150 2581 318 2616 meliorem
332 2582 366 2615 in
383 2583 455 2617 dies
468 2595 510 2617 ac
524 2582 751 2617 florentiorem
766 2582 860 2624 fieri,
890 2583 992 2617 rebus
1014 2583 1150 2627 utique,
1181 2583 1236 2617 dei
1259 2583 1420 2626 singulari
1443 2585 1608 2620 beneficio

150 2626 196 2659 ad
212 2631 326 2662 votum
342 2627 535 2663 fluentibus.
581 2640 669 2674 quae
682 2640 893 2663 successuum
919 2628 1060 2663 felicitas
1074 2628 1233 2673 insignis,
1263 2630 1343 2674 quid
1360 2630 1452 2664 aliud
1468 2642 1608 2675 quaesO,

153 2681 252 2717 quam
266 2672 557 2720 inculpatissimam
582 2680 618 2708 et
633 2675 718 2709 caeli
732 2675 853 2709 favore
869 2675 1002 2718 dignam
1016 2679 1214 2719 coeptorum
1226 2675 1448 2710 innocentiam
1463 2677 1607 2711 manife-

153 2717 252 2751 stat?
296 2718 438 2763 spissum
461 2721 526 2754 hoc
549 2721 646 2755 nobis
663 2725 698 2755 et
713 2720 935 2755 contentionis
950 2732 1052 2766 supra
1067 2720 1180 2754 omnia
1191 2745 1203 2763 ‚
1233 2732 1319 2766 quae
1331 2722 1484 2756 novimus
1499 2722 1607 2756 maxi-

153 2773 230 2797 mae
250 2773 336 2807 opus
356 2765 526 2800 iniunxisti
539 2795 549 2811 ‚
591 2778 612 2801 o
637 2766 880 2812 sapientissima
902 2767 981 2801 mihi
1003 2777 1095 2800 mens
1119 2770 1156 2800 et
1174 2766 1414 2812 intelligentia,
1445 2768 1606 2813 colligere

152 2812 258 2852 atque
278 2808 314 2842 in
338 2814 439 2845 unum
464 2812 625 2847 historiae
645 2823 768 2857 corpus
794 2812 946 2857 digerere
969 2812 1153 2847 meiubenn
1170 2817 1249 2847 acta
1261 2813 1371 2858 magni
1386 2813 1517 2855 Alexii,
1546 2813 1604 2858 qui

152 2853 355 2890 difficillimis
365 2857 593 2904 temporibus,
621 2858 761 2895 habenis
779 2858 911 2905 imperii
929 2858 1071 2906 sumptis
1084 2857 1120 2893 in
1132 2869 1267 2905 manus,
1297 2860 1348 2894 sic
1361 2870 1418 2894 eas
1433 2860 1605 2904 guberna-
