1878 3262
238 249 340 280 xxrv
785 236 861 279 DE
895 236 1158 281 CINNAMO.

236 349 420 404 rogenito
438 347 583 390 dilecto
604 348 688 390 filio
709 348 810 401 eius,
840 349 1112 391 serenissimis
1130 348 1485 407 imperatoribus”,
1518 350 1688 408 proinde

236 433 274 459 a.
294 419 386 461 Chr.
406 418 485 458 951
506 419 548 457 in
571 433 649 473 quo
667 419 821 459 mentio
839 419 1009 459 habetur
1044 418 1284 460 “Pandonis
1307 419 1464 471 clerici,
1494 421 1568 460 filii
1590 420 1688 462 Cin·-

180 538 184 541 ,
234 489 347 527 nami
366 486 587 541 imperialis
608 487 777 542 spathae
802 483 900 542 -’'(id
921 494 984 526 est
1002 484 1248 543 spatharii)“
1282 486 1500 542 quondam,
1521 496 1560 528 et
1578 488 1688 529 iudi-

236 556 294 596 cis
311 554 588 596 Iuvenaciaes’
657 568 710 595 ex
728 554 871 609 quibus
890 556 1146 611 perspicuum
1167 557 1291 595 etiam
1307 547 1354 594 fit
1374 553 1594 596 Cinnamos
1612 557 1687 597 sub

233 622 545 679 imperatoribus
586 620 1044 679 Constantinopolitanis
1084 624 1128 663 in
1157 622 1275 663 Italia
1307 617 1446 662 munia
1472 638 1557 663 non
1588 638 1688 665 con-

235 689 453 732 temnenda
484 690 659 741 obiisse,
694 689 803 730 unde
829 698 973 746 postea
1005 689 1401 746 Constantinopolim
1430 698 1470 731 et
1489 691 1534 731 in
1553 691 1686 732 Thra-

236 760 342 799 ciam
362 765 656 799 concesserunt.
700 757 848 814 quippe
866 766 1025 814 praeter
1041 757 1237 799 Ioannem
1258 758 1502 800 cinnamum
1520 759 1688 800 huiusce

234 827 430 868 historiae
450 826 706 881 scriptorem,
738 827 806 881 qui
824 826 1005 866 Manue'li
1021 827 1256 882 imperatori
1275 827 1442 877 meruit,
1471 828 1687 868 nonnullos

238 896 341 936 alios
373 893 595 935 Cinnamos
626 902 827 934 memorat
850 893 1024 935 Ioannes
1048 893 1350 935 Cantacuzenus
1376 895 1445 935 lib.
1468 897 1493 935 3
1527 908 1614 950 cap.
1631 897 1688 936 26

237 964 290 1005 89
323 962 377 1003 95
398 969 438 1002 et
457 962 511 1001 97
540 976 641 1016 quos
670 963 760 1013 iis,
780 963 849 1017 qui
878 963 1002 1014 vulgo
1020 961 1226 1018 Ἄρχοντες
1246 961 1527 1014 indigitantur,
1562 963 1686 1003 fiore-

236 1032 412 1085 bantque
432 1030 506 1070 sub
527 1029 800 1082 Palaeologis‚
836 1037 1042 1082 accenset,
1076 1038 1120 1071 ut
1138 1038 1180 1071 et
1198 1029 1377 1071 Michae'l
1395 1029 1551 1071 Psellus
1573 1031 1686 1072 hisce

237 1100 422 1142 versibus
444 1099 494 1137 ab
511 1097 655 1138 Allatio
674 1097 872 1139 laudatis:

450 1171 534 1214 τοῖς
552 1162 595 1206 (ἓν
614 1166 774 1208 πνέουσι
796 1167 862 1207 καὶ
885 1165 1226 1218 συνουσιωμένοις,

453 1237 724 1288 συγκλητικοῖς
738 1266 750 1284 ,
779 1233 946 1290 ἄρχουσι
967 1238 1038 1287 τῆς
1059 1235 1279 1288 ἐκκλησίας,

451 1300 656 1357 Βάρὸαις,
685 1303 932 1358 Προκοπίοις
953 1319 992 1343 τε
1002 1334 1018 1357 ,¹
1050 1300 1270 1355 Κιννάμοις
1286 1299 1403 1342 πλέον
1435 1308 1510 1341 etc.

235 1382 290 1408 ex
320 1366 610 1410 Cinnamorum
631 1371 752 1422 igitur
773 1371 902 1411 nobili
922 1371 1020 1411 satis
1044 1378 1083 1410 et
1105 1371 1269 1425 antiqua
1288 1377 1407 1421 gente
1430 1376 1541 1408 ortus
1562 1365 1685 1408 Ioan—

231 1451 309 1477 nes
340 1435 561 1478 Cinnamus
588 1440 694 1479 vixit
725 1439 799 1479 sub
827 1438 1017 1478 Manue'le
1048 1438 1280 1488 Comneno,
1316 1438 1428 1477 cuius
1456 1450 1522 1476 res
1549 1443 1685 1487 gestas

232 1505 389 1560 aliquot
411 1506 523 1546 libris
547 1505 735 1558 digessit,
762 1505 1109 1561 quemadmodum
1126 1514 1166 1546 et
1183 1505 1349 1547 Ioannis
1366 1505 1558 1561 parentis.
1612 1501 1687 1544 sed

233 1571 400 1613 Ioannis
419 1575 549 1615 vitam
569 1575 713 1615 leviter
734 1576 933 1629 unicoque
953 1575 1056 1614 libro
1076 1575 1332 1631 perstrinxit,
1361 1571 1488 1627 quod,
1523 1579 1567 1610 ut
1596 1572 1685 1626 ipse

233 1641 311 1691 ait,
344 1655 393 1681 eo
424 1642 672 1698 imperante,
708 1656 755 1682 ac
784 1641 937 1682 nedum
961 1644 1081 1698 plane
1109 1643 1204 1682 fatis
1230 1644 1389 1691 functo,
1424 1637 1607 1679 nondum
1631 1637 1686 1679 ad

233 1716 435 1756 maturam
466 1718 642 1750 aetatem
666 1712 933 1767 pervenisset.
1002 1718 1044 1750 at
1071 1709 1274 1751 Manue'lis
1299 1708 1515 1748 historiam
1542 1721 1592 1747 eo
1614 1707 1686 1746 ·lu-

234 1778 394 1818 bentius
422 1777 676 1819 scribendam
705 1780 901 1834 suscepit,
932 1777 1040 1833 quod
1066 1786 1106 1818 et
1125 1778 1276 1820 vixerit
1295 1777 1404 1816 illius
1435 1782 1588 1825 aetate,
1623 1774 1685 1814 ei-

234 1860 312 1900 que
342 1847 535 1886 meruerit
563 1848 613 1887 ab
643 1847 734 1903 ipsa
760 1846 1055 1897 adolescentia,
1099 1854 1139 1886 et
1173 1845 1358 1902 plurimis
1398 1844 1439 1884 in
1474 1851 1685 1897 utramque

234 1913 509 1954 continentem
530 1915 579 1954 ab
601 1929 650 1955 eo
672 1915 868 1971 susceptis
887 1914 1215 1970 expeditionibus
1238 1913 1484 1961 interfuerit3
1516 1909 1620 1950 adeo
1640 1917 1686 1950 ut

234 1983 442 2022 neminem
472 1983 596 2023 alium
629 1983 778 2023 maiori
809 1997 900 2023 cum
927 1982 1010 2023 fide
1033 1990 1073 2023 et
1095 1981 1302 2034 diligentia
1326 1979 1435 2021 istud
1456 1979 1591 2034 operis
1611 1991 1684 2030 ag-

234 2049 347 2101 gredi
367 2065 491 2105 posse
514 2052 778 2101 existimaret.
846 2052 924 2091 huc
947 2050 1161 2091 accedebat
1180 2048 1287 2105 quod
1307 2049 1434 2089 literis
1453 2062 1538 2088 non
1556 2044 1683 2086 modo

233 2117 552 2169 humanioribus,
590 2118 662 2159 sed
684 2120 811 2160 etiam
831 2118 984 2160 divinis
1001 2120 1184 2175 apprime
1202 2125 1311 2159 esset
1325 2112 1565 2165 instructus,
1585 2127 1683 2169 pro-

232 2184 409 2240 indeque
428 2187 623 2227 historiae
646 2186 881 2228 scribendae
899 2201 1094 2243 perquam
1107 2186 1295 2227 idoneus.
1361 2198 1478 2234 nam,
1512 2188 1557 2221 ut
1574 2182 1683 2221 Alta-

231 2254 281 2293 tii
300 2253 350 2294 de
361 2253 549 2295 cinnami
568 2255 773 2310 scriptoris
790 2257 1016 2296 charactere
1032 2254 1227 2295 iudicium
1243 2253 1480 2309 appingam,
1510 2252 1684 2290 “auctor

232 2330 296 2362 est
328 2323 491 2374 elegans
523 2323 560 2362 si
591 2323 680 2378 quis
714 2324 838 2374 alius,
873 2325 1057 2364 formulis
1090 2321 1251 2364 dicendi
1273 2319 1494 2376 peregrinis
1517 2317 1682 2373 saepius

229 2391 373 2442 utitur,
403 2390 543 2443 figuris
564 2404 617 2430 ex
637 2391 910 2446 sophistarum
928 2406 1049 2446 penu.
1102 2389 1261 2447 periodi
1276 2388 1336 2428 illi
1356 2387 1561 2445 concisae,
1590 2386 1682 2441 pla-

228 2471 327 2509 nae,
364 2459 445 2499 nisi
463 2473 553 2498 cum
572 2459 880 2514 compositionis
897 2460 1079 2500 novitate
1097 2463 1331 2515 asperantur
1347 2463 1386 2496 et
1403 2456 1679 2495 obscurantur.

229 2534 362 2567 totum
389 2542 453 2578 se,
501 2534 546 2567 ut
580 2528 706 2568 verbo
736 2526 949 2577 extricem,
996 2526 1045 2566 ad
1084 2526 1326 2582 Procopium
1355 2522 1572 2578 componit.
1639 2527 1681 2561 et

229 2595 378 2634 mirum
399 2603 462 2635 est
479 2595 585 2635 inter
601 2602 663 2635 tot
680 2595 782 2635 alios
801 2595 1039 2651 posterioris
1061 2594 1210 2634 saeculi
1227 2593 1440 2648 scriptores
1459 2590 1679 2630 tumultua-

227 2663 289 2703 rie
309 2664 351 2703 in
376 2662 548 2703 dicendo
567 2662 858 2718 scribendoque
886 2662 1123 2713 delirantes,
1159 2663 1263 2702 hunc
1279 2667 1436 2700 tantum
1457 2657 1681 2713 sapuisse.'’

231 2730 422 2772 cinnami
440 2745 538 2772 vero
561 2732 605 2771 in
624 2733 744 2772 rebus
765 2732 1004 2784 theologicis
1030 2729 1299 2770 eruditionem
1322 2725 1581 2768 commendat
1600 2723 1679 2765 Ni-

234 2807 342 2840 cetas
369 2799 589 2841 choniates
619 2800 663 2839 in
681 2798 911 2841 Andronico
931 2799 1125 2853 Tyranno
1151 2798 1220 2838 lib.
1238 2799 1265 2838 2
1283 2812 1324 2836 n.
1343 2795 1384 2845 5,
1411 2795 1524 2834 euius
1553 2793 1679 2833 etiam

234 2868 440 2924 specimen
458 2882 542 2909 non
559 2882 685 2909 unum
702 2869 747 2909 in
763 2869 935 2910 historia
959 2882 1032 2909 sua
1055 2864 1308 2924 suppeditat,
1342 2877 1434 2904 cum
1454 2862 1506 2903 de
1520 2862 1572 2903 i-is
1590 2859 1679 2901 dis-
