1878 3262
270 219 366 266 110
691 216 997 262 NICEPHORI
1022 216 1291 263 BRYENNII
1342 251 1344 253 -

215 340 247 375 C
270 336 350 375 τῶν
380 329 482 388 πρὸς
510 329 580 373 τὸν
609 330 756 374 ἐκείνου
791 329 1045 390 αὐτάδελφον
1069 336 1283 388 συνθηκῶν
1301 330 1502 392 ἐξώρμησε
1525 332 1619 378 κατ’
1643 332 1721 376 αὖ,

265 404 352 442 τοῦ.
419 401 606 455 γενναίως
636 401 679 443 de*
709 400 780 455 τὴν
805 399 948 443 τούτου
977 399 1106 458 ὁρμὴν
1135 400 1382 452 ὑποστάντος
1406 408 1478 446 τοῦ
1500 404 1720 460 Βρυεννίου

264 470 333 510 καὶ
356 468 530 518 πολλοὺς
549 473 630 510 τῶν
650 469 776 511 αὐτοῦ
797 468 1096 524 καταβαλόντος
1117 472 1172 520 εἷς
1193 470 1325 527 φυγὴν
1343 472 1535 527 τέτραπτο
1558 473 1625 513 καὶ
1646 475 1719 525 τῆς

263 535 417 586 πόλεως
445 537 555 586 ἐντὸς
579 538 832 580 συνεκλείετο.
900 539 1050 580 ἐκεῖθεν
1082 532 1153 580 οὖν
1183 540 1368 594 πρέσβεις
1402 540 1608 594 ἐκπέμψας
1632 539 1719 596 ᾔτει

263 605 544 660 ἆνανεωθῆναι
575 607 689 662 σφίσι
720 606 793 656 τὰς
822 610 895 648 τοῦ
928 607 1108 663 ἀδελφοῦ
1141 605 1348 661 συνθήκας
1369 625 1410 649 τε
1433 609 1499 649 καὶ
1516 607 1566 649 τὰ
1589 606 1752 665 ὅρκια.5

266 673 447 723 κάκεῖνος
465 673 587 715 αὐτὸν
607 672 842 729 ὑποδέχεται
861 674 974 729 μάλα
994 675 1175 728 ἀσμένως
1196 677 1260 717 καὶ
1287 676 1360 726 τὰς
1388 674 1606 730 ξυμβάσεις
1628 674 1720 718 ἐκύ-

265 759 353 798 ρου.
423 742 515 784 ἀλλ’
541 740 562 784 ὃ
583 743 655 797 μὲν
677 742 820 798 ἥπτετο
842 748 914 798 τῆς
932 743 1033 800 πρὸς
1048 742 1398 800 Ἀδριανούπολιν,
1438 742 1459 786 ὃ
1482 743 1656 800 ἀδελφὸς
1676 744 1720 786 δὲ

263 808 422 865 ἀπήντα
456 811 559 865 μετὰ
594 813 780 866 πλείστης
818 811 878 854 ὅτι
915 810 1133 865 δυνάμεως.
1202 811 1455 855 Μακεδόνων
1490 829 1531 854 τε
1553 812 1630 868 γὰρ
1652 812 1720 853 καὶ

265 879 440 937 Θρᾳκῶν
469 879 546 929 τὰς
575 878 705 930 τάξεις
736 878 897 930 ἁπάσας
923 878 999 934 εἶχε
1022 881 1124 933 μεθ’
1153 878 1298 923 ἑαυτοῦ
1325 879 1410 935 ἅμα
1438 885 1624 935 λοχαγοῖς
1651 881 1720 922 καὶ

261 946 570 1003 φαλαγγάρχαις
602 950 670 990 καὶ
706 949 843 998 αὐτοῖς
874 948 924 1002 δὴ
951 955 1035 998 τοῖς
1059 956 1310 1005 στρατηγοῖς.
1378 951 1444 991 καὶ
1471 949 1509 991 οἱ
1530 947 1719 1005 ἄρχοντες
1731 953 1776 989 10

207 1019 241 1054 D
265 1016 308 1057 δὲ
330 1020 409 1057 τῶν
430 1014 583 1057 πόλεων
603 1019 777 1071 ξυνῆσαν
799 1017 909 1073 αὐτῷ
932 1015 1103 1066 ἅπαντες
1117 1049 1128 1068 ,
1164 1019 1342 1068 κάκεῖνος
1363 1017 1543 1067 ἅπαντας
1556 1017 1719 1073 χαριέν-

258 1101 338 1132 τως
358 1081 590 1136 ὑπεδέχετο·
625 1086 692 1126 καὶ
722 1085 799 1140 γὰρ
835 1080 885 1139 ἦν
917 1085 1119 1141 προσηνὴς
1150 1084 1170 1127 ὅ
1194 1086 1294 1142 ἀνὴρ
1317 1088 1383 1128 καὶ
1406 1085 1589 1140 εὐόμιλος
1609 1085 1718 1142 εἴπερ

260 1168 323 1200 ’τις
357 1150 490 1201 ἄλλος.
576 1150 664 1194 τότε
693 1153 767 1205 μὲν
801 1147 871 1194 οὖν
906 1153 1337 1209 στρατοπεδευσάμενοι
1369 1155 1602 1210 ἀριστεῦσαι
1636 1171 1719 1194 πα-

262 1218 555 1276 ρεσκευάζοντο.
598 1219 702 1262 ἀλλὰ
724 1224 782 1278 τῷ
806 1223 1008 1278 Βρυεννίῳ
1025 1220 1188 1278 Ἰωάννῃ
1218 1222 1378 1278 ἠρεμεῖν
1402 1222 1488 1264 οὔτι
1514 1223 1602 1264 ὁέον
1625 1220 1717 1263 3156-

260 1305 319 1329 κει
341 1288 432 1329 οὐδ’
459 1288 738 1342 ἀναβαλέσθαι
759 1289 828 1331 τὸν
850 1288 1001 1346 καιρόν.
1050 1288 1333 1346 ἓπιφερόμενος
1354 1285 1424 1332 οὖν
1445 1291 1545 1343 μεθ’
1571 1288 1717 1332 ἑαυτοῦ
1729 1295 1773 1331 15

259 1356 312 1397 τὰ
333 1360 404 1410 τῆς
423 1359 633 1411 βασιλείας
655 1355 879 1414 παράσημα
899 1356 1092 1414 ἠνάγκαζε
1111 1358 1180 1400 τὸν
1202 1358 1376 1415 ἀδελφὸν
1397 1363 1525 1401 ταῦτα
1547 1362 1717 1415 περιβα-

143 1433 174 1467 V
196 1433 242 1469 54
262 1425 423 1467 λέσθαι.
492 1427 639 1468 ἐκείνου
659 1427 702 1468 δὲ
724 1426 998 1479 ἀναδυομένου
1020 1428 1087 1468 καὶ
1111 1427 1347 1481 σκέψασθαι
1368 1428 1457 1483 περὶ
1479 1417 1622 1469 τούτου
1648 1427 1718 1481 ζη-

258 1497 444 1544 τοῦντος,
475 1494 596 1544 αὐτὸς
619 1494 802 1536 ἀνέπειθε
825 1493 979 1544 πάντας
1001 1497 1036 1537 εἷ
1057 1493 1142 1537 οἷόν
1166 1513 1206 1537 τε
1231 1495 1300 1537 τὸν
1321 1495 1450 1552 ἄνδρα
1470 1494 1716 1549 βιάσασθαι.

257 1561 366 1603 ἐνίκα
391 1562 432 1602 (5²
459 1561 568 1615 ὅμως
590 1563 737 1604 ἐκείνου
760 1563 806 1604 τὸ
833 1563 1042 1619 σταθηρὸν
1062 1567 1134 1617 τῆς
1155 1562 1335 1618 γνώμης·
1372 1564 1610 1620 ἀπεφαίνετο
1635 1562 1714 1619 γὰρ

259 1630 300 1679 ἒς
321 1630 446 1672 νέωτα
469 1632 745 1686 συναθροίζειν
768 1629 967 1686 ἄρχοντάς
984 1648 1024 1673 τε
1045 1633 1112 1673 καὶ
1130 1631 1376 1688 στρατηγοὺς
1397 1630 1483 1686 ἅμα
1504 1633 1572 1673 καὶ
1588 1635 1771 1684 noxa-20

135 1707 165 1742 Ρ
188 1708 233 1744 75
257 1695 352 1752 γούς
363 1730 378 1750 ,
413 1700 480 1740 καὶ
501 1699 655 1753 βουλὴν
677 1703 901 1755 προθεῖναι.
953 1701 1020 1741 καὶ
1044 1701 1209 1754 ζητῆσαι
1232 1705 1344 1756 κοινῇ
1366 1700 1410 1741 τὸ
1436 1704 1534 1742 πᾶσι
1555 1700 1714 1755 συμφέ-

254 1782 338 1824 ρον.
407 1767 512 1809 κατὰ
538 1768 612 1821 μὲν
643 1767 768 1822 αὐτὴν
803 1765 956 1824 ἡμέραν
986 1769 1136 1823 ἐκείνην
1166 1766 1271 1810 οὕτω
1302 1766 1517 1810 κατεύνασε
1544 1767 1617 1822 τὴν
1641 1771 1714 1809 τοῦ

342 1862 376 1896 8.
413 1859 506 1907 γὰρ]
543 1862 622 1896 Hoc
653 1861 779 1896 addidit
807 1862 850 1898 P.
1001 1863 1058 1898 20.
1090 1857 1171 1906 ἅμα
1193 1859 1279 1906 καὶ]
1310 1861 1373 1898 καὶ
1406 1861 1535 1899 addidit
1561 1861 1710 1897 Bekker.

337 1908 395 1943 21.
419 1909 644 1954 προθεῖναι]
668 1909 711 1942 V.
736 1908 961 1953 προτεθῆναι.

249 1985 381 2029 riores,
413 1987 537 2020 oblitus
564 1987 676 2022 subito
699 1986 913 2020 iurisiurandi
937 1990 972 2021 et
998 1986 1172 2021 foederum
1192 1998 1265 2021 cum
1283 1986 1354 2022 eius
1381 1998 1541 2032 germano
1566 1987 1710 2025 ictorum
1744 2008 1747 2012 >

251 2031 441 2065 hostiliter*
432 2044 465 2066 ιιι
483 2045 556 2066 eum
571 2033 729 2077 impetum
746 2033 840 2067 fecit.
886 2032 946 2066 sed
964 2033 1133 2077 Bryennio
1160 2034 1294 2067 fortiter
1317 2034 1498 2067 resistente
1525 2038 1560 2067 et
1586 2033 1709 2068 multos

252 2088 272 2109 e
289 2078 511 2112 Basilaceanis
527 2079 720 2122 occidente,
749 2079 793 2112 ad
817 2082 1000 2112 extremum
1025 2079 1099 2123 ipse
1114 2078 1287 2113 Basilaces
1313 2079 1346 2112 in
1370 2081 1482 2133 fugam
1503 2079 1649 2113 vertitur
1672 2082 1708 2112 et

250 2122 341 2156 intra
357 2124 471 2157 urbem
489 2106 768 2158 circumcluditur.
816 2125 903 2158 unde
916 2124 1037 2168 legatis
1053 2124 1157 2158 missis
1174 2136 1289 2169 pacem
1306 2130 1382 2158 orat
1396 2125 1594 2169 veniamque
1608 2135 1709 2158 reno-

250 2167 392 2222 vatique
414 2169 502 2202 inter
525 2169 616 2213 ipsos
641 2170 791 2215 postulat
816 2171 1056 2204 conventiones
1083 2170 1191 2214 pacis,
1223 2181 1306 2214 quas
1328 2171 1422 2215 prius
1446 2170 1519 2215 ipse
1543 2181 1614 2203 cum
1633 2170 1706 2203 eius

250 2214 358 2247 fratre
374 2213 559 2248 iuramento
575 2215 784 2250 firmaverat.
830 2215 946 2249 annuit
961 2216 1060 2249 valde
1077 2216 1219 2249 libenter
1234 2216 1425 2259 Bryennius
1445 2221 1480 2250 et
1495 2215 1613 2249 foedus
1629 2226 1705 2250 cum

249 2259 406 2294 Basilace
420 2260 538 2294 sancit.
585 2260 699 2305 sicque
721 2261 786 2294 iter
809 2261 956 2306 capessit
971 2261 1223 2306 Adrianopolim
1249 2273 1386 2295 versus:
1417 2273 1484 2306 quo
1496 2261 1615 2294 itinere
1632 2261 1705 2294 sra-

249 2310 337 2339 trem
361 2306 478 2339 habuit
501 2306 635 2339 obvium
659 2317 733 2339 cum
761 2307 903 2340 maximo
926 2307 1086 2340 exercitu.
1134 2307 1357 2341 Macedonum
1380 2307 1464 2340 enim
1483 2310 1519 2340 et
1532 2306 1704 2340 Thracum

250 2350 400 2394 legiones
416 2362 529 2385 omnes
545 2352 691 2385 habebat
706 2363 815 2385 secum
831 2363 903 2385 cum
920 2351 1169 2386 centurionibus
1183 2358 1219 2386 et
1230 2352 1395 2386 tribunis'
1385 2352 1534 2396 ipsisque
1550 2351 1702 2387 ducibus.

249 2397 419 2442 principes
435 2408 569 2442 quoque
585 2397 756 2431 civitatum
773 2408 839 2430 una
856 2408 970 2430 omnes
985 2397 1143 2431 aderant·
1171 2398 1243 2441 ipse
1258 2409 1360 2443 porro
1376 2397 1548 2430 universos
1565 2397 1704 2432 comitet

250 2443 454 2496 excipiebat,
472 2447 546 2476 erat
561 2443 646 2476 enim
663 2453 846 2486 congressu
862 2443 1021 2476 humanus
1036 2442 1064 2476 si
1081 2442 1154 2487 quis
1170 2443 1264 2477 alius.
1313 2453 1425 2476 omnes
1439 2441 1484 2475 illi
1496 2448 1605 2476 autem
1621 2447 1702 2477 tunc

249 2489 368 2523 armati
385 2495 420 2523 et
435 2488 546 2542 pransi
563 2488 673 2534 parati
688 2488 731 2521 ad
746 2499 816 2521 rem
833 2488 918 2521 bene
931 2488 1114 2531 gerendam
1130 2493 1236 2522 erant.
1282 2499 1384 2532 quare
1398 2487 1515 2521 loanni
1531 2488 1598 2531 Brj
1601 2488 1700 2522 ennio

247 2544 458 2579 nequaquam
473 2534 579 2568 visum
594 2545 668 2568 esse
683 2533 903 2567 cunctandum
921 2538 981 2567 aut
996 2534 1228 2577 negligendam
1244 2533 1460 2567 occasionem.
1508 2533 1590 2567 adiit
1617 2545 1699 2578 ergo

247 2578 385 2613 fratrem
412 2581 524 2613 ferens
548 2591 660 2614 secum
682 2579 823 2623 insignia
848 2579 977 2624 imperii
999 2579 1205 2623 induereque
1225 2578 1308 2612 illa·
1299 2589 1406 2622 ipsum
1422 2579 1576 2622 urgebat.
1625 2591 1700 2614 cum

247 2628 360 2658 autem
377 2626 484 2658 adhuc
498 2626 554 2659 ille
570 2627 792 2659 frustraretur
808 2630 842 2658 et
857 2631 986 2670 tempus
1001 2625 1043 2659 ad
1060 2624 1305 2658 deliberandum
1323 2630 1478 2667 posceret
1490 2649 1500 2666 ,
1531 2625 1700 2670 persuasit

246 2669 389 2704 Ioannes
404 2671 532 2704 cunctis
548 2671 704 2705 militibus
720 2675 756 2704 et
771 2671 928 2712 ducibus,
960 2675 998 2704 ut
1015 2682 1082 2715 qua
1097 2671 1242 2724 quisque
1253 2674 1368 2714 posset
1383 2669 1472 2704 illum
1488 2670 1699 2715 impellerent

248 2719 283 2748 et
301 2721 463 2759 cogerent
478 2717 519 2750 ad
535 2717 790 2751 assentiendum.
838 2716 921 2750 vicit
935 2716 1044 2750 adhuc
1059 2722 1166 2749 tamen
1181 2715 1244 2748 viri
1260 2715 1448 2748 constantia
1463 2720 1530 2750 tam
1545 2716 1696 2750 vividum

245 2760 404 2806 impeturn
418 2761 624 2804 instantium,
654 2762 864 2806 obtinuitque
880 2772 1003 2795 moram
1019 2761 1052 2794 in
1069 2761 1157 2795 diem
1174 2765 1363 2805 posterum,
1395 2772 1479 2805 quo,
1510 2766 1548 2795 ut
1573 2761 1697 2804 aiebat,

247 2807 461 2852 congregatis
483 2806 624 2840 ducibus
649 2812 684 2841 et
709 2807 851 2842 tribunis
876 2806 1077 2850 disquireret
1093 2806 1171 2851 quid
1186 2807 1279 2840 facto
1295 2811 1385 2840 esset
1400 2818 1483 2852 opus
1498 2807 1670 2861 quidque'
1659 2818 1694 2842 nn

246 2863 418 2891 commune
433 2852 619 2900 expediret.
665 2857 701 2888 et
721 2852 808 2888 diem
831 2851 965 2898 quidem
988 2851 1078 2886 illam
1090 2852 1183 2886 lucro
1198 2852 1356 2898 apposuit
1370 2852 1547 2899 consopito
1561 2852 1702 2891 interim
