1878 3262
222 235 322 282 278
707 231 880 276 IOANN
881 231 932 277 IS
965 230 1195 279 CINNAMI
1210 239 1211 243 ’

223 345 409 406 ροπόλοὶς
430 340 884 401 καῖἒνᾼμονασταῖςὶἦν,
911 348 1064 390 Λουκᾶ
1085 351 1159 390 τοῦ
1174 346 1355 403 τηνικάδε
1373 348 1444 404 τὴν
1466 346 1680 404 ἐκκλησίαν

223 414 433 464 ἰθύνοντος
450 416 516 456 καὶ
534 415 733 468 βασιλέως
753 416 891 466 τέλους
915 415 1102 473 ἑκατέρου
1126 412 1421 473 προαρχόντων.
1452 421 1454 425 ’
1485 417 1678 472 βασιλεὺς

220 483 354 537 μέντοι
374 484 439 524 καὶ
456 482 524 525 τὸν
547 477 657 537 ὦμον
673 481 816 538 ὑπέσχε
837 488 894 541 τῷ
912 486 1017 541 λίθῳ
1027 516 1039 535 ,
1067 485 1149 526 ἐπεὶ
1168 482 1220 526 τά
1236 500 1278 540 γε
1297 489 1472 528 τοσαῦτα
1490 487 1555 528 καὶ
1573 484 1674 542 ὗπέρ

172 557 203 590 C
227 545 282 593 ιῧν
296 550 378 607 χρὴ
401 549 696 609 ἕμετριοφρόνει
721 553 787 594 καὶ
805 551 941 608 ἠγάπα
963 553 1347 611 δουλοπρεπέστερον
1361 553 1500 604 ἀὗτοΐς
1518 570 1674 611 προσα-

219 618 399 676 γόμενος.
1421 636 1423 639 ’
1540 653 1542 655 -
1615 636 1617 639 ·
1683 632 1715 668 5-

356 686 402 731 9.
470 686 592 729 Κατὰ
622 685 789 737 τούτους
813 687 908 738 τοὺς
934 685 1109 743 χρόνους
1136 687 1346 744 Αἴγυπτος
1372 684 1451 729 ὕπὸ
1467 685 1676 742 Ῥωμαίων

220 752 373 797 ἆλῶναι
392 754 680 797 κινδυνεύσασα
700 754 834 813 τρόπῳ
855 760 912 812 τῷ
930 755 1194 813 ῥηθησομένιιο
1217 756 1488 812 διαγεγονέναι.
1501 756 1675 810 ἴσχυσεν.

221 822 323 878 αὕτη
340 821 418 865 ὑπὸ
437 827 516 865 τῶν
528 821 736 878 Ῥωμαίων
754 825 828 878 μὲν
845 823 956 866 οὔπω
975 823 1079 866 πάνυ
1099 823 1237 882 πρῴην
1259 826 1376 867 ἐτέλει
1400 823 1548 881 ἀρχήν,
1572 825 1675 880 μέγα

192 923 195 930 i
220 892 267 933 δέ
284 908 321 934 τι
335 896 477 948 χρῆμα
497 894 655 946 δασμοῦ
676 891 802 949 ταύτῃ
823 899 1008 949 παρεῖχεν
1028 891 1183 946 ἐτήσιον
1196 907 1207 917 ·
1246 894 1327 935 ἐπεὶ
1352 893 1394 934 δὲ
1410 893 1523 935 Ἀσία
1543 895 1678 943 κακῶς

218 958 296 1014 ἤδη
320 958 509 1002 πεπόνθει
531 962 596 1002 καὶ
618 960 662 1002 τὸ
676 961 967 1015 Ἰσμαηλιτικὸν
988 959 1173 1003 ἑκάστοτε
1198 963 1384 1015 κατίσχυε
1404 965 1554 1018 φῦλον,
1588 960 1673 1016 ἥλω
1687 954 1732 1006 ll)

218 1029 286 1069 καὶ
306 1026 407 1083 αὕτη
429 1030 494 1069 καὶ
516 1029 698 1084 Πέρσαις
716 1027 919 1071 ὑπέπεσεν.
989 1030 1092 1070 ἀλλὰ
1111 1030 1303 1083 βασιλεὺς
1322 1030 1525 1084 Μανουὴλ
1545 1029 1675 1071 πολλὰ

217 1100 298 1137 τῶν
328 1096 430 1137 κατὰ
460 1096 532 1150 τὴν
562 1095 665 1152 ἑῴαν
687 1095 900 1150 Ῥωμαίοις
928 1096 1005 1152 ἤδη
1035 1094 1344 1151 ἀνασωσάμενος
1367 1098 1675 1152 ἀντιποιηθῆναι

216 1165 283 1205 καὶ
312 1163 461 1218 ταύτης
491 1167 648 1220 σπουδῇ
677 1168 807 1220 πολλῇ
833 1164 968 1219 ἤθελε.
1035 1168 1167 1207 τοίνυν
1193 1168 1259 1207 καὶ
1287 1167 1472 1221 πρέσβεις
1495 1167 1675 1208 ἐνταῦθα

164 1243 198 1279 D
222 1233 380 1282 στείλας
407 1233 578 1273 ἐκέλευεν
600 1233 722 1282 ἔθους
741 1250 782 1274 τε
803 1237 873 1274 τοῦ
893 1233 1087 1289 προτέρου
1108 1236 1174 1275 καὶ
1200 1233 1337 1290 φόρων
1364 1232 1675 1288 ἀναμιμνήσκειν

214 1300 288 1354 τὴν
311 1298 453 1356 χώραν
479 1301 526 1341 ὀἳ
547 1299 838 1342 πολυτάλαντοι
869 1301 940 1357 ἐφ’
969 1299 1077 1355 ἡμᾶς
1105 1302 1343 1358 ἀφικνοῦντο
1382 1301 1427 1343 τὸ
1465 1300 1671 1358 πρότερον,
1685 1307 1729 1344 15

215 1363 475 1423 ἀναινομὲνης
502 1369 544 1410 δὲ
567 1373 793 1425 παρεγγυᾶν
812 1367 871 1410 ὅτι
891 1369 940 1423 δὴ
964 1370 1035 1411 οὐκ
1056 1371 1096 1419 ἔς
1113 1364 1274 1426 μακρὰν
1294 1370 1518 1424 πολεμητέα
1538 1371 1675 1426 σφίσιν

214 1436 373 1478 ἕσεΐται.
442 1435 493 1478 τὰ
519 1437 592 1490 μὲν
621 1437 673 1491 ’δὴ
707 1441 778 1491 τῆς
805 1439 1019 1493 πρεσβείας
1039 1439 1080 1479 ἐν
1100 1437 1257 1488 τούτοις
1277 1432 1380 1492 ἦσαν
1396 1451 1406 1461 ·
1442 1442 1522 1479 τῶν
1540 1441 1675 1493 Αἴγυ-

213 1505 337 1546 πτίων
369 1505 412 1545 δὲ
440 1507 615 1560 ἰσχυρῶς
639 1505 739 1560 πρὸς
759 1510 876 1546 τοῦτο
902 1506 1201 1559 ἀπειπαμένων,
1227 1505 1370 1548 στόλον
1389 1510 1487 1547 νεῶν
1507 1504 1528 1547 ὅ
1551 1510 1675 1560 βασι-

213 1572 305 1621 λεύς
324 1571 608 1626 τεκτηνάμενος
631 1573 871 1627 ἱππαγωγῶν
894 1590 934 1615 τε
960 1575 1026 1614 καὶ
1050 1575 1366 1630 πολεμιστηρίων
1389 1575 1429 1623 ἒς
1449 1572 1550 1629 ἄγαν
1571 1577 1672 1615 πολ-

214 1643 296 1681 λῶν
319 1638 491 1696 στρατόν
509 1658 549 1682 τε
569 1639 795 1694 ἐμβιβάσας
820 1641 960 1690 αὐταῖς
981 1642 1046 1683 ἐπ’
1070 1640 1280 1696 Αἰγύπτου
1304 1642 1493 1695 ἔπεμψεν.
1541 1639 1729 1697 ἦγεῖτοέο

214 1708 258 1749 δὲ
284 1706 428 1749 τούτου
447 1706 698 1764 Ἀνδρόνικος
729 1703 778 1749 οὗ
807 1707 999 1759 πολλάκις
1017 1708 1249 1764 ἐμνήσθην,
1284 1708 1304 1751 ὅ
1329 1711 1674 1766 Κοντοστέφανος.

69 1783 97 1818 Ρ
125 1785 191 1821 163
216 1773 401 1830 ἐτύγχανε
427 1776 504 1832 γὰρ
530 1777 655 1831 μέγας
684 1775 817 1833 ὥσπερ
845 1777 997 1833 εἴρηται
1027 1778 1124 1827 dea}
1159 1777 1328 1833 γεγονὼς
1356 1775 1561 1834 πρότερον.
1596 1794 1599 1795 ’
1629 1777 1675 1829 ὃς

212 1844 347 1898 ἐπειδὴ
375 1843 660 1899 ταχυπλοήσας
691 1843 887 1903 Αἰγύπτῳ
918 1846 1111 1902 προσέσχε
1143 1847 1310 1901 πέμψας
1336 1847 1376 1896 ἐς
1395 1846 1673 1902 Παλαιστίνην

211 1999 246 2030 et
261 1999 427 2041 quotquot
443 2000 540 2030 erant
555 2008 597 2031 ex
612 1997 813 2041 sacerdotali
830 1997 946 2032 ordine
964 2001 999 2031 et
1013 1997 1205 2031 monachico
1219 2022 1230 2040 ,
1260 1997 1354 2043 Luca
1375 1997 1431 2044 qui
1447 2000 1527 2031 tunc
1540 2000 1672 2042 tempo-

210 2042 257 2075 ris
285 2042 458 2076 ecclesiam
482 2044 624 2086 regebat
647 2047 681 2076 et
702 2043 905 2088 imperatore
921 2044 1054 2088 utrique
1071 2045 1172 2077 choro
1190 2043 1437 2088 praeeuntibus.
1485 2044 1556 2089 ipse
1572 2043 1670 2077 etiam

208 2087 310 2132 lapidi
327 2089 496 2121 humerum
513 2089 662 2122 subdidit
676 2089 877 2132 imperator:
909 2089 942 2123 in
970 2089 1089 2123 talibus
1117 2099 1258 2133 namque
1275 2089 1374 2122 etiam
1392 2089 1481 2122 ultra
1496 2099 1592 2133 quam
1610 2099 1672 2122 ne·-

209 2143 306 2166 cesse
321 2137 396 2166 erat
412 2133 571 2177 pietatem
589 2145 628 2167 ac
644 2134 865 2169 reverentiam
881 2135 1064 2169 exhibebat
1079 2135 1279 2179 singularem
1294 2140 1329 2168 et
1343 2146 1416 2168 cum
1430 2145 1556 2168 summa
1570 2133 1671 2168 animi

208 2177 408 2212 demissione
425 2178 581 2211 eiusmodi
598 2180 708 2212 munia
724 2180 852 2214 obibat.

298 2224 331 2260 9.
379 2223 452 2256 Sub
478 2223 565 2257 idem
591 2230 721 2269 tempus
745 2227 940 2270 Aegypt-us,
973 2236 1046 2259 cum
1062 2225 1300 2270 propemodum
1317 2225 1349 2258 in
1365 2225 1590 2258 Romanorum
1606 2235 1674 2258 ve·

206 2267 314 2302 nisset
339 2273 544 2313 potestatem
556 2294 563 2307 ‚
595 2281 636 2302 eo
660 2281 757 2314 quem
783 2272 926 2305 referam
952 2271 1047 2304 modo
1074 2272 1170 2304 nobis
1195 2271 1309 2316 elapsa
1326 2275 1389 2304 est.
1437 2271 1522 2303 haec
1536 2275 1601 2302 non
1617 2269 1669 2304 ita

206 2314 335 2358 pridem
354 2315 576 2347 Romanorum
593 2316 736 2360 parebat
751 2315 889 2361 imperio
907 2322 943 2349 et
958 2328 1064 2360 grave
1079 2317 1257 2361 quotannis
1272 2316 1428 2350 tributum
1440 2315 1666 2359 dependebat.

205 2359 267 2393 sed
290 2371 365 2393 cum
389 2360 469 2393 Asia
490 2360 628 2403 gravius
654 2360 878 2395 afflictaretur
902 2361 1079 2406 gentisque
1096 2362 1314 2396 ismaeliticae
1327 2361 1362 2394 in
1377 2360 1448 2394 dies
1463 2364 1668 2404 augerentur

205 2405 317 2447 vires,
348 2410 450 2449 capta
476 2411 512 2438 et
533 2405 607 2450 ipsa
631 2405 665 2438 in
692 2406 869 2440 Persarum
891 2407 943 2440 ius
968 2407 1145 2441 concessit.
1191 2418 1306 2441 verum
1322 2406 1457 2439 Manuel
1472 2406 1665 2451 imperator,

204 2461 279 2483 cum
296 2450 399 2484 multa
415 2450 449 2484 in
465 2450 608 2484 Oriente
627 2452 784 2485 Romanis
801 2463 930 2485 rursum
947 2453 1148 2486 asseruisset
1160 2479 1169 2494 ‚
1202 2453 1286 2486 hanc
1310 2462 1443 2496 quoque
1465 2462 1667 2496 recuperare

204 2506 332 2529 summo
349 2495 459 2530 studio
477 2497 662 2530 contendit.
707 2497 822 2541 itaque
837 2498 942 2531 missis
959 2497 1001 2530 ad
1018 2509 1076 2531 eas
1092 2502 1212 2541 gentes
1236 2497 1354 2541 legatis
1365 2522 1376 2538 ‚
1412 2501 1450 2529 ut
1466 2502 1500 2530 et
1516 2503 1666 2531 veterem

203 2541 475 2574 consuetudinem
498 2550 533 2575 et
560 2542 720 2587 opulenta
745 2542 802 2576 illa
826 2543 1025 2587 vectigalia,
1057 2555 1145 2587 quae
1161 2543 1255 2577 nobis
1269 2543 1464 2596 persolvere
1480 2554 1667 2576 consueve-

203 2590 301 2627 rant,
332 2586 367 2619 in
393 2587 583 2621 memoriam
607 2592 828 2630 revocarent,
860 2588 899 2622 iis
924 2589 1112 2634 praecepit:
1144 2588 1235 2634 quod
1252 2599 1282 2621 sl
1297 2598 1337 2621 ea
1352 2588 1563 2631 abnuerent,
1594 2592 1666 2622 tum

203 2631 337 2664 demum
353 2632 544 2665 nuntiarent
559 2633 707 2677 proxime
723 2634 812 2667 bello
829 2645 904 2668 esse
919 2635 1137 2678 impetendos.
1184 2635 1267 2667 haec
1282 2637 1356 2666 erat
1369 2644 1461 2666 mens
1477 2633 1667 2678 legationis.

150 2712 153 2716 ,
203 2676 266 2711 sed
283 2676 368 2710 enim
384 2677 590 2721 pertinacius
606 2679 824 2712 renuentibus
839 2679 1037 2723 Aegyptiis,
1070 2679 1208 2713 classem
1233 2678 1380 2712 fabricat
1402 2678 1613 2723 hippaginum
1630 2681 1667 2725 et

204 2721 400 2756 bellicarum
416 2722 548 2756 navium
564 2735 683 2767 magno
698 2736 835 2758 numero
847 2752 857 2769 ‚
889 2724 1100 2769 immissoque
1116 2724 1150 2757 in
1166 2735 1238 2758 eam
1254 2723 1404 2758 exercitu
1420 2723 1452 2757 in
1472 2726 1664 2769 Aegyptum

203 2767 318 2802 mittit.
363 2767 442 2801 huic
491 2769 614 2801 raefuit
636 2769 845 2804 Andronicus
868 2769 1179 2814 Contostepbanus,
1211 2769 1305 2803 cuius
1320 2780 1385 2802 non
1403 2770 1505 2802 semel
1521 2769 1663 2814 memini,

203 2812 318 2858 magni
329 2812 453 2857 quippe
491 2812 560 2847 ucis
576 2813 743 2855 dignitate
755 2840 765 2854 ‚
796 2819 834 2848 ut
851 2825 953 2860 supra
968 2814 1090 2847 dictum
1107 2819 1178 2855 est,
1209 2814 1274 2848 iam
1298 2820 1399 2848 antea
1413 2815 1604 2857 gaudebat:
1632 2813 1663 2848 is

204 2863 243 2892 ut
267 2859 303 2893 in
324 2859 515 2905 Aegyptum
542 2859 697 2894 celeriter
720 2859 869 2906 appulit,
898 2859 1007 2895 missis
1030 2860 1066 2894 in
1088 2860 1312 2895 Palaestinam
1324 2860 1445 2906 legatis
1457 2872 1572 2906 regem
1585 2858 1663 2895 inde
