1878 3262
281 222 378 271 388
732 221 937 266 CAROLI
964 222 1044 265 DU
1073 221 1285 266 FRESNE

278 329 417 371 incerti
437 328 514 369 loci
534 335 624 382 post
642 329 851 368 concilium
868 329 1082 369 Parisiense
1102 329 1155 370 IV
1171 342 1257 372 can.
1278 331 1331 373 14
1347 337 1386 371 et
1401 333 1617 373 Concilium
1637 332 1734 373 Ver..

278 387 467 426 meriense
486 386 562 429 An.
581 387 665 429 752
684 400 770 428 can.
792 389 832 428 6.

388 456 426 495 p.
451 446 534 486 276
555 455 595 482 v·
619 446 655 484 1.
710 440 896 495 καθάπερ
921 439 1138 495 δραπέτας]
1167 442 1223 481 Ea
1247 447 1333 481 erat
1359 455 1565 484 servorum
1592 445 1732 484 condi-

275 499 346 548 tio,
374 505 422 538 ut
439 499 471 537 si
489 512 511 537 a
531 498 782 537 dominorum
801 511 882 537 sese
898 498 1179 537 subduxissent
1200 499 1371 549 aedibus,
1401 500 1449 538 ab
1465 501 1525 551 iis,
1547 515 1570 539 a
1589 502 1732 553 quibus

274 555 587 607 recipiebantur,
634 556 759 607 repeti
792 561 948 607 possent
986 555 1174 594 continuo
1202 561 1404 606 tamquam
1434 557 1587 607 fugitivi
1614 564 1655 596 et
1686 558 1730 595 in

276 612 507 651 servitutem
527 611 656 649 denuo
674 611 984 652 retraherentur.
1031 611 1138 649 unde
1153 612 1193 650 in
1213 611 1557 651 manumissionum
1573 614 1730 652 formu-

275 668 343 718 lis,
372 668 484 706 velut
507 667 760 720 praecipuum
786 668 976 706 libertatis
995 674 1268 718 argumentum
1284 668 1326 706 id
1345 669 1537 707 insertum
1554 669 1729 721 legimus,

278 731 324 762 at
350 724 519 777 ubique,
550 738 674 776 qaam
700 725 870 762 voluerit
883 731 1043 775 partem
1054 732 1224 775 pergat,
1254 732 1466 777 tamquam
1487 727 1527 763 si
1543 725 1595 762 ab
1614 728 1729 778 inge—

275 782 372 819 nuis
381 781 624 832 parmtibus
631 782 790 832 fuisset
807 788 931 819 natas
949 781 1267 832 velprocreauw.

386 851 428 880 v.
457 839 498 880 9.
561 836 582 878 ὅ
608 833 728 886 αὐτός
753 837 828 878 ἔτει
853 840 925 888 τῆς
952 836 1174 889 βασιλείας]
1211 837 1482 889 Supplendum
1518 850 1625 874 anno
1662 835 1728 878 15.

273 892 412 931 incidit
434 899 564 931 autem
584 906 710 931 annus
729 894 917 931 Manuelis
939 893 1100 943 quintus
1119 893 1290 931 decimus
1307 894 1348 931 in
1366 895 1436 932 An.
1455 893 1594 931 mundi
1612 893 1728 931 iuxta

271 949 441 987 Graecos
460 952 579 998 6666,
600 948 743 987 Christi
767 950 886 1000 1158,
905 949 1042 989 indict.
1061 954 1099 999 6,
1118 963 1195 1000 quo
1214 950 1351 987 emissa
1368 950 1540 988 eiusdem
1562 948 1728 999 Augusti

271 1006 425 1045 novella
437 1036 448 1054 ‚
478 1019 555 1055 qua
572 1006 736 1043 ecclesiis
752 1012 792 1044 et
808 1006 1055 1044 monasteriis
1066 1034 1076 1053 ‚
1104 1018 1202 1055 quae
1219 1012 1333 1044 erant
1353 1007 1393 1044 in
1411 1006 1508 1044 urbe
1522 1005 1727 1057 Cpolitana

271 1067 311 1099 et
333 1061 470 1100 vicinis
491 1061 601 1099 urbis
620 1062 736 1109 locis,
765 1062 1019 1100 immobilium
1043 1063 1197 1099 firmam
1217 1069 1255 1101 et
1272 1062 1499 1100 inviolatam
1515 1061 1726 1113 possessio-

270 1130 361 1154 nem
389 1117 576 1155 sancivit:
609 1117 718 1168 quod
736 1118 888 1155 duabus
909 1118 992 1155 aliis
1009 1124 1208 1169 praeterea
1227 1118 1574 1157 constitutionibus
1589 1117 1726 1155 edixe-

268 1179 341 1212 rat.
399 1173 491 1212 vide
509 1173 727 1213 Balsamon.
746 1174 788 1211 in
807 1174 955 1224 Synod.
971 1177 998 1215 7
1017 1187 1100 1212 can.
1121 1173 1147 1214 4
1169 1180 1210 1212 et
1231 1179 1295 1218 12.

381 1243 422 1270 v.
461 1233 528 1272 13.
596 1227 890 1283 χρυσόβουλον]
935 1228 1065 1268 Aurea
1099 1230 1220 1270 bulla.
1284 1231 1389 1269 Ioan.
1429 1231 1724 1268 Cantacuzenus

267 1284 293 1326 l.
317 1288 341 1326 3
364 1299 396 1325 e.
416 1287 488 1327 53·
512 1287 570 1341 τῷ
600 1284 771 1341 Ἀγγὲλῳ
801 1283 902 1338 πρός
927 1283 1001 1337 τήν
1034 1287 1242 1333 Θετταλίας
1271 1283 1398 1339 ἄρχήν
1428 1283 1722 1338 χρυσόβουλλον

265 1345 397 1382 ποιῶν
418 1347 490 1381 etc.
547 1343 719 1393 Epistola
749 1342 938 1380 Ioannicii
962 1342 1165 1392 Bulgaiiae
1192 1343 1291 1393 regis
1312 1343 1354 1380 in
1379 1343 1506 1379 Gestis
1527 1342 1720 1379 innocen-

265 1397 309 1434 tii
326 1398 379 1436 ΙΙΙ
399 1411 485 1449 pp.:
511 1399 725 1451 subsignat
745 1406 880 1436 autem
899 1400 1023 1450 imper
1025 1401 1111 1436 ium
1128 1413 1260 1436 meum
1278 1397 1337 1435 ad
1353 1400 1605 1436 securitatem
1623 1397 1720 1448 chy-

263 1454 494 1492 rosobolam
525 1469 660 1495 etcum.
729 1454 786 1492 ita
813 1455 872 1494 bis
900 1455 1050 1502 editur,
1091 1455 1160 1492 sed
1195 1455 1400 1505 legendum
1428 1446 1719 1504 chrysobolum.

262 1509 318 1546 sic
340 1524 462 1561 porro
494 1511 709 1562 diplomata
741 1511 872 1548 omnia
892 1511 1018 1549 aureis
1038 1510 1155 1548 bullis
1176 1524 1245 1550 seu
1263 1510 1394 1561 sigillis
1410 1511 1562 1548 munita
1581 1509 1719 1561 appel-

260 1564 418 1614 labant,
457 1568 682 1617 praesertim
717 1572 850 1604 tamen
881 1567 1181 1605 constitutiones
1208 1567 1490 1618 imperatorias.
1547 1566 1719 1603 Harme-

259 1623 480 1673 nopulusl.
504 1627 526 1665 1
550 1623 610 1661 tit.
633 1626 651 1663 1
675 1620 717 1673 β’.
740 1626 811 1663 12:
840 1622 908 1662 καὶ
939 1620 1034 1674 μετά
1065 1625 1209 1662 τοῦτον
1240 1621 1381 1663 πολλοὶ
1413 1625 1495 1662 ταῖν
1525 1620 1718 1674 βασιλέων

258 1675 505 1726 καθολικοῦς
536 1676 609 1731 μὲν
642 1677 823 1726 ἐξέθεντο
850 1674 1025 1730 νόμους·
1042 1676 1224 1747 νεαροῖς
1228 1676 1271 1718 δὲ
1298 1677 1366 1718 καὶ
1393 1675 1626 1742 προστάξεις
1646 1675 1717 1717 ἆλ-

257 1734 370 1782 λοίας
388 1733 457 1774 καὶ
476 1730 745 1786 χρυσοβόλους
765 1730 926 1786 λόγους,
958 1731 1053 1782 εἰς
1036 1732 1063 1774 α’
1084 1734 1176 1774 δέον
1194 1729 1416 1786 ἡγήσαντο,
1437 1730 1715 1783 πεποιήκασιν.

257 1788 307 1827 de
341 1790 469 1828 aureis
494 1791 608 1829 bullis
632 1789 896 1842 glossographi
925 1790 1067 1842 passim
1097 1796 1137 1828 et
1166 1803 1237 1827 nos
1258 1789 1451 1840 quaedam
1474 1789 1525 1827 ad
1540 1789 1714 1829 villhar-

255 1844 435 1885 duinum.

367 1916 407 1941 v.
430 1901 496 1944 15.
551 1897 675 1953 νόμον
697 1898 741 1941 δὲ
764 1900 927 1952 πασῶν]
958 1901 1071 1939 Hane
1090 1899 1282 1939 Manuelis
1303 1901 1351 1939 de
1374 1900 1497 1939 Feriis
1517 1901 1712 1940 novellam·

254 1956 380 1996 edidit
406 1957 612 1996 Balsamon
638 1958 678 1995 in
709 1958 867 1996 Nomoo.
894 1958 957 1996 tit.
978 1961 1004 1999 7
1033 1963 1073 1995 et
1101 1970 1151 1995 ex
1180 1970 1225 1995 eo
1245 1957 1492 2007 Bonefidius,
1521 1958 1712 1996 Leuncla-

253 2014 345 2051 vius
372 2020 409 2051 et
434 2015 646 2059 Bar-onim,
679 2026 796 2063 quam
820 2026 870 2051 ex
890 2027 980 2053 mss.
1002 2013 1175 2051 restituit
1197 2014 1359 2052 Carolus
1380 2014 1553 2052 Labbeus
1567 2013 1608 2051 in
1624 2013 1710 2051 Ob-

253 2075 397 2108 servat.
428 2070 478 2108 ad
512 2069 719 2133 Synopsim
744 2070 893 2108 Basilio.
923 2069 1060 2108 emissa
1084 2075 1217 2108 autem
1239 2069 1311 2108 An.
1327 2070 1467 2108 mundi
1484 2069 1612 2120 6674,
1643 2069 1709 2107 in-

252 2124 346 2163 dict.
367 2124 430 2176 14,
457 2125 602 2164 Christi
621 2126 807 2164 nimirum
827 2125 948 2169 1164.

362 2194 401 2232 p
417 2185 499 2223 277
517 2195 556 2220 v·
575 2185 614 2224 8.
671 2182 790 2222 λίθον
811 2179 936 2250 ἱερὸν]
970 2181 1068 2220 Vide
1085 2180 1292 2220 Nicetam
1280 2194 1322 2219 m
1341 2179 1491 2221 Man.1.
1510 2182 1538 2221 7
1557 2193 1590 2219 c.
1607 2179 1677 2218 ult.

366 2250 405 2287 p.
424 2240 506 2279 278
523 2251 561 2276 v.
581 2241 618 2278 3
676 2235 740 2278 τὸν
762 2240 872 2289 ὠμον
895 2235 1061 2291 ὑπέσχε]
1091 2238 1191 2278 Vide
1216 2243 1432 2276 tractatum
1453 2241 1631 2275 nostrum
1657 2236 1707 2275 de

250 2292 386 2344 Capite
403 2295 440 2331 S.
458 2293 612 2331 Ioannis
629 2293 827 2344 Baptistae
848 2307 881 2333 c.
900 2299 927 2337 2
946 2309 984 2333 n.
1001 2297 1040 2336 6.

359 2362 397 2387 v.
419 2351 457 2390 6.
513 2347 612 2389 κατοέ
639 2347 804 2398 τούτους
831 2365 925 2398 τους
950 2347 1137 2403 χρόνους]
1168 2348 1438 2388 Graecorum
1426 2362 1467 2386 m
1485 2346 1704 2400 Aegyptum

247 2417 339 2442 cum
370 2405 723 2456 Hierosolymitano
750 2418 838 2455 rege
866 2405 1084 2454 Amalrico,
1122 2407 1335 2456 ceterisque
1359 2405 1466 2455 regni
1488 2403 1702 2443 baronibus

247 2466 286 2497 et
305 2461 532 2512 proceribus
564 2461 851 2512 expeditionem
878 2462 1057 2513 pluribus
1077 2462 1197 2500 refert
1215 2461 1428 2500 willelmus
1446 2461 1587 2511 Tyrius
1605 2461 1630 2499 l.
1646 2464 1701 2502 20

248 2528 282 2553 c.
313 2515 338 2555 4
367 2517 418 2558 14
444 2519 493 2559 15
525 2521 575 2560 16
609 2520 678 2566 17,
710 2518 777 2568 qui
806 2530 891 2555 eam
918 2518 962 2556 in
991 2531 1139 2557 annum
1159 2520 1266 2560 1169
1294 2516 1451 2555 coniicit
1479 2517 1551 2555 sub
1580 2517 1701 2556 finem

247 2572 456 2622 Septemb„
490 2580 537 2611 ut
561 2579 600 2611 et
620 2573 769 2611 Nicetas
788 2574 812 2612 l.
837 2574 863 2615 5
892 2587 930 2613 n.
951 2573 977 2614 4
1005 2575 1031 2617 5
1056 2577 1082 2615 6
1107 2579 1145 2611 et
1170 2577 1210 2615 7.

356 2640 395 2666 v.
419 2631 485 2670 13.
541 2628 748 2682 πρέσβεις]
786 2630 911 2668 Erant
934 2630 982 2679 ii,
1010 2630 1053 2668 ni
1080 2629 1217 2678 fallor,
1250 2627 1476 2666 Alexander
1502 2627 1700 2666 Gravinae

244 2695 373 2720 comes
405 2690 445 2721 et
474 2684 641 2722 Michael
667 2685 969 2736 Hydrunfinus,
998 2691 1190 2737 quantum
1218 2695 1268 2722 ex
1294 2683 1415 2735 Tyrio
1432 2684 1559 2737 colligi
1578 2684 1699 2723 datur

243 2751 285 2776 ca

287 2752 325 2791 P
347 2739 386 2782 4
355 2795 477 2835 v..18
534 2790 672 2835 στολου
699 2795 829 2848 νεων]
857 2797 991 2834 Erant
1019 2809 1136 2845 sane,
1164 2794 1294 2845 inquit
1319 2795 1486 2846 Tyrius,
1520 2797 1563 2834 in
1574 2809 1698 2847 prae-

231 2851 330 2900 fato
362 2851 533 2888 exercitu
558 2865 680 2890 naves
709 2853 855 2904 longae
874 2859 1093 2905 rostratae,
1123 2854 1297 2904 geminis
1315 2865 1514 2891 remorum
1535 2854 1696 2890 instru-
