1878 3262
215 230 281 278 60
640 227 949 271 MCEPHORI
979 227 1245 272 BRYENNII

95 356 127 392 V
150 355 194 391 29
220 349 263 391 δὲ
294 347 366 396 τὰς
401 340 590 398 δυνάμεις
619 341 722 399 ἄρας
751 339 890 399 ἐχώρει
927 341 1031 384 κατὰ
1061 347 1141 384 τῶν
1175 339 1383 399 Τούρκων.
1448 342 1679 397 ὑπαντιάζει

215 421 311 474 γοῦν
342 412 508 463 τούτους
539 412 644 454 κατὰ
666 412 718 454 τὰ
739 412 1028 453 Καππαδοκῶν
1049 410 1165 468 ὅρια·
1199 413 1266 453 καὶ
1289 416 1494 467 συμβολῆς
1513 414 1677 470 γενομέ-

217 502 289 539 νης
311 483 522 539 τρέπονται
543 481 615 535 μὲν
625 479 816 534 Ῥωμαῖοι
828 512 840 532 ,
882 478 903 522 ὃ
926 480 969 522 δὲ
993 481 1181 535 γενναίως
1199 497 1240 522 τε
1266 480 1492 535 ἀγωνίζεται
1514 484 1579 523 καὶ
1603 499 1678 523 κυ-

219 553 394 601 κλωθεὶς
422 549 500 592 ὑπὸ
532 554 613 592 τῶν
646 550 857 600 ἐναντίων,
893 553 966 591 τοῦ
990 550 1117 590 ἵππου
1138 548 1264 590 αὐτοῦ
1281 549 1508 606 τρωθέντος
1526 552 1592 591 καὶ
1609 550 1678 592 τὸν

219 619 414 675 ἐπιβάτην
446 620 557 676 αὐτῷ
589 615 991 674 συγκαταβαλόντος,
1034 615 1251 659 ἁλίσκεται.
1318 622 1392 659 τοῦ
1416 618 1458 659 δὲ
1481 622 1561 659 τῶν
1575 616 1712 667 Ῥω-5

217 691 350 744 μαίων
381 686 683 745 στρατεύματος
719 687 1081 736 διασκεδασθέντος
1112 684 1289 742 ἐχώρουν
1320 686 1359 727 οἷ
1382 690 1559 743 Τοῦρκοι
1582 676 1685 742 πρὸς.

217 758 263 801 τὸ
288 756 572 815 στρατόπεδον.
641 760 722 798 τῶν
745 754 940 812 Τούρκων
960 755 1003 797 δὲ
1028 755 1279 808 ἐπικειμένων
1302 759 1474 810 βοηθεῖν
1499 755 1682 811 ἐπειρᾶτο

162 845 194 880 B
217 827 310 881 μετ’
348 827 491 882 ὀλίγων
511 829 592 867 τῶν
615 823 811 875 ξυνόντων
833 824 956 882 αὐτῷ.
1026 825 1093 865 καὶ
1114 824 1248 877 μέντοι
1273 825 1341 865 καὶ
1363 821 1593 878 βεβοήθηκε
1615 823 1684 864 καὶ

218 896 366 939 σέσωκε
396 899 544 951 μικροῦ
565 896 646 936 δεῖν
670 892 863 943 ἅπαντας.
934 891 1056 942 αὐτὸς
1087 893 1130 934 δὲ
1161 891 1230 934 τὸν
1259 890 1359 949 ὑπὲρ
1393 890 1553 934 πάντων
1582 891 1693 933 ἀνα-ν

220 963 434 1018 δεξάμενος
466 964 648 1004 κίνδυνον
681 961 794 1019 παρὰ
823 960 970 1017 μικρὸν
1004 959 1132 1002 ἑάλω·
1182 962 1223 1010 ἔς
1253 962 1402 1015 μέσους
1428 961 1505 1017 γὰρ
1541 959 1740 1003 {omnivm

217 1031 390 1088 ὥθήσας
410 1031 504 1081 τοὺς
523 1032 738 1084 πολεμίους
767 1032 834 1072 καὶ
857 1034 915 1087 τῷ
939 1027 1080 1086 δόρατι
1103 1028 1258 1084 πλήξας
1288 1029 1358 1072 τὸν
1384 1028 1546 1071 ἐπιόντα
1571 1026 1686 1085 πρώ-

218 1118 300 1151 τως
323 1102 390 1142 καὶ
414 1099 553 1156 νεκρὸν
587 1099 712 1148 εὐθὺς
742 1093 979 1149 ἆποδείξας,
1015 1098 1149 1152 ἐπειδὴ
1180 1096 1258 1139 ὑπὸ
1282 1096 1436 1140 τούτων
1461 1095 1684 1139 κεκύκλωτο

221 1171 288 1212 καὶ
315 1169 366 1211 τὰ
386 1170 484 1223 βέλη
508 1165 764 1221 πανταχόθεν
789 1167 982 1220 ἐπέμπετο
1005 1167 1094 1209 κατ’
1122 1166 1268 1217 αὐτοῦ,
1306 1166 1429 1216 αὐτὸς
1451 1165 1590 1220 ἀσινὴς
1606 1163 1685 1206 ὑπὸ

220 1242 295 1292 τῆς
320 1237 479 1279 ἄνωθεν
510 1234 700 1292 τετήρητο
735 1237 892 1286 δεξιᾶς,
929 1233 950 1276 ὃ
975 1235 1017 1276 δὲ
1031 1236 1156 1292 ἵππος
1179 1229 1212 1291 ᾧ
1232 1236 1418 1288 ἐπωχεῖτο
1444 1234 1496 1276 τὰ
1519 1238 1686 1275 πλεῖστα

222 1311 304 1349 τῶν
317 1298 452 1360 γβελῶν
471 1303 682 1358 ὑπεδέχετο
709 1305 776 1345 καὶ
796 1306 851 1353 εἷς
869 1307 943 1359 γῆν
962 1303 1035 1345 σὺν
1057 1307 1114 1359 τῷ
1136 1302 1305 1359 ἔπιβάτῃ
1329 1303 1553 1345 κατέπεσεν.
1589 1301 1683 1343 ἀλλ’
1698 1309 1742 1345 15

226 1375 368 1431 οἱπερὶ
393 1372 528 1425 αὐτόν,
552 1377 760 1430 φιλοῦντες
774 1372 896 1414 αὐτὸν
911 1370 978 1414 οἷα
1000 1370 1200 1428 φιλήσεως
1221 1371 1345 1423 ἄξιον,
1366 1375 1445 1413 τῶν
1455 1373 1589 1412 ἵππων
1612 1387 1687 1411 κα-

175 1453 207 1488 C
228 1443 532 1498 ταπηδήσαντες
556 1443 622 1484 καὶ
643 1442 830 1497 γενναίως
854 1441 924 1491 ξὺν
945 1442 1078 1497 ἐκείνῳ
1098 1438 1386 1496 ἀγωνισάμενοι
1408 1443 1481 1481 τοῦ
1503 1437 1688 1483 κινδύνου

224 1516 368 1554 τοῦτον
397 1509 617 1568 ἐρρύσαντο
650 1511 930 1551 πεντεκαίδεκα
962 1509 1003 1551 δ’
1030 1509 1156 1551 ὄντων
1178 1507 1417 1562 ξυμπάντων
1437 1508 1548 1553 πέντε
1571 1505 1690 1560 μόνοι

226 1583 283 1630 εἷς
304 1580 349 1622 τὸ
372 1577 643 1635 στρατόπεδον
664 1578 733 1628 ξὺν
755 1578 866 1634 αὐτῷ
885 1576 1165 1632 διεσώθησαν,
1201 1581 1281 1618 τιῦν
1303 1578 1346 1619 δὲ
1373 1580 1523 1618 λοιπῶν
1551 1576 1589 1616 οἱ
1615 1575 1688 1628 μὲν

225 1649 486 1706 ἀνῃρέθησαν
517 1647 555 1689 οἳ
586 1648 629 1688 δὲ
663 1644 859 1689 ἑάλωσαν.
936 1647 1155 1695 διασωθεὶς
1190 1646 1233 1687 δὲ
1260 1647 1316 1695 εἷς
1343 1645 1388 1687 τὸ
1417 1642 1746 1701 στρατόπεδονρο

225 1717 299 1759 οὐκ
322 1718 519 1773 ἠρέμησεν
530 1748 543 1767 ,
581 1714 685 1757 ἀλλὰ
706 1714 838 1771 κύκλῳ
864 1716 1064 1772 περιθέων
1081 1718 1154 1756 τοῦ
1170 1713 1353 1770 χάρακος
1373 1713 1424 1755 τὰ
1447 1710 1690 1769 φρονήματα

225 1790 307 1828 τῶν
337 1787 594 1842 στρατιωτῶν
624 1781 914 1840 ε’περρώννυεν,
950 1781 1006 1833 ὥς
1030 1783 1156 1837 μηδέν
1183 1800 1221 1824 τι
1249 1786 1321 1836 τῆς
1350 1780 1576 1835 Ῥωμαϊκῆς
1601 1797 1692 1836 γεν-

225 1851 437 1909 ναιότητος
459 1853 571 1903 ἄξιον
592 1852 849 1909 πεπραχέναι,
919 1852 994 1902 ἕως
1013 1852 1087 1906 μὲν
1106 1845 1177 1894 οὖν
1195 1849 1326 1910 ἡμέρα
1347 1845 1418 1905 ἦν,
1454 1849 1691 1906 ἐκαρτέρουν

317 1941 352 1976 7.
379 1939 551 1984 βοηθεῖν]
575 1938 715 1972 Excidit
736 1948 857 1972 nomen
880 1936 1006 1972 Alexii.
1145 1937 1200 1973 13.
1229 1932 1361 1980 αὐτὸς]
1385 1935 1483 1969 Fore.
1506 1933 1587 1969 add.
1610 1931 1691 1978 μέν.

317 1987 373 2024 20.
398 1985 470 2030 εἰς]
494 1985 571 2018 Hoc
595 1983 726 2019 addidit
747 1984 789 2021 P.

228 2053 335 2100 copiis
350 2054 384 2087 in
399 2053 533 2088 Turcos
547 2053 679 2088 vadens
694 2052 812 2086 obvios
827 2051 945 2086 habuit
961 2062 1019 2086 eos
1034 2051 1069 2085 in
1084 2051 1206 2085 finibus
1221 2049 1457 2096 Cappadociae
1467 2073 1478 2090 ,
1515 2047 1573 2082 ubi
1597 2058 1690 2081 com-

226 2100 328 2135 misso
345 2099 455 2133 statim
473 2099 600 2143 praelio
617 2100 775 2142 fugantur
791 2097 955 2139 Romani,
979 2098 1064 2131 duce
1079 2097 1209 2131 interim
1224 2097 1391 2142 intrepide
1406 2098 1587 2141 pugnante,
1601 2104 1689 2138 quo-

227 2146 272 2180 ad
298 2145 543 2180 circumventus
569 2146 611 2178 ab
637 2144 791 2178 hostibus
807 2155 894 2189 equo
911 2155 953 2177 ex
968 2144 1110 2178 vulnere
1124 2144 1326 2177 sublabente
1341 2141 1437 2176 simul
1452 2152 1523 2174 oum
1539 2151 1579 2174 eo
1595 2138 1688 2173 affli-

229 2197 303 2226 ctus
320 2191 409 2225 humi
424 2195 543 2236 captus
561 2194 613 2223 est
629 2194 663 2223 et
677 2191 799 2224 ductus
814 2201 835 2223 a
851 2189 974 2223 Turcis
989 2189 1021 2222 in
1037 2189 1184 2234 ipsorum
1200 2194 1321 2223 castra.
1371 2199 1444 2221 oum
1460 2197 1543 2220 vero
1558 2186 1688 2220 fractae

228 2238 457 2281 disiectaeque
483 2236 569 2270 aciei
584 2236 756 2269 Romanae
776 2236 942 2269 instarent
962 2235 1110 2269 victores
1135 2235 1261 2276 Turci,
1299 2243 1476 2279 erumpens
1497 2231 1586 2264 vallo
1613 2241 1688 2264 cum

229 2283 346 2330 paucis
363 2282 500 2316 Alexius
517 2282 761 2316 memorabilem
777 2292 923 2326 pugnam
938 2281 1031 2323 fecit,
1054 2292 1121 2330 qua
1136 2292 1244 2325 paene
1259 2280 1407 2314 omnibus
1423 2277 1523 2313 saluti
1537 2275 1600 2310 fuit
1616 2275 1689 2309 dis-

230 2329 356 2363 crimen
372 2329 445 2373 ipse
460 2328 493 2361 in
510 2332 612 2373 caput
627 2338 721 2360 suum
738 2332 842 2360 totum
859 2327 1031 2372 excipiens
1046 2332 1082 2360 et
1097 2326 1185 2360 ultro
1201 2337 1338 2360 vocans.
1371 2323 1504 2370 quando
1521 2327 1556 2356 et
1570 2332 1688 2366 parum

233 2375 343 2409 abfuit
358 2374 438 2419 quin
455 2378 652 2419 caperetur,
689 2384 762 2406 cum
787 2384 863 2406 sese
887 2372 921 2406 in
945 2372 1072 2406 medios
1094 2372 1284 2406 immisisset
1310 2372 1424 2405 hostes
1440 2374 1474 2403 et
1489 2379 1562 2402 eum
1578 2368 1635 2412 qui
1650 2379 1689 2401 se

234 2421 359 2466 primus
376 2420 539 2454 accedere
555 2430 655 2452 ausus
671 2422 746 2452 erat
760 2429 878 2461 magno
894 2419 1012 2452 hastae
1026 2419 1095 2452 ictu
1109 2418 1335 2452 interfecisset
1350 2415 1604 2458 stravissetque.
1621 2412 1690 2446 cir-

235 2466 393 2499 cumsusis
415 2465 537 2499 deinde
564 2464 711 2509 undique
726 2464 850 2497 Turcis
874 2469 947 2497 tuta
970 2464 1060 2498 illum
1085 2464 1211 2499 eminus
1235 2462 1435 2497 iaculatione
1449 2459 1688 2494 infestantibus

232 2511 370 2545 illaesus
389 2511 503 2545 divina
526 2511 642 2554 utique
664 2520 762 2543 manu
783 2515 938 2543 servatus
955 2515 1006 2543 est
1020 2511 1093 2554 ipse
1109 2510 1242 2554 quidem
1253 2535 1263 2551 ,
1287 2514 1323 2542 et
1337 2518 1443 2551 equus
1458 2517 1524 2550 quo
1539 2506 1690 2538 veheba-

233 2561 291 2590 tur
314 2557 424 2590 multis
445 2557 629 2590 transfixus
651 2555 785 2600 sagittis
808 2567 845 2589 se
870 2559 1110 2599 vectoremque
1133 2567 1227 2589 suum
1251 2553 1370 2588 effudit
1385 2552 1418 2585 in
1434 2556 1570 2585 terram.
1618 2561 1686 2595 quo

232 2607 385 2646 tempore
412 2603 549 2635 comites
574 2602 665 2643 eius,
703 2601 822 2646 quibus
857 2606 931 2635 erat
961 2601 1149 2635 carissimus
1178 2604 1298 2645 utpote
1331 2609 1443 2632 amore
1475 2595 1689 2641 dignissimus

234 2648 390 2689 omnium,
410 2647 600 2681 exsilientes
615 2659 658 2680 ex
674 2647 769 2691 equis
786 2646 829 2680 ad
845 2659 920 2680 eum
936 2651 1157 2680 cucurrerunt
1173 2645 1423 2688 ambientesque
1437 2643 1544 2687 ipsum
1562 2648 1598 2676 et
1614 2653 1689 2676 cum

236 2705 276 2728 eo
302 2693 481 2727 fortissime
507 2695 696 2737 pugnantes
723 2692 871 2737 periculo
897 2693 1033 2726 tandem
1050 2696 1241 2726 exemerunt
1257 2700 1343 2723 eum.
1390 2688 1577 2733 quindecim
1593 2690 1690 2722 erant

234 2750 361 2780 omnes,
377 2750 397 2772 e
412 2738 532 2783 quibus
547 2737 693 2781 quinque
709 2743 837 2772 tantum
853 2738 886 2771 in
901 2744 1016 2772 castra
1031 2737 1118 2771 salvi
1133 2748 1207 2771 oum
1223 2735 1342 2770 Alexio
1357 2734 1544 2774 redierunt,
1564 2732 1688 2767 ceteris

235 2785 355 2831 partim
372 2784 490 2818 ocoisis
506 2783 625 2828 partim
642 2783 762 2827 captis.
807 2784 915 2818 redux
936 2794 1038 2827 porro
1063 2794 1083 2815 e
1106 2783 1221 2816 labore
1243 2786 1337 2814 tanto
1362 2792 1428 2814 non
1444 2792 1482 2814 se
1496 2780 1566 2813 otio
1581 2779 1688 2822 dedit,

233 2831 296 2866 sed
315 2835 424 2864 castra
440 2828 634 2863 circumiens
650 2829 892 2862 corroborabat
906 2828 1033 2862 animos
1049 2827 1185 2862 miiitum
1201 2838 1406 2871 magnopere
1421 2826 1605 2859 adhortans
1615 2851 1626 2865 ,
1646 2836 1690 2858 ne

236 2876 318 2922 quid
340 2876 492 2911 Romana
515 2873 744 2920 generositate
765 2874 936 2920 indignum
961 2873 1218 2908 consciscerent.
1264 2872 1311 2907 iui
1335 2871 1451 2918 quoad
1473 2871 1545 2906 dies
1567 2870 1633 2905 fuit
1654 2869 1691 2904 in
