1878 3262
484 204 545 249 1N
578 205 835 250 IOANNEM
869 198 1167 253 cnvNAMUM
1199 199 1400 253 NOTAE.
1582 202 1682 258 309

206 313 465 368 ’ἕνσημανθὲν
491 313 754 370 γραμμάτιον.
811 323 860 356 ut
891 317 999 370 apud
1025 317 1199 357 Nicetam
1228 319 1332 358 libro
1359 325 1504 371 quarto
1525 314 1680 374 imperii

204 371 417 411 manuelis:
446 369 549 414 οθεν
566 370 831 430 ἔρυθροδανῳ
850 373 1151 426 ἕνσημανθὲν’
1124 379 1261 429 αφῆκε
1279 373 1552 448 γραμμάτιον,
1582 375 1679 420 ἐνα-

205 441 290 483 ‘ywv
315 444 410 478 τους
439 428 544 471 κατα
573 432 715 482 κοίλην
742 431 900 484 Συρίαν
927 427 1138 483 ἰσχύοντας
1168 438 1328 485 συσχεῖν
1355 449 1410 482 ως
1437 431 1676 490 ἄντίφρονα,

204 484 277 525 ’καὶ
303 485 396 538 περὶ
426 485 471 528 τὸ
501 485 617 541 γένος
645 483 1002 538 ακολασταίνοντα,
1031 489 1101 529 καὶ
1130 492 1207 530 τοῦ
1231 486 1368 541 φάους
1388 494 1576 545 στερῆσαι
1595 495 1679 533 τῶν

204 537 446 595 ὅφθαλμων.
504 547 707 597 missaque
749 543 809 583 ad
849 520 1096 596 Coeles-’itriae
1139 544 1360 598 toparchas·
1394 563 1520 586 aurea
1547 549 1676 601 bulla,

203 597 396 652 mandat,
426 608 472 639 ut
494 600 801 653 Andronicum,
830 601 1029 641 hominem
1054 601 1294 642 seditiosum
1317 611 1442 657 atque
1465 607 1678 655 incestum,

200 657 373 707 capiant
393 665 430 695 et
452 660 550 696 visu
564 661 738 711 privent.

315 761 354 799 Ρ.
374 751 458 789 277
473 761 514 787 v
532 751 571 790 9.
629 744 740 796 ὅστις
764 746 808 788 δὲ
833 746 858 789 o‘
875 748 994 797 λίθος
1016 743 1135 797 ουτος
1162 748 1232 789 και
1253 745 1355 790 οθεν
1376 749 1432 799 εἰς
1451 746 1675 803 Ἐφεσίων]

202 802 311 841 Idem
331 805 413 842 sere
428 804 608 853 Nicetes,
638 805 707 843 ubi
730 804 778 843 de
794 804 975 843 Manuale
1000 811 1139 844 nostro
1159 812 1318 844 mortuo
1338 813 1378 844 et
1394 808 1473 844 iam
1494 809 1676 859 sepulcro

200 859 409 899 mandato:
437 862 547 913 lapis
576 875 662 899 eum
688 865 791 914 tegit
816 863 1028 914 nigricans
1051 870 1089 900 et
1115 870 1309 900 moestum
1335 862 1503 915 aliquid
1510 879 1615 915 prae
1635 879 1677 902 se

188 916 358 968 serens,
394 919 469 969 qui
497 920 542 956 in
571 926 718 970 septem
741 920 906 956 vertices
933 921 1130 971 assurgit.
1190 934 1273 957 non
1294 920 1446 971 procul
1468 919 1563 957 inde
1585 921 1677 958 basi

201 975 420 1024 impositus
440 973 644 1013 adoratur
660 976 771 1027 lapis
781 989 1028 1026 purpureus,
1057 978 1142 1013 viri
1159 975 1458 1028 magnitudine,
1489 978 1564 1028 qui
1583 985 1676 1015 ante

188 1030 286 1082 suit
310 1031 484 1082 Eplzesi5
515 1040 552 1069 et
574 1034 612 1070 is
637 1046 719 1069 esse
734 1030 911 1081 dicitur,
942 1035 985 1070 in
1005 1047 1084 1085 quo
1114 1033 1304 1071 Christus
1327 1033 1375 1071 de
1393 1047 1510 1071 cruce
1528 1033 1676 1071 subla-

199 1094 293 1138 tus,
325 1095 361 1124 et
375 1088 531 1138 fasciis
553 1089 784 1140 involutus,
814 1088 1006 1127 conditus
1022 1090 1174 1142 suerit.
1233 1104 1321 1127 eum
1347 1089 1526 1142 lapidem
1547 1093 1676 1143 impe-

198 1151 315 1182 rator
336 1144 433 1182 inde
460 1144 672 1183 advectum
702 1146 884 1183 humeris
914 1149 1027 1198 suis,
1058 1149 1205 1199 quippe
1228 1149 1302 1199 qui
1321 1145 1510 1185 divinum
1526 1161 1674 1199 corpus

198 1202 411 1253 ipsumque
448 1201 656 1240 Christum
686 1210 904 1255 gestasset,
935 1218 963 1241 a
988 1211 1118 1256 portu
1151 1204 1417 1242 Bucoleontis
1453 1218 1582 1255 usque
1615 1203 1676 1242 ad

195 1256 334 1295 aedem
347 1287 358 1307 ,
388 1272 494 1310 quae
511 1260 555 1296 in
572 1260 682 1296 turri
697 1260 853 1311 palatii
871 1267 950 1311 est,
976 1261 1166 1312 pertulit.
1223 1259 1296 1298 sed
1325 1275 1407 1298 non
1431 1262 1561 1298 multo
1575 1268 1674 1311 post

196 1316 455 1366 imperatoris
485 1315 640 1353 obitum
668 1330 817 1354 saxum
840 1316 953 1354 illud
975 1333 994 1354 e
1017 1318 1185 1369 palatio
1216 1316 1276 1355 ad
1298 1318 1531 1368 sepulcrum
1552 1318 1672 1354 illius

194 1378 253 1409 est
278 1373 554 1423 translatum,
583 1379 631 1410 ut
661 1373 776 1410 clara
804 1387 900 1411 voce
924 1372 1109 1425 daefimcti
1139 1389 1200 1412 res·
1223 1381 1364 1426 gestas
1388 1382 1424 1412 et
1444 1376 1672 1412 certamina

191 1428 427 1480 proclamet.
483 1428 541 1467 ita
559 1429 682 1468 vertit
700 1429 968 1483 Hieronymus
990 1431 1170 1471 Wolfius,

305 1533 344 1571 Ρ.
367 1520 449 1561 283
471 1532 511 1559 v.
533 1521 597 1562 13.
655 1520 836 1575 Μηδικῷ
865 1518 964 1584 πυρὶ
991 1519 1152 1570 φλέξειν
1180 1520 1441 1573 διενοοῦντο]
1470 1520 1564 1572 Igne
1583 1520 1669 1559 Me-

194 1575 283 1614 dico
301 1575 368 1615 vel
386 1574 538 1627 naptha
558 1575 749 1616 coniecta.
808 1577 907 1628 ignis
926 1575 990 1615 vel
1011 1577 1142 1615 oleum
1160 1577 1376 1626 Medicum,
1406 1578 1548 1628 quod
1536 1591 1578 1615 in
1600 1590 1669 1616 re—

190 1632 305 1684 gione
334 1632 544 1671 Medorum
576 1632 824 1674 conficiatur.
880 1633 985 1671 idem
1009 1640 1069 1672 est
1098 1640 1138 1672 et
1165 1634 1378 1672 Persicum.
1434 1634 1668 1672 Ammianus

191 1689 442 1728 Marcellinus
459 1689 485 1728 l.
502 1691 579 1732 23:
609 1693 654 1727 in
674 1690 755 1727 hac
776 1692 937 1742 regione
959 1690 1165 1742 (Perside)
1192 1692 1324 1728 oleum
1343 1691 1560 1742 conficitur
1578 1693 1666 1729 Me-

191 1744 351 1794 dicum,
383 1760 463 1797 quo
486 1747 641 1784 illitum
660 1748 784 1784 telum
801 1749 839 1785 si
859 1749 1050 1785 emissum
1069 1749 1218 1785 lentius
1242 1748 1397 1785 laxiore
1416 1761 1539 1796 arcu5
1566 1762 1666 1785 nam

190 1804 277 1840 ictu
305 1804 581 1853 exstinguitur
606 1802 773 1854 rapido,
804 1804 978 1841 haeserit
1004 1806 1167 1855 uspiam
1176 1834 1187 1854 ,
1214 1806 1407 1842 tenaciter
1427 1811 1598 1852 cremat,·
1629 1811 1666 1841 et

190 1861 231 1896 si
250 1873 363 1910 aqua
376 1860 550 1898 voluerit
566 1859 727 1897 obruere
745 1862 984 1912 quisquam,
1013 1869 1152 1898 aestas
1167 1863 1314 1898 excitat
1335 1862 1512 1897 acriores
1527 1862 1664 1897 incen-

191 1915 369 1955 diorum.
426 1915 485 1953 ita
506 1915 690 1953 emendat
711 1916 882 1964 locum,
899 1923 940 1954 et
963 1917 1144 1968 pluribus
1164 1918 1213 1955 de
1234 1918 1319 1955 oleo
1340 1916 1495 1955 Medico
1514 1917 1592 1967 agit
1611 1917 1660 1954 il·-

188 1972 324 2010 lustris
350 1971 561 2010 Salmasius
579 1972 622 2009 in
641 1973 991 2011 exercitationibus
1016 1974 1202 2011 Plinianis
1221 1974 1272 2011 ad
1292 1973 1482 2011 Solinum.
1538 1974 1662 2011 refert

188 2029 308 2067 etiam
329 2028 493 2077 ctesias,
524 2029 731 2067 Persarum
753 2042 860 2080 reges
884 2030 970 2068 oleo
989 2028 1087 2080 hoc,
1116 2030 1197 2068 sine
1216 2030 1299 2069 ullo
1320 2030 1420 2081 igni,
1447 2029 1564 2068 urbes
1583 2029 1661 2068 ho-

148 2090 149 2093 ’
188 2085 310 2125 stium
332 2085 515 2123 incendio
537 2085 742 2124 absumere
759 2086 1018 2125 consuevisse.

300 2187 340 2214 v.
361 2174 425 2218 14.
482 2175 625 2223 πίλους
651 2172 764 2223 τινὰς
791 2173 875 2224 ὄξει
904 2172 1238 2228 περιδειῖσαντες]
1269 2174 1398 2213 Latini
1420 2173 1574 2213 udones
1593 2176 1657 2214 vel

189 2230 366 2270 cudone-s·
391 2237 558 2280 vocant,
589 2232 698 2282 quod
724 2245 775 2270 ex
801 2232 893 2270 lana
917 2233 1072 2270 coactili
1091 2232 1157 2271 vel
1176 2245 1225 2269 ex
1243 2232 1332 2283 pilis
1349 2232 1391 2269 in
1410 2231 1574 2270 modum
1593 2233 1656 2270 la-

187 2302 262 2326 nae
285 2289 428 2341 pressis
458 2294 498 2326 et
525 2288 668 2326 coactis
693 2288 803 2339 quasi
828 2289 987 2327 subcusi
1002 2294 1109 2329 sunt.
1166 2288 1258 2328 vide
1279 2288 1457 2327 Salmasii
1475 2295 1592 2328 notas
1614 2290 1656 2328 in

184 2343 340 2384 Aelium
362 2345 645 2397 Lampridium.

299 2449 338 2486 p.
362 2435 446 2478 284
463 2448 502 2474 v.
521 2438 560 2478 9.
618 2434 940 2488 παραπρεσβείας
963 2450 1005 2475 τε
1031 2429 1223 2482 πολλάκις
1250 2431 1380 2486 ἑάλω]
1410 2434 1544 2473 Aaron
1579 2434 1655 2473 iste

185 2489 228 2529 in
246 2491 337 2529 aula
354 2497 440 2530 erat
457 2491 698 2542 legationum
717 2497 945 2530 exterarum
962 2491 1182 2543 interpres;
1207 2504 1258 2529 ne
1284 2491 1372 2541 quis
1402 2492 1530 2544 ipsum
1546 2491 1653 2543 lega-

186 2547 313 2586 tiones
333 2548 436 2587 circa
454 2548 549 2586 alias
564 2554 697 2600 gentes
715 2547 841 2586 obisse
859 2554 986 2600 putet.

297 2651 336 2689 Ρ
363 2641 446 2681 290
475 2652 517 2681 v.
541 2638 605 2680 14.
662 2635 735 2679 τόν
769 2636 963 2678 σιλέντιον
992 2635 1014 2678 ὅ
1046 2634 1231 2690 βασιλευς
1262 2652 1382 2685 αυτος
1415 2632 1651 2686 ξυνετάξαντο

185 2687 330 2763 λόγον]
360 2695 502 2763 Tangit
525 2694 689 2733 eandem
704 2707 789 2733 rem
805 2694 1003 2733 Nicetasl.
1023 2698 1071 2736 7:
1099 2693 1169 2734 καὶ
1190 2692 1214 2735 ὁ
1236 2691 1424 2746 βασιλεύς
1436 2696 1651 2747 τοιγαροῦν

186 2743 307 2798 ουτος
326 2746 560 2818 εὖγλωττίαν
579 2747 806 2804 εὖτυχηκώς
818 2783 828 2802 ,
857 2750 927 2792 καὶ
948 2747 1069 2820 λόγου
1088 2750 1266 2803 ἔμφυτον
1285 2766 1402 2803 χαριν
1418 2753 1648 2800 πεπλουτη-

185 2820 289 2856 κως,
319 2802 371 2846 ου’
392 2809 578 2860 λαμυρῶς
597 2807 795 2851 ἐπέστελλε
813 2806 964 2863 μόνον,
995 2804 1094 2848 om&
1107 2807 1176 2849 καὶ
1195 2808 1510 2862 κατηχητηρίονς
1530 2804 1648 2846 ὤδινε
