1878 3262
339 209 399 251 IN
422 207 737 250 HISTORIAM
754 205 981 250 IOANNIS
1002 205 1233 250 CINNAMI
1250 205 1451 250 NOTAE.
1535 204 1631 252 361

172 319 220 358 de
242 317 474 369 Tremblay,
504 317 616 356 cuius
632 316 810 356 meminit
835 316 980 369 Tyrius
1000 316 1026 357 l.
1048 320 1099 360 17
1116 329 1150 356 c.
1168 318 1244 367 21,
1274 322 1362 356 erat
1382 317 1460 357 hac
1482 322 1635 370 tempe-

167 381 268 415 state
289 374 472 426 magister
495 374 643 426 templi.

277 446 319 484 Ρ.
337 434 417 474 190
439 445 479 471 v.
494 436 534 474 2.
571 428 654 472 τότε
669 429 737 471 καὶ
757 430 1006 485 Βαλδουίνῳ]
1036 431 1082 468 Id
1097 430 1224 483 ipsum
1241 430 1358 468 etiam
1376 430 1425 468 de
1440 429 1638 470 Balduino

168 488 305 527 scribit
323 489 466 540 Tyrius
484 488 510 528 l.
534 490 585 530 18
605 501 637 527 c.
657 489 710 529 15
731 493 771 525 et
790 492 984 538 quantum
995 486 1158 526 Manu'el
1179 488 1262 540 ipse
1277 487 1321 525 in
1337 488 1515 527 curando
1534 486 1636 539 regis

167 546 334 586 vulnere
364 545 541 584 studium
569 543 795 582 adhibuerit
824 549 1007 582 accurate
1027 550 1196 583 enarrat.

279 616 319 642 v.
336 605 404 644 22.
462 599 598 654 ἐπειδὴ
618 602 747 655 γουν]
777 601 876 639 Rem
899 600 1026 652 attigit
1044 600 1245 641 Nicetasl.
1264 602 1290 641 3
1314 614 1353 640 n.
1376 603 1415 642 3.

280 672 320 711 Ρ.
343 662 424 701 192
445 672 485 699 v,
510 662 547 700 1.
605 657 829 718 βασιλείους
860 654 1107 712 φόρμιγγας]
1146 658 1202 695 De
1226 658 1332 696 tubis
1370 655 1636 709 imperatoriis

169 715 264 756 vide
284 715 479 755 Codinum
498 715 547 754 de
569 715 643 755 ΟΠΞ
666 728 699 753 c.
718 714 744 757 5
763 727 803 755 n.
814 715 892 757 15.

280 787 323 825 Ρ.
355 775 435 816 196
463 785 502 811 v
505 771 597 815 12.
656 772 864 823 Σολυμᾶς]
893 770 999 809 Inter
1028 770 1243 809 Iconiensis
1274 770 1429 809 Sultani
1453 783 1637 823 proceres

170 829 386 883 primatum
405 829 607 880 obtinens,
638 844 659 869 ο
681 842 762 868 των
778 824 887 880 παρὰ
908 843 963 868 τω
985 824 1190 883 σουλτάνῳ
1211 842 1260 868 τα
1283 826 1444 881 μέγιστα
1463 826 1638 882 δυναμέ-

170 902 255 928 νων
274 883 601 941 κορυφαιότατος.
638 885 794 923 Nicetas
813 884 840 923 1.
859 887 884 925 3
902 897 943 925 n.
967 887 1006 925 6.

283 946 410 986 v.13.
458 939 711 995 Πουπᾶκην]
753 940 834 989 Qui
856 940 950 979 alias
977 940 1020 979 in
1050 941 1191 979 castris
1208 940 1402 979 Μειιιιὲἱίε
1421 946 1637 986 meruerat.

171 1001 385 1039 Cinnamus
404 1013 445 1051 Ρ.
465 998 521 1042 48
541 1005 582 1037 et
600 999 666 1042 50·

281 1071 321 1109 Ρ.
342 1059 428 1098 200
446 1069 486 1097 v·
508 1061 547 1099 2.
596 1050 886 1110 Ἰαγουπασοέν]
917 1053 1036 1093 Istius
1056 1053 1318 1106 expeditionis
1336 1052 1541 1092 historiam
1559 1053 1637 1092 ha-

171 1113 240 1153 bet
261 1115 381 1152 etiam
397 1113 553 1151 Nicetas
571 1112 597 1151 l.
619 1116 644 1154 3
663 1126 703 1150 n.
723 1112 749 1156 5
768 1116 810 1149 et
826 1114 865 1153 6.

282 1184 323 1223 Ρ.
343 1173 429 1212 202
449 1183 488 1209 v.
506 1172 546 1211 7.
607 1164 792 1238 Εἰρήνῃ]
822 1167 921 1206 Vide
937 1172 1102 1206 stemma
1123 1166 1418 1207 Comnenicum.

283 1240 324 1279 Ρ.
345 1229 428 1267 203
458 1239 500 1265 v.
525 1229 565 1268 2.
618 1221 740 1273 Ἰατζοῖ
771 1221 845 1276 δὴ]
889 1224 1029 1262 Geizae
1055 1225 1091 1263 11
1119 1224 1344 1276 Hungariae
1371 1222 1454 1275 regi
1468 1252 1480 1273 ‚
1527 1221 1642 1261 Belae

173 1289 431 1335 cognomento
453 1283 566 1320 Caeci
585 1282 685 1333 regis
702 1282 796 1330 filio,
827 1281 908 1319 duo
926 1282 1004 1319 fra
993 1294 1069 1319 res
1090 1282 1223 1333 fuere,
1255 1280 1473 1320 Vladislaus
1494 1285 1535 1318 et
1549 1281 1642 1318 Ste-

173 1340 349 1393 phanus,
377 1339 622 1389 totidemque
638 1338 730 1387 filii,
760 1337 985 1390 Stephanus
1011 1344 1052 1376 et
1071 1339 1175 1378 Bela.
1232 1344 1392 1377 mortuo
1415 1337 1533 1376 Geiza
1554 1338 1642 1375 Ste-

173 1397 329 1449 phanus
356 1396 483 1446 filius,
530 1396 599 1447 qui
640 1408 824 1448 supremo
857 1395 1033 1447 parentis
1072 1395 1195 1448 elogio
1230 1409 1304 1434 rex
1334 1395 1464 1434 dictus
1498 1395 1642 1445 fuerat,

174 1454 353 1492 omnium
377 1453 496 1491 etiam
521 1453 701 1502 calculis,
738 1452 864 1504 plenis
883 1452 1070 1500 comitiis,
1101 1453 1344 1505 approbatus
1369 1458 1430 1491 est
1450 1451 1497 1491 A.
1520 1454 1642 1494 1161.

174 1511 415 1560 vladislaus,
446 1510 585 1548 Geizae
601 1511 745 1557 frater,
773 1514 964 1561 usurpata
985 1510 1143 1548 interim
1166 1510 1271 1561 regia
1293 1514 1504 1561 potestate,
1528 1520 1600 1559 per
1615 1510 1644 1550 6

174 1580 326 1606 menses
348 1580 393 1604 ea
412 1567 587 1618 potitur,
617 1579 695 1617 quo
714 1566 911 1604 exstincto
927 1566 1017 1605 Kal.
1035 1566 1148 1605 Febr.
1173 1570 1283 1609 1172
1305 1565 1530 1617 Stephanus
1550 1563 1644 1603 Vla-

176 1624 289 1662 dislai
308 1624 435 1662 frater
451 1636 616 1675 regnum
638 1622 819 1662 invadit:
848 1622 917 1661 sed
939 1637 963 1660 a
980 1622 1183 1675 Stephano
1202 1628 1347 1674 nepote
1366 1622 1498 1662 victus
1518 1625 1559 1658 et
1576 1620 1646 1659 fu-

172 1690 242 1720 sus
278 1681 413 1720 statim
440 1687 575 1732 postea
607 1680 648 1718 in
677 1679 834 1718 castello
851 1680 1009 1718 Zemlen
1029 1680 1088 1719 Id.
1110 1680 1233 1732 April.
1256 1679 1360 1718 diem
1378 1679 1499 1729 obiit,
1531 1677 1645 1716 cuius

176 1739 296 1776 sunus
316 1738 524 1776 subsecuta
550 1751 645 1776 mox
665 1743 724 1775 est
743 1737 935 1788 Stephani
956 1737 1112 1789 nepotis
1131 1751 1238 1775 mors
1258 1737 1330 1775 sub
1355 1736 1383 1778 4
1405 1736 1508 1775 Non.
1525 1736 1645 1774 Mart.

178 1795 224 1835 A.
247 1796 369 1836 1173.
429 1795 599 1833 duxerat
633 1793 857 1846 Stephanus
885 1794 1025 1832 Geizae
1053 1796 1175 1833 frater
1208 1794 1252 1832 in
1282 1806 1451 1832 uxorem
1482 1791 1648 1830 Mariam

178 1852 440 1890 Comnenam:
470 1851 690 1890 vladislaus
715 1851 894 1890 oblatum
920 1851 994 1888 sibi
1022 1851 1145 1889 simile
1173 1850 1416 1889 connubium
1441 1849 1648 1898 abnuerat,

178 1921 229 1946 ne
250 1908 403 1946 aditum
418 1907 495 1946 sibi
514 1907 565 1946 ad
583 1920 768 1958 regnum,
798 1908 863 1946 cui
878 1907 1079 1958 inhiabat,
1109 1908 1392 1959 praecluderet.
1422 1904 1646 1957 Stephanus
1668 1908 1699 1943 P
1722 1906 1790 1943 466

180 1964 348 2014 denique
377 1966 508 2002 senior
534 1965 744 2016 propinato
771 1964 820 2002 ab
841 1964 1039 2016 Hungaris
1062 1977 1216 2004 veneno
1240 1964 1408 2015 interiit,
1437 1969 1484 2002 ut
1504 1968 1646 2000 auctor

179 2027 240 2058 est
261 2021 428 2060 Nicetas.
486 2021 618 2058 iunior
638 2021 786 2071 pariter
809 2034 962 2059 veneno
991 2021 1112 2060 vitam
1143 2021 1296 2069 finivit,
1339 2020 1449 2072 quod
1476 2034 1498 2057 a
1518 2020 1645 2058 fratre

181 2090 297 2128 quem
326 2077 375 2114 de
399 2083 508 2115 terra
537 2077 702 2115 eiecerat
731 2077 870 2115 datum
899 2078 1036 2116 scribit
1057 2078 1257 2116 Arnoldus
1273 2078 1413 2116 Lubec.
1442 2078 1471 2116 l.
1492 2081 1520 2118 2
1540 2089 1576 2115 ο.
1601 2079 1642 2117 3.

181 2134 412 2172 consulendi
441 2139 646 2186 praeterea
667 2133 719 2172 ad
738 2133 844 2172 hanc
860 2134 1068 2173 historiam
1091 2134 1346 2173 Thwroczius
1368 2139 1408 2171 et
1428 2131 1644 2182 Bonfinius,

180 2191 334 2229 Nicetas
353 2191 378 2230 l.
408 2190 435 2232 4
472 2204 509 2228 n.
539 2195 586 2241 1,
625 2190 849 2229 Radevicus
875 2191 901 2230 l.
919 2194 944 2233 3
972 2205 1004 2232 c,
1030 2195 1101 2239 12,
1145 2188 1376 2228 Guntherus
1402 2189 1429 2227 l.
1451 2191 1501 2237 6,
1529 2190 1643 2227 Stero

180 2248 226 2290 A.
246 2251 355 2291 1160
374 2253 414 2286 et
435 2252 574 2285 auctor
597 2247 815 2286 Chronicae
829 2247 1002 2287 Austral.
1018 2247 1064 2290 A.
1083 2247 1203 2287 1165.

291 2318 330 2344 v.
358 2308 421 2347 11.
479 2300 604 2356 νόμος
622 2301 734 2358 γάρ]
764 2305 888 2343 Immo
906 2302 1049 2338 ea‘lex
1075 2301 1118 2338 in
1150 2301 1390 2353 designando
1417 2315 1508 2353 rege
1536 2302 1645 2353 apud

180 2361 388 2412 Hungaros
405 2361 583 2412 vigebat,
612 2367 658 2395 ut
678 2370 760 2395 non
780 2358 884 2396 filius
907 2358 1012 2410 patri
1033 2358 1261 2397 succederet
1276 2388 1287 2407 ‚
1322 2360 1392 2398 sed
1418 2360 1485 2409 qui
1503 2371 1524 2396 e
1540 2359 1646 2409 regia

180 2418 326 2454 familia
341 2418 393 2453 ad
410 2428 575 2466 regnum
595 2414 644 2452 ab
664 2414 851 2453 universo
872 2415 1065 2454 nobilium
1083 2422 1199 2455 coetu
1215 2417 1257 2454 in
1276 2416 1445 2456 comitiis
1466 2429 1648 2457 evocare-

181 2479 258 2512 tur.
315 2472 371 2510 ita
392 2471 596 2510 Bonfinius
619 2472 663 2509 A.
688 2471 806 2513 1165.

293 2543 332 2580 Ρ.
354 2529 438 2570 204
473 2542 511 2569 v,
544 2532 584 2570 2.
643 2528 972 2581 Πριμίσθλαβος]
1003 2529 1111 2567 Idem
1140 2529 1303 2568 videtur
1331 2529 1398 2581 qui
1426 2529 1650 2568 Rodoslaus

183 2585 329 2624 dicitur
350 2586 535 2623 Diocleati
554 2585 786 2637 presbytero
806 2586 992 2624 historiae
1006 2587 1243 2625 Dalmaticae
1263 2587 1458 2639 scriptori.
1487 2587 1520 2625 is
1539 2600 1650 2625 mor-

185 2648 258 2680 tuo
287 2642 512 2693 Draghihna
539 2648 653 2694 patro
690 2655 855 2694 regnum
885 2643 1044 2681 serviae
1071 2643 1198 2693 rexit,
1238 2644 1321 2683 solo
1349 2643 1502 2683 comitis
1531 2643 1649 2682 titulo

186 2704 413 2748 contentus,
443 2713 465 2737 a
481 2700 663 2738 Manuele
680 2699 818 2751 imper.
837 2700 1019 2752 princeps
1039 2700 1181 2740 dictus.
1211 2709 1338 2740 morto
1358 2702 1495 2752 chefu
1516 2700 1650 2738 adun-

187 2769 264 2807 que
284 2755 318 2793 il
333 2770 374 2793 re
393 2757 647 2809 Draglzz'lzna
658 2787 668 2806 ‚
700 2758 735 2794 il
751 2765 862 2795 conte
878 2756 1113 2796 Rodoslavo
1131 2772 1205 2796 suo
1216 2759 1411 2811 figliuolo
1429 2759 1648 2811 maggiore,

181 2819 301 2864 porto
318 2825 425 2863 gran
442 2812 537 2851 doni
559 2815 630 2852 all’
649 2813 899 2866 imperadore
917 2813 963 2851 di
984 2814 1101 2867 Cpolc'
1115 2817 1357 2865 Εηιαηιιέἰο,
1386 2814 1462 2853 dal
1480 2814 1583 2867 qual
1586 2813 1650 2864 su

186 2869 496 2908 humanamente
515 2871 668 2909 accolto
678 2900 691 2922 ,
721 2879 757 2911 et
771 2873 836 2924 gli
853 2870 968 2910 diede
985 2873 1052 2911 nel
1063 2887 1243 2924 possesso
1264 2880 1366 2911 tutte
1386 2873 1422 2911 le
1440 2879 1551 2920 terre,
1580 2869 1649 2908 elce
