1878 3262
277 220 374 267 218
505 240 511 244 ·
763 220 984 264 ΙΟΑΝΝ18
1019 221 1245 267 CINNAMI

277 339 313 380 εἲ
334 332 565 392 βουλομένῳ
595 348 658 376 σοι
689 333 821 376 τοίνυν
846 334 929 378 ε’στὶ
961 334 1144 392 γαμβρὸν
1169 334 1264 391 ἣμῒν
1293 338 1358 380 καὶ
1384 337 1515 382 Βελᾶν
1542 334 1720 392 ἔσεσθαι,

276 404 372 459 ὅπερ
400 402 479 458 ἤδη
507 404 572 444 καὶ
600 401 895 458 διωμολόγηταί
920 419 1007 454 σοι,
1042 405 1084 446 τί
1108 404 1165 458 μὴ
1196 404 1267 459 τὴν
1290 403 1429 462 χώραν
1451 407 1626 456 ἀποδοὺς
1651 412 1722 462 τῆς

277 470 472 527 ἡμετέρας
494 475 647 513 θᾶττον
678 470 891 528 ἄπαλάσσῃ
921 473 1072 526 ξενιάς,·
1108 474 1141 514 εἰ
1168 473 1210 514 δὲ
1229 472 1273 514 τὸ
1295 475 1415 527 κῆδος
1431 475 1721 531 ἀποπροσποιῇ,

279 541 352 581 καί
365 555 428 581 σοι
447 539 561 596 ἕτερα
581 540 670 595 περὶ
689 538 831 581 τούτου
856 542 974 592 δοκεῖ,
1009 540 1098 582 ἴσθι
1117 537 1172 591 ὥς
1186 545 1258 583 τοῦ
1276 540 1509 595 βιάσασθαί
1526 558 1569 586 σε
1587 546 1723 602 πολλῷ

280 606 394 662 ’ἡμεῖς
412 606 647 662 ἀντεχόμεθα
667 607 855 661 μᾶλλονῗ3
1732 621 1756 659 5

418 676 463 720 7.
531 677 731 725 Βασιλεὺς
749 677 821 730 μὲν
837 680 964 718 ταῦτα
981 674 1165 733 ἔγραψεν.
1234 674 1255 717 ὃ
1276 677 1319 718 δὲ
1335 674 1459 731 ἄλλην
1477 692 1519 719 τε
1537 675 1723 735 καθάπερ

136 755 164 788 P
190 754 256 790 127
280 744 432 803 εἴρηται
452 743 663 798 σύμμαχον
678 751 795 800 χεῖρα
815 744 856 786 ἔκ
878 762 917 786 τε
935 745 1171 798 Ἀλαμανῶν
1189 746 1254 786 καὶ
1280 750 1359 786 τῶν
1379 745 1479 801 πρὸς
1497 749 1554 801 τῷ
1574 744 1725 802 Ταύρῳ

281 814 501 872 ἱδρυμένων
519 811 731 867 ἐπηγάγετο
748 816 945 863 Σκυθῶν,
982 815 1047 854 καὶ
1066 813 1114 866 δὴ
1137 814 1201 853 καὶ
1229 813 1273 854 τὸ
1298 814 1456 866 Τζέχων
1480 811 1610 870 ἑαυτῷ
1629 828 1725 854 συν-

282 881 475 936 εστήσατο
506 879 647 932 ἔθνος,
687 885 759 922 τοῦ
787 882 828 921 ἐν
867 882 1002 937 σφίσιν
1045 880 1237 937 ἄρχοντος
1265 883 1483 937 πανστρατὶ
1515 881 1579 922 ἐπ’
1604 880 1727 922 αῧτὸν

280 950 537 1008 ἀφικομένου.
604 943 653 1002 ’ἦν
681 949 723 990 δὲ
755 943 870 998 οὗτος
901 946 920 989 ὅ
949 947 1152 1005 Κορράὸῳ
1172 947 1294 989 πάλαι
1324 953 1381 1005 τῷ
1403 949 1636 1001 Ἀλαμανῶν
1652 965 1725 990 συ-
1739 960 1784 995 10

279 1017 526 1076 στρατεύσας
545 1015 656 1072 ῥηγί,
687 1015 854 1071 ὁπηνίκα
874 1015 1004 1073 ὥσπερ
1026 1034 1095 1070 μοι
1117 1015 1341 1071 ὁέὅιήγηται
1359 1017 1422 1057 ἐπὶ
1434 1016 1569 1059 Ἀσίαν
1585 1018 1729 1065 ἐκεῖνος

281 1088 496 1136 ἐστέλλετο,
533 1083 606 1140 ρήξ
624 1102 663 1126 τε
685 1085 752 1125 διὰ
772 1089 898 1126 ταῦτα
915 1083 986 1125 ὑπ’
1011 1086 1156 1126 ἐκείνου
1173 1083 1390 1139 γενόμενος.
1458 1086 1585 1126 καίτοι
1606 1082 1729 1138 ἐψεύ-

281 1171 403 1198 σαντο
434 1152 582 1209 ἄμφω,
618 1150 639 1193 ὃ
662 1153 734 1205 μὲν
765 1152 836 1206 τὴν
864 1156 1022 1206 κλῆσιν,
1070 1151 1209 1208 ἅτερος
1228 1153 1270 1193 δὲ
1298 1153 1369 1205 τὴν
1391 1149 1513 1208 χάριν
1537 1150 1557 1193 ὅ
1580 1150 1729 1201 διδούς.

282 1222 439 1279 μακρὸς
456 1220 533 1276 γὰρ
565 1221 606 1269 ἐξ
626 1214 672 1260 οὗ
693 1218 838 1275 χρόνος
854 1220 899 1261 τὸ
928 1224 999 1274 τῆς
1019 1222 1224 1273 βασιλείας
1254 1219 1379 1276 ὄνομα
1399 1221 1440 1260 ἐν
1461 1218 1595 1275 ιΡώμῃ
1616 1218 1729 1261 ἀπώ-

283 1295 373 1333 λετο
383 1323 396 1342 ,
433 1290 474 1339 ἐξ
494 1287 587 1330 ὅτου
607 1287 708 1341 μετὰ
727 1286 963 1342 Αὔγουστον
973 1319 985 1338 ,
1021 1287 1065 1329 ὃν
1083 1289 1149 1329 καὶ
1171 1288 1480 1342 Αὖγουστοῦλον
1496 1286 1662 1328 ἐκάλουν
1681 1286 1727 1328 τὸ
1741 1294 1785 1330 15

284 1363 357 1413 τῆς
375 1356 530 1411 ἡλικίας
561 1354 822 1409 αἰνιττόμενοι
854 1356 940 1397 νέον
957 1356 1059 1397 καθ’
1091 1355 1139 1410 ἢν
1166 1354 1376 1408 ἐπελάβετο
1397 1359 1469 1408 τῆς
1489 1355 1616 1411 ἀρχῆς
1628 1386 1641 1406 ,
1667 1356 1730 1396 ἐπὶ

231 1431 263 1467 Β
282 1425 502 1482 Ὀόόακρον
538 1426 603 1466 καὶ
637 1424 875 1480 Θευόέριχον
908 1422 998 1477 ἑξῆς
1018 1423 1086 1466 τὸν
1117 1425 1156 1464 Γ
1154 1421 1287 1465 ότθων
1315 1421 1488 1477 ἡγεμόνα
1515 1421 1733 1479 τυράννους

286 1494 411 1551 ἄμφω
431 1494 576 1547 μετέβη
594 1492 642 1533 τὰ
671 1497 742 1545 τῆς
761 1490 982 1547 ἡγεμονίας.
1051 1491 1124 1548 ρὴξ
1142 1491 1218 1547 γὰρ
1245 1491 1481 1546 Θευὸἐριχος
1496 1492 1562 1532 καὶ
1586 1490 1632 1532 οὗ
1649 1495 1731 1544 βα-

285 1562 418 1610 σιλεὺς
447 1562 581 1613 διεβίω
601 1558 865 1612 καλούμενος,
908 1557 1093 1614 καθάπερ
1116 1557 1349 1614 Προκόπιος
1375 1558 1535 1614 ἱστορεῖ.
1595 1556 1729 1612 Ῥώμη

283 1630 417 1684 μέντοι
447 1628 524 1669 ἀπὸ
552 1628 792 1683 Θευδερίχου
822 1627 887 1667 καὶ
917 1626 1034 1683 ὀλίγῳ
1056 1625 1247 1682 πρότερον
1267 1625 1358 1681 ἄχρι
1376 1627 1442 1666 καὶ
1462 1629 1533 1666 νῦν
1559 1632 1786 1667 orama-90

285 1698 425 1751 ζομένη
449 1687 666 1751 διαγέγονε,
697 1692 886 1743 πολλάκις
902 1695 974 1747 μὲν
997 1693 1096 1750 πρὸς
1118 1695 1357 1749 Βελισαρίου
1374 1695 1439 1734 καὶ
1458 1696 1628 1749 Ναρσοῦ
1650 1697 1731 1735 τῶν

277 1764 485 1819 Ῥωμαίων
502 1766 734 1820 στρατηγῶν
755 1763 817 1803 ἐπὶ
848 1766 928 1803 τῶν
942 1762 1224 1803 Ἷουστινιανοῦ
1238 1759 1450 1814 Ῥωμαίοις
1472 1760 1731 1804 ἀνασωθεῖσα

372 1882 407 1918 3.
430 1877 646 1926 ἄπαλοὶσσῃ]
668 1881 787 1924 Heyse
810 1875 1033 1924 ἅπαλλάσσῃ.
1066 1877 1153 1914 Duc.
1177 1875 1367 1923 ἀπολαύσῃ
1392 1889 1435 1912 ex
1450 1877 1537 1913 coni.
1567 1878 1684 1914 Tullii.

279 1984 470 2020 eximamus,
518 1982 546 2016 si
563 1982 665 2026 igitur
679 2005 689 2024 ‚
719 1984 755 2015 te
773 1981 869 2015 etiam
884 1981 1020 2014 volente
1034 2007 1043 2021 ,
1077 1980 1192 2014 Belam
1209 1992 1369 2024 generum
1385 1984 1535 2015 nostrum
1557 1990 1632 2014 esse
1647 1991 1730 2015 con-

279 2030 377 2074 tigit,
401 2027 491 2074 quod
519 2032 556 2061 et
580 2033 617 2061 tu
642 2028 752 2072 pactis
785 2027 864 2072 ipsis
889 2026 1048 2068 firmasti,
1073 2037 1133 2059 cur
1158 2038 1223 2059 non
1239 2026 1371 2060 reddita
1386 2027 1416 2060 ei
1431 2037 1490 2060 sua
1503 2026 1730 2079 possessione,

278 2081 398 2109 nostra
424 2073 535 2119 potius
558 2074 680 2107 frueris
703 2073 866 2106 societate
889 2077 923 2105 et
945 2071 1209 2105 benevolentia?
1233 2071 1261 2105 si
1285 2083 1365 2105 vero
1389 2071 1666 2105 necessitudinem
1691 2075 1728 2106 et

279 2121 478 2154 affinitatem
501 2119 652 2163 respuis,
675 2119 807 2162 aliaque
827 2118 924 2151 modo
949 2117 991 2150 de
1015 2117 1057 2150 iis
1080 2117 1141 2150 tibi
1155 2128 1247 2150 mens
1265 2122 1335 2161 est3
1357 2117 1445 2151 scias
1466 2117 1570 2160 longe
1581 2126 1728 2151 nosm-

278 2166 366 2212 plius
382 2166 424 2198 ab
447 2175 487 2198 eo
511 2165 628 2197 abesse
641 2190 650 2204 ‚
673 2169 712 2196 ut
727 2165 795 2197 vim
810 2163 904 2196 nobis
919 2162 1034 2196 inferri
1050 2162 1225 2207 patiamur.
1235 2162 1257 2178 ’⁷

374 2211 407 2245 7.
454 2209 555 2243 Istius
584 2209 747 2253 epistolae
769 2208 936 2242 sententia
960 2209 1042 2241 haec
1070 2208 1144 2242 fuit.
1189 2209 1369 2252 imperator
1382 2209 1515 2249 autem,
1537 2205 1589 2239 uti
1601 2205 1726 2241 dictum

279 2259 354 2300 est,
379 2255 462 2289 alias
484 2254 664 2287 auxiliares
698 2254 813 2299 copias
838 2266 879 2287 ex
904 2253 1094 2287 Alemannis
1115 2257 1149 2287 et
1172 2254 1322 2288 Taurum
1344 2251 1571 2285 accolentibus
1588 2252 1729 2296 Scythis

280 2301 446 2336 conflatas
471 2300 626 2333 adduxit:
660 2301 871 2333 Tzechorum
894 2304 1071 2343 praeterea
1094 2299 1157 2332 sibi
1181 2299 1334 2332 adiunxit
1358 2297 1547 2338 nationem,
1584 2308 1726 2341 quorum

279 2347 438 2393 princeps
454 2346 497 2379 ad
522 2357 596 2379 eum
613 2345 703 2378 venit
726 2356 798 2378 cum
813 2345 968 2378 universo
985 2345 1145 2378 exercitu.
1191 2349 1265 2378 erat
1284 2347 1394 2377 autem
1418 2343 1467 2386 is,
1492 2342 1548 2386 qui
1565 2342 1727 2376 Conrado

279 2393 536 2427 Alemannorum
552 2390 625 2433 regi
641 2390 765 2435 pridem
783 2390 1009 2432 militaverat,
1035 2401 1107 2423 cum
1126 2389 1159 2422 in
1181 2389 1293 2422 Asiam
1305 2415 1315 2431 ‚
1338 2387 1609 2432 quemadmodum
1633 2399 1726 2422 com—

281 2437 555 2476 memoravimus,
578 2436 634 2468 ille
655 2435 811 2479 traiecit,
848 2446 986 2478 eamque
1008 2436 1051 2468 ob
1075 2446 1206 2468 causam
1229 2446 1287 2468 rex
1308 2434 1350 2466 ab
1374 2444 1416 2466 eo
1439 2437 1489 2466 est
1505 2433 1726 2468 renuntiatus.

282 2483 344 2516 sed
360 2488 501 2526 uterque
516 2481 662 2514 vicissim
676 2481 782 2514 falsus
798 2486 851 2513 est
862 2506 872 2522 ,
897 2484 931 2512 et
946 2480 1002 2524 qui
1017 2481 1272 2524 appellationem
1286 2478 1410 2522 regiam
1424 2478 1566 2522 recepit,
1589 2484 1625 2512 et
1640 2479 1726 2513 alter

283 2528 342 2572 qui
358 2538 473 2561 munus
487 2526 656 2571 impertiit.
686 2526 872 2559 iamdudum
891 2525 975 2558 enirn
990 2525 1239 2570 imperatorium
1254 2535 1371 2557 nomen
1387 2523 1513 2557 Romae
1529 2524 1724 2559 exstinctum

285 2577 379 2614 erat,
403 2584 445 2606 ex
461 2584 526 2616 quo
543 2573 584 2605 ab
609 2573 761 2615 Augusto
786 2573 900 2615 (quem
927 2575 962 2603 et
975 2571 1195 2614 Augustulum
1219 2569 1403 2608 vocabant,
1424 2572 1569 2602 aetatem
1584 2569 1655 2603 eius
1669 2574 1725 2603 te-

285 2629 417 2658 neram,
440 2618 474 2650 in
489 2629 555 2660 qua
570 2617 748 2661 occupavit
762 2616 945 2660 imperium,
970 2616 1209 2660 significantes)
1225 2615 1258 2649 in
1276 2614 1465 2648 Odoacrum
1482 2618 1517 2648 et
1531 2614 1723 2649 Theodori-

280 2674 356 2697 cum
382 2662 540 2707 deinceps
578 2663 766 2695 Gothorum
798 2661 999 2706 principem,
1040 2665 1217 2705 tyrannum
1239 2663 1430 2704 utrumque,
1464 2660 1646 2693 translatus
1671 2663 1726 2694 est

278 2707 495 2754 principatus,
540 2707 630 2750 regis
646 2707 731 2740 enim
754 2707 902 2750 nomine,
927 2718 993 2740 non
1020 2706 1249 2751 imperatoris,
1280 2705 1390 2750 quoad
1413 2705 1515 2748 vixit,
1549 2704 1724 2749 insignitus

279 2754 345 2787 fuit
359 2751 611 2794 Theodericus,
636 2756 672 2785 ut
697 2753 814 2786 scribit
839 2752 1038 2796 Procopius.
1094 2751 1166 2796 ipsa
1191 2749 1320 2795 quidem
1342 2750 1449 2783 Roma
1473 2762 1492 2784 a
1516 2749 1723 2784 Theodorici

280 2798 486 2843 temporibus
502 2802 538 2830 et
552 2797 650 2841 paulo
667 2801 746 2831 ante
760 2798 794 2830 in
811 2798 897 2830 hunc
912 2807 1014 2841 usque
1031 2797 1115 2830 diem
1131 2807 1152 2829 a
1165 2801 1278 2829 cetero
1293 2795 1432 2840 imperio
1448 2796 1579 2830 divulsa
1592 2795 1723 2830 mansit.

280 2844 427 2890 licetque
448 2854 470 2879 a
483 2841 644 2877 Belisario
669 2846 706 2877 et
718 2842 855 2886 Narse,
884 2841 1025 2878 ducibus
1040 2841 1223 2886 Romanis,
1245 2841 1308 2877 sub
1328 2841 1510 2877 Iustiniano
1523 2839 1722 2887 recuperata
