1878 3262
719 198 1044 244 PRAEFATIO.
1578 194 1612 241 9

156 315 393 377 πράγματος
416 314 667 374 περιέστησε·
702 317 768 359 καὶ
800 309 850 370 ἦν
880 316 954 369 μὲν
978 312 1067 358 τότε
1089 312 1142 356 τὰ
1163 315 1234 369 τῆς
1253 310 1469 371 ὓπερορίας
1489 309 1609 370 ἅργᾶ.

119 438 124 442 .
155 378 208 430 ἆλ
238 389 251 404 ³
287 385 309 429 ὅ
330 384 602 440 Βοτανειάτης
636 386 702 427 καὶ
735 379 860 434 αὖθις
877 382 956 426 ὕπὸ
977 388 1058 426 τῶν
1083 383 1345 438 δηλωθέντων
1365 382 1491 424 αὐτοῦ
1513 379 1611 424 δού-

149 459 238 498 am
259 453 564 512 περιαγόμενος,
599 455 797 503 παντοίως
826 456 877 509 τῇ
901 451 1054 494 τούτων
1078 449 1307 507 παραθήξει
1330 453 1396 493 καὶ
1418 447 1610 504 συνωθῆ-

156 542 217 567 σει
238 522 430 574 πολλάκις
448 524 722 580 παραπλαγεὶς
743 521 837 571 τοὺς
858 519 1102 578 ὀφθαλμοὺς
1118 518 1298 577 διορύξαι
1321 522 1504 562 διενοεῖτο
1535 522 1607 561 τοῦ
1627 522 1660 557 1)

109 600 134 636 δ
157 595 388 648 Κομνηνοῦ.
455 596 574 634 τοῦτο
611 592 654 633 δὲ
692 587 1018 647 ἇνερυθριάστως
1054 587 1182 637 οὕτως
1220 588 1378 643 ἀγαγεῖν
1411 590 1466 638 εἷς
1501 588 1615 637 τέλος

157 662 231 704 οὗκ
263 661 411 717 ἔκρινεν
418 691 432 712 ,
476 659 574 702 αὐτὸ
603 659 649 701 τὸ
682 661 835 701 δίκαιον
864 659 930 700 καὶ
958 657 1031 711 τὴν
1067 654 1264 711 ἀλήθειαν
1296 654 1614 711 εὐλαβούμενος·

157 731 291 787 ἕτερον
317 730 360 771 δὲ
382 727 531 786 τρόπον
558 735 696 778 κακοῖς
726 728 931 770 ἐσκέπτετο
953 729 1095 768 τοῦτον
1110 728 1360 781 περιβαλεῖν,
1389 727 1455 767 καὶ
1478 725 1612 782 ἀφορ·

156 799 238 853 μὴν
270 796 394 851 ἐζήτει
421 794 681 853 εὐπρόσωπον
709 803 846 846 κακοῖς
874 795 943 838 τὸν
973 795 1150 836 ἀναίτιον
1172 794 1444 849 παραπέμψαι
1472 796 1538 835 καὶ
1569 794 1615 834 ἔκ

155 868 282 922 μέσου
298 866 453 908 θέσθαι
473 870 545 920 τῆς
567 865 761 920 ἀληθείας
779 864 849 907 τὸν
867 863 1039 919 ἔλεγχον.
1082 862 1217 916 ἇμέλει
1247 863 1313 903 καὶ
1338 860 1453 916 ἡνίκα
1478 859 1543 903 οἷα
1563 859 1614 915 δή

102 945 148 980 10
158 953 218 985 τις
234 933 429 983 ὑπόθεσις
449 934 728 990 παρεισέπιπτε
745 931 922 989 μεγάλης
948 932 1112 986 δεομένη
1133 932 1198 972 καὶ
1220 934 1373 984 βουλῆς
1394 932 1460 972 καὶ
1479 929 1616 986 χειρὸς
1637 926 1665 960 P
1689 926 1713 960 6

157 1005 226 1046 καὶ
257 1001 432 1056 πόλεμον
461 1002 688 1044 ἀπαιτοῦσα
718 1004 785 1044 καὶ
814 1002 995 1057 γενναίας
1018 1000 1180 1049 ἔνδειξιν
1200 1003 1339 1054 ψυχῆς
1360 1001 1424 1041 καὶ
1449 999 1616 1054 ἀνδρίας

157 1074 224 1115 καὶ
266 1072 448 1113 κίνδυνον
481 1075 533 1127 τῇ
570 1069 785 1126 ἔγχειρῆσει
824 1068 974 1124 ταύτης
1006 1066 1339 1125 ἐπικρεμάμενον,
1387 1067 1511 1115 εὐθὺς
1542 1070 1618 1109 τοῦ

157 1142 376 1195 Κομνηνοῦ
406 1143 553 1196 χρῆσις
589 1134 639 1194 ἦν
671 1137 771 1195 ὑπὲρ
810 1138 1010 1189 ἅπαντας,
1046 1139 1112 1179 καὶ
1136 1134 1260 1190 μόνος
1285 1140 1365 1178 τῶν
1385 1132 1615 1178 ἆπάντωνὸ

156 1208 371 1263 Κομνηνὸς
401 1215 485 1258 τοῖς
516 1206 621 1249 οὕτω
643 1206 833 1263 μεγάλοις
856 1209 921 1249 καὶ
945 1203 1224 1248 κινδυνώδεσιν
1247 1205 1375 1261 ἔργοις
1400 1201 1616 1258 ἐπιστατή-

102 1289 148 1325 15
158 1294 240 1320 σων
264 1278 529 1333 προβέβλητο,
558 1281 674 1318 τοῦτο
700 1277 948 1330 βουλομένου
971 1278 1044 1317 τοῦ
1065 1269 1291 1328 σκέμματος
1313 1272 1412 1316 ὥστε
1436 1272 1463 1327 ἢ
1490 1290 1618 1314 κατα-

157 1350 282 1399 πειθῆ
310 1344 499 1400 γεγονότα
528 1344 598 1386 τὸν
616 1344 831 1399 Κομνηνδν
858 1351 941 1393 τοῖς
967 1343 1280 1398 ε’πιτεταγμένοις
1305 1343 1415 1399 αὗτῷ
1439 1344 1505 1383 καὶ
1526 1358 1615 1397 γεν-
1637 1346 1668 1380 Β

157 1415 280 1463 ναίως
310 1415 378 1454 καὶ
414 1413 633 1469 ἀνδρικῶς,
669 1413 812 1462 καθιὺς
842 1407 892 1467 ἦν
924 1412 1021 1461 ἔθος
1055 1411 1186 1468 αὐτῷ,
1229 1409 1512 1466 προσβαλόντα
1541 1411 1619 1452 τινὶ

155 1486 237 1524 τῶν
270 1479 514 1536 τηλικούτων
546 1480 671 1536 ἔργων
704 1483 771 1523 καὶ
804 1480 908 1524 κατὰ
947 1483 1074 1536 ξιφῶν
1106 1477 1350 1534 χωρήσαντα
1371 1480 1505 1533 μέσων
1527 1496 1619 1520 και-
1666 1486 1668 1488 ’

157 1552 254 1607 ρίως
281 1553 478 1605 πληγῆναι
510 1551 577 1591 καὶ
602 1549 715 1604 παρὰ
739 1554 796 1606 τῷ
821 1549 983 1605 πολέμῳ
1004 1554 1136 1589 πεσεῖν
1158 1548 1226 1588 διὰ
1248 1547 1293 1589 τὸ
1315 1548 1419 1602 μηδὲ
1444 1545 1620 1600 δυνάμε-

101 1633 222 1668 Ξοσιν
260 1616 471 1673 ἄναλόγοις
504 1616 792 1674 &wulgar-9111
827 1617 928 1673 πρὸς
953 1616 998 1658 τὸ
1021 1617 1198 1670 κείμενον
1218 1615 1355 1672 ἔργον,
1391 1615 1417 1670 ἢ
1441 1620 1537 1671 γοῦν
1559 1615 1618 1670 μὴ

157 1685 421 1739 πειθόμενον,
454 1686 555 1740 μηδ’
583 1685 687 1728 οὕτω
709 1690 926 1736 ποιοῦντα,
960 1685 1063 1739 μηδὲ
1089 1690 1173 1738 τοῖς
1198 1683 1328 1741 τούτῳ
1350 1685 1620 1737 κελευομένοις

156 1753 369 1796 ὑπείκοντα
404 1756 568 1804 δικαίως
603 1756 729 1808 δῆθεν
765 1755 1009 1810 ἕγκληθῆναι
1045 1755 1112 1794 καὶ
1147 1751 1318 1806 νόμιμον
1351 1753 1424 1806 τὴν
1453 1751 1620 1794 κόλασιν

155 1820 358 1875 ὑποσχεῖν.
424 1822 502 1876 ἤδη
537 1823 610 1875 μὲν
640 1817 711 1863 οὖν
743 1823 780 1864 οἳ
810 1821 1102 1878 διαληφθέντες
1132 1818 1154 1862 ὅ
1184 1838 1225 1862 τε
1244 1821 1459 1877 Βρυέννιος
1492 1822 1558 1861 καὶ
1593 1818 1614 1861 ὃ
1639 1826 1674 1860 G

158 1889 416 1944 Βασιλάκης,
451 1889 595 1946 ἄνδρες
623 1894 704 1934 τῶν
738 1885 781 1932 εὖ
800 1888 1018 1946 γεγονότων
1039 1891 1106 1932 καὶ
1132 1887 1359 1942 ἐπισήμων,
1391 1888 1449 1942 μὴ
1472 1889 1619 1946 φέρον-

249 2031 285 2067 4.
308 2027 510 2075 πολλάκις]
534 2030 576 2065 Ρ.
599 2029 736 2066 delevit.
874 2031 931 2067 19.
953 2029 1007 2077 τῷ
1030 2026 1198 2075 πολέμῳ]
1221 2027 1298 2063 τῶν
1319 2028 1531 2074 πολεμίωνῖ
1565 2024 1570 2028 ’

159 2155 232 2191 eius
246 2155 350 2190 multa
365 2155 506 2190 minatus
521 2158 573 2188 est
585 2180 596 2197 ‚
644 2154 692 2188 sic
714 2153 771 2187 illo
794 2155 865 2187 tum
890 2153 1041 2199 periculo
1065 2153 1256 2188 defunctum
1273 2154 1423 2189 Alexium
1439 2154 1620 2198 dimittens,

159 2213 224 2238 nec
238 2207 350 2238 tamen
367 2202 463 2246 plane
479 2211 644 2235 securum.
691 2211 765 2232 cum
788 2200 874 2232 enim
902 2200 992 2234 servi
1016 2211 1082 2233 non
1105 2200 1305 2234 desisterent
1327 2201 1480 2245 quotidie
1494 2201 1621 2237 sollici-

159 2252 236 2283 tare
251 2259 444 2291 urgereque
460 2247 694 2288 Botanlatcm‚
726 2245 860 2279 tandem
885 2245 913 2278 is
942 2246 1056 2279 horum
1082 2246 1253 2279 calumniis
1277 2247 1536 2292 praestigiisque
1558 2247 1622 2280 de-

160 2298 330 2328 mentatus
357 2304 475 2326 eruere
502 2292 617 2326 oculos
641 2292 812 2324 Comneno
835 2290 955 2332 Alexio
982 2291 1165 2326 constituit.
1213 2303 1279 2326 non
1301 2294 1435 2337 putavit
1458 2298 1569 2326 tamen
1584 2292 1620 2326 id

159 2339 271 2385 palam
287 2338 550 2382 aggrediendum
561 2364 571 2380 ,
594 2337 763 2380 publicam
777 2336 935 2370 invidiam
947 2337 981 2370 in
996 2342 1066 2371 tam
1080 2337 1258 2371 manifesta
1272 2337 1354 2371 iuris
1371 2344 1405 2372 et
1421 2339 1520 2382 aequi
1538 2349 1621 2371 oon-

163 2385 350 2420 calcatione
363 2384 516 2426 veritus,
548 2382 747 2428 praesertim
777 2393 851 2416 cum
876 2383 942 2416 alia
969 2387 1167 2428 suppeteret
1191 2383 1279 2416 haud
1297 2385 1397 2428 paulo
1413 2383 1622 2428 plausibilior-

161 2430 333 2475 tutiorque
358 2430 443 2463 ratio
468 2429 628 2474 perdendi
652 2428 717 2461 viri
740 2428 838 2462 fortis
863 2440 924 2473 per
949 2428 1095 2473 speciem
1113 2429 1269 2471 honoris,
1301 2429 1528 2473 praeficiendo
1546 2440 1622 2462 eum

162 2474 258 2509 bellis
274 2475 472 2520 periculosis
489 2480 523 2508 et
537 2474 746 2514 difficilibus,
777 2485 840 2508 nec
867 2474 898 2507 ei
922 2475 1039 2519 copias
1059 2474 1197 2507 idoneas
1213 2474 1426 2507 conficiendis
1440 2474 1480 2507 iis
1496 2486 1621 2520 suppe-

163 2520 322 2555 ditando:
354 2533 396 2555 ex
412 2532 479 2566 quo
497 2521 639 2554 alterum
655 2524 729 2553 erat
744 2531 970 2564 consequens,
994 2524 1055 2554 aut
1069 2519 1319 2552 succubiturum
1336 2520 1513 2564 aliquando
1529 2519 1622 2565 peri·-

164 2566 238 2599 culo
261 2567 430 2611 letaleque
456 2566 577 2601 vulnus
606 2565 749 2610 quodam
776 2565 809 2600 in
827 2565 952 2610 proelio
970 2571 1183 2610 accepturum
1199 2565 1261 2598 sibi
1277 2577 1341 2598 non
1358 2572 1550 2610 parcentem
1566 2566 1621 2599 iu-

163 2621 302 2645 venemx
335 2620 395 2645 aut.
410 2612 439 2645 si
454 2612 708 2656 procurationes
723 2611 937 2645 demandatas
953 2610 1008 2643 vel
1022 2611 1194 2654 suscipere
1209 2618 1379 2644 recusaret
1393 2612 1448 2645 vel
1462 2618 1620 2656 acceptas

166 2657 303 2700 exsequi
317 2658 516 2701 negligeret,
532 2658 651 2691 merito
667 2662 702 2690 et
719 2657 803 2689 citra
818 2656 982 2701 publicam
999 2655 1256 2690 misericordiam
1268 2657 1362 2690 velut
1376 2656 1523 2701 legitimo
1538 2669 1620 2701 sup-

193 2700 266 2734 licio
282 2703 512 2738 subiiceretur.
558 2709 595 2736 et
618 2707 715 2736 erant
739 2702 943 2735 commodum
959 2701 1002 2734 ad
1019 2713 1150 2735 manum
1167 2702 1411 2746 expeditionum
1427 2704 1516 2736 haud
1532 2703 1618 2736 faci-

181 2747 245 2780 'um
261 2748 462 2785 occasiones.
510 2749 566 2793 qui
583 2748 669 2783 enim
685 2749 786 2781 rebus
800 2747 938 2781 studere
963 2747 1059 2781 novis
1078 2747 1141 2780 iam
1157 2748 1219 2781 sub
1236 2747 1405 2782 Michaele
1426 2754 1619 2794 coeperant,

166 2791 408 2835 Bryenniuset
420 2794 615 2836 Basilaces,
647 2794 775 2827 nobiles
799 2798 835 2827 et
854 2794 1000 2827 illustres
1016 2792 1102 2834 viri,
1132 2804 1199 2826 non
1222 2793 1370 2827 serentes
1395 2806 1489 2837 eum,
1520 2805 1619 2838 quem

168 2836 270 2883 paulo
288 2843 368 2872 aute
381 2839 572 2874 rebellionis
585 2840 620 2877 in
636 2851 840 2876 communem
857 2838 1022 2876 dominum
1037 2838 1229 2876 habuissent
1242 2839 1379 2885 socium,
1407 2844 1618 2885 praereptum
