1878 3262
287 221 388 271 254
734 254 736 257 v
770 219 998 265 IOANNIS
1032 220 1263 266 CINNAMI

286 338 446 386 πλείους
474 337 556 378 τῶν
586 333 643 386 ἕξ.
712 335 750 378 οἳ
771 335 814 377 δὲ
834 334 884 389 δὴ
907 333 1022 376 ἄλλοι
1048 331 1242 386 ἅπαντες,
1270 333 1326 386 ὥς
1342 335 1386 379 ἔκ
1401 339 1474 392 τῆς
1490 335 1573 394 ι’ὃίᾳ
1589 338 1647 394 τῷ
1659 339 1743 391 βα-

287 410 394 449 σιλεῖ
414 405 621 453 κοινωνίας
648 404 823 454 πολλοὺς
847 407 921 445 τοῦ
942 403 1034 446 κατ’
1059 403 1208 453 αὐτοὺς
1223 403 1491 461 ἄπορρέοντας
1512 403 1648 462 ἑώρων
1664 420 1743 458 χο-

286 477 362 530 ροῦ
371 505 384 524 ,
419 473 624 527 οἰηθέντες
654 476 713 529 τῷ
744 469 928 529 διαφόρῳ
949 476 1021 526 τῆς
1039 469 1214 526 νοήσεως
1232 473 1299 513 καὶ
1318 476 1375 529 τῷ
1391 476 1463 527 τῆς
1478 471 1657 528 γλώττης
1673 471 1750 514 eti-⁴

278 539 446 599 στρόφῳ
475 541 517 582 ἒν
542 546 630 590 ταῖς
656 536 899 592 ἰδιαζούσαις
917 540 1011 589 τοὺς
1030 539 1203 590 πολλοὺς
1228 540 1362 582 αὐτῶν
1382 542 1437 591 εἷς
1460 538 1602 583 ἑαυτὸν
1621 541 1741 598 ἐφέλ-

280 614 427 652 κεσθαι
456 609 704 661 συνουσίαις,
744 608 916 664 ἔστησαν
945 609 1045 664 παρ’
1079 606 1236 658 ἑαυτοῖς
1244 641 1257 659 ,
1291 608 1431 662 μηκέτι
1456 609 1608 663 μηδένα
1635 608 1773 654 κατὰ5

278 677 408 732 μόνας
435 679 502 719 καὶ
533 678 574 719 ἓν
604 676 853 734 παραβύστῳ
882 680 941 734 τῷ
966 680 1131 731 βασιλεῖ
1154 675 1408 727 ἐντεύξεσθαι
1428 676 1573 719 αὐτῶν.
1633 675 1741 719 “mliv

278 747 356 803 γὰρ
385 746 442 800 μὴ
469 750 561 797 νῦν,
598 745 692 787 ἄλλ’
723 746 802 799 ὀψὲ
830 747 896 787 καὶ
924 745 1028 799 μετὰ
1060 745 1280 799 ἀποβίωσιν
1319 744 1547 799 ἆναθέματι
1581 742 1741 795 πάντως

227 824 261 859 Ι)
283 812 644 869 ὗποβληθήσεται”
688 813 821 870 ἔλεγον
854 812 1098 863 συνελεύσεις
1134 813 1174 863 ἴς
1207 831 1247 856 τε
1287 811 1471 868 ἀλλήλων
1499 815 1565 855 καὶ
1593 813 1643 868 δὴ
1672 814 1742 855 καὶ

279 881 553 939 ὑπερεχόντων
575 886 693 924 τινιῦν
711 880 940 936 ποιούμενοι
957 883 1097 932 οἰκίας.
1138 875 1193 924 ὧν
1214 882 1329 924 οὐδὲν
1347 880 1403 923 ἔτι
1423 881 1596 924 συνιδών
1615 879 1637 923 ὃ
1657 885 1740 934 βα-

280 951 413 1001 σιλεὺς
441 948 653 1004 Εὗθύμιόν
680 968 774 993 ποτε
794 954 874 992 τῶν
897 951 1015 993 Νέων
1034 953 1216 1007 Πατρῶν
1241 950 1426 1007 ἀρχιερέα
1448 951 1531 1009 ι’ὁία
1553 950 1738 1001 καλέσας,
1751 958 1797 993 10

281 1017 574 1062 ἀνεπυνθάνετο
601 1023 681 1061 τῶν
710 1020 926 1076 εἰρημένων
958 1017 1168 1074 γυμνάζειν
1198 1036 1238 1061 τε
1264 1019 1339 1061 σὺν
1374 1018 1486 1075 αὐτῷ
1517 1018 1589 1073 τὴν
1617 1016 1741 1068 δόξαν

278 1088 437 1143 ἤθελεν.
507 1085 528 1129 ὅ
557 1087 599 1129 δὲ
624 1087 812 1141 μεμυκὼς
839 1087 890 1129 τὰ
904 1089 1017 1142 χείλη
1036 1091 1127 1143 σιγῇ
1140 1088 1297 1129 ἵστατο.
1364 1091 1438 1128 τοῦ
1467 1086 1666 1139 βασιλέως
1697 1086 1741 1128 δὲ

277 1157 353 1211 τὴν
373 1156 503 1198 αἰτίαν
521 1155 709 1213 ἐρομένου
729 1160 801 1210 τῆς
820 1159 994 1210 σιωπῆς,
1028 1155 1098 1198 τὸν
1115 1153 1246 1197 πάντα
1266 1153 1383 1210 λόγον
1401 1153 1619 1208 ὑπολαβών
1638 1155 1740 1197 ἕκεῖ-

279 1241 348 1275 νος
377 1222 531 1280 διεξῄει.
599 1221 790 1278 θυμήνας
817 1218 887 1265 οῦν
916 1224 979 1265 ἐπὶ
997 1221 1175 1274 τούτοις,
1200 1222 1398 1265 καίτοιοῦ
1418 1221 1613 1279 πρότερον
1633 1225 1740 1265 εἴθι-

280 1293 424 1346 σμένον
445 1292 556 1349 αὐτῷ
575 1295 693 1333 τοῦτο
724 1290 828 1346 (ὅ,τι
847 1291 924 1348 γὰρ
944 1290 993 1333 ἂν
1010 1289 1178 1348 πράττοι
1198 1291 1272 1334 σὺν
1292 1291 1509 1350 εὐσταθείᾳ
1528 1292 1595 1332 καὶ
1614 1291 1737 1347 ἅκρο-
1749 1296 1795 1334 15

138 1370 169 1404 Ρ
195 1369 259 1405 149
278 1362 422 1415 χολίας
451 1360 642 1417 ἔπραττεν
670 1359 777 1415 ἔξω)
790 1392 802 1410 ,
837 1360 1024 1415 ἠπείλησε
1053 1359 1158 1402 κατὰ
1182 1363 1362 1416 κρημνοῦ
1384 1363 1526 1401 τοῦτον
1549 1357 1738 1414 ὥθήσειν,

135 1439 169 1473 V
194 1440 262 1475 116
287 1430 329 1472 εἶ’
350 1447 392 1485 γε
423 1429 537 1471 αὐτοὶ
565 1428 638 1482 τὴν
663 1427 758 1484 ὑγιᾶ
785 1431 872 1485 περὶ
894 1432 996 1471 θεοῦ
1017 1428 1324 1485 διαστρέφοντες
1342 1426 1463 1477 δόξαν
1482 1427 1592 1484 αὐτῷ’
1610 1432 1740 1469 ταῦτα

275 1499 545 1540 ἐπικαλοῦσιν.
596 1495 724 1538 αἀλλ’
744 1497 845 1538 ‘lvd'
883 1496 960 1554 ἔφη
982 1495 1224 1550 μεταβαλών
1243 1494 1476 1552 “γνώσεσθε
1498 1500 1657 1552 πρῶτον
1677 1497 1739 1537 οῗ-

274 1564 377 1616 ·τινες
407 1565 516 1615 ὄντες
544 1566 611 1606 καὶ
642 1563 750 1614 ὅπως
783 1565 879 1606 ποτὲ
914 1567 1003 1621 περὶ
1032 1569 1135 1606 θεοῦ
1161 1569 1402 1621 φρονοῦντες
1433 1561 1660 1617 σκώμματά
1695 1581 1738 1606 τε

275 1635 532 1690 ἓπιρριπτεῒτε
553 1633 679 1686 κάμοί
706 1632 929 1688 (ἀνέχομαι
951 1634 994 1675 δὲ
1011 1630 1290 1689 ὖβριζόμενος,
1318 1630 1373 1682 ὥς
1389 1631 1447 1686 μὴ
1466 1629 1588 1681 δόξαν
1606 1631 1793 1688 ὄρθὴνὲο

275 1700 516 1759 αὖθεκάστῳ
537 1699 795 1755 ὃιαβάλλοιμι
816 1699 970 1758 πράξει.
1023 1701 1066 1742 αἶ
1087 1701 1164 1757 γὰρ
1186 1700 1286 1756 πρὸς
1305 1700 1355 1742 τὰ
1375 1703 1514 1757 φαῦλα
1534 1703 1614 1742 τῶν
1634 1700 1737 1755 ἄγα-

236 1794 244 1795 ff
273 1775 365 1813 θῶν
393 1770 519 1828 ἔργων
551 1768 781 1824 ὁμοιότητες
817 1770 949 1812 ἱκαναὶ
974 1771 1042 1812 καὶ
1072 1768 1146 1819 τὰς
1173 1766 1336 1824 γνώμας
1363 1769 1580 1820 ταυτίζειν,
1613 1768 1656 1819 ἐξ
1681 1761 1739 1811 ὧν

367 1889 401 1924 3.
426 1885 619 1934 διαφόρῳ]
642 1887 740 1923 Fort.
761 1884 935 1934 διατόρῳ.
1071 1887 1130 1923 21.
1152 1882 1395 1932 αὕθεκάστῳ]
1420 1884 1477 1921 Ita
1497 1885 1630 1922 Tollius
1652 1897 1736 1922 con-

365 1934 458 1970 iecit.
504 1934 592 1970 Cod.
614 1931 838 1980 ἅνθεκαίνῳ.

278 2037 383 2073 conis.
429 2037 537 2072 ceteri
554 2039 666 2071 autem
683 2046 816 2078 ornnes,
842 2038 880 2069 ut
894 2035 1073 2081 plerosque
1088 2037 1168 2080 post
1180 2034 1344 2069 familiare
1359 2045 1431 2069 cum
1445 2033 1647 2079 imperatore
1661 2033 1734 2069 col-

276 2084 425 2128 loquium
448 2095 467 2117 a
489 2083 556 2116 suis
581 2082 731 2128 partibus
754 2082 938 2116 abscedere
959 2081 1138 2125 viderunt,
1166 2081 1200 2115 in
1225 2081 1364 2114 secretis
1387 2080 1460 2114 istis
1485 2079 1733 2123 congressibus,

276 2129 401 2173 ingenii
430 2129 567 2162 solertia
594 2139 634 2162 ac
658 2128 792 2172 linguae
807 2127 969 2162 lenocinio
984 2127 1026 2160 ad
1042 2126 1128 2160 iuius
1144 2138 1218 2160 esse
1233 2131 1422 2172 pertractos
1436 2124 1633 2159 sententiam
1650 2125 1734 2160 rati:

277 2175 369 2220 apud
396 2186 434 2208 se
460 2178 610 2208 statuere
623 2198 633 2214 ‚
665 2178 704 2207 ut
726 2185 822 2208 nemo
845 2185 865 2207 e
886 2172 954 2206 suis
979 2172 1136 2216 deinceps
1157 2173 1248 2206 solus
1271 2178 1329 2207 aut
1350 2176 1481 2207 secreto
1496 2182 1569 2205 cum
1584 2170 1736 2216 principe

277 2221 540 2265 colloqueretur.
586 2218 730 2264 quippe,
766 2219 831 2253 etsi
858 2230 926 2252 non
947 2218 980 2252 in
1005 2218 1069 2251 hac
1085 2218 1158 2251 vita
1179 2217 1332 2263 quidem,
1361 2217 1493 2251 tandem
1519 2220 1630 2250 tamen
1655 2222 1735 2261 post

273 2271 415 2301 mortem
438 2264 644 2299 anathemati
665 2264 797 2298 omnino
821 2276 896 2298 esse
920 2263 1127 2298 subdendum
1147 2263 1293 2297 aiebant.
1339 2263 1380 2297 ad
1399 2263 1482 2296 haec
1495 2267 1607 2295 mutuo
1622 2261 1656 2295 in
1672 2274 1734 2296 ae·-

274 2311 374 2346 dibus
404 2311 472 2345 suis
502 2315 537 2345 et
565 2310 751 2355 principum
780 2310 910 2354 aliquot
936 2309 1084 2343 virorum
1115 2314 1300 2343 conventus
1325 2308 1560 2349 instituerunt,
1590 2318 1733 2352 quorum

274 2357 419 2392 omnium
443 2357 582 2401 ignarus
606 2355 806 2401 imperator,
835 2355 1051 2400 Euthymium
1073 2355 1242 2389 Novarum
1258 2355 1434 2389 Patrarum
1458 2353 1651 2398 episcopum
1674 2365 1734 2388 se-

277 2408 372 2437 creto
400 2402 444 2436 de
467 2404 529 2436 hac
551 2401 782 2435 controversia
805 2406 1045 2446 percontatur,
1076 2401 1229 2446 hancque
1255 2411 1328 2434 cum
1354 2399 1410 2433 illo
1433 2399 1562 2443 agitare
1584 2410 1621 2432 se
1643 2399 1734 2434 velle

276 2448 507 2493 quaestionem
524 2447 585 2482 ait.
629 2451 666 2480 at
681 2447 709 2480 is
724 2446 814 2480 labia
829 2447 1008 2480 occludens
1021 2446 1152 2480 silebat.
1200 2445 1396 2490 exquirente
1408 2450 1518 2478 autem
1530 2444 1733 2488 imperatore

275 2505 412 2528 causam
438 2493 580 2534 silentii,
609 2496 678 2527 tum
702 2492 909 2538 respondens
934 2492 992 2526 ille
1014 2503 1084 2525 rem
1108 2503 1236 2526 omnem
1256 2489 1424 2536 explicuit.
1473 2501 1515 2524 ex
1530 2490 1652 2535 quibus
1666 2501 1732 2524 non

308 2540 404 2573 odice
429 2545 610 2574 commotus
635 2538 790 2584 princeps
819 2538 939 2582 iraque
961 2548 1162 2580 succensus,
1195 2536 1285 2582 quod
1310 2536 1392 2570 alias
1415 2535 1533 2569 solitus
1556 2547 1624 2570 non
1645 2540 1732 2578 erat,

272 2590 396 2629 utpote
410 2585 467 2629 qui
483 2597 556 2618 cum
570 2584 670 2618 animi
687 2583 878 2618 constantia
893 2588 928 2617 et
942 2587 1080 2628 praeter
1093 2582 1292 2616 iracundiam
1303 2581 1473 2627 quaelibet
1485 2586 1620 2625 ageret,
1637 2592 1730 2615 com-

271 2630 416 2663 minatur
433 2641 507 2663 eum
523 2630 566 2664 de
580 2629 756 2664 excelsiori
772 2629 846 2664 loco
862 2629 1078 2675 praecipitem
1094 2640 1131 2662 se
1147 2628 1300 2662 daturum
1311 2652 1322 2669 ‚
1351 2626 1379 2660 si
1394 2627 1451 2671 qui
1466 2638 1580 2661 sanam
1605 2626 1648 2661 de
1665 2626 1730 2660 deo

272 2675 459 2709 doctrinam
482 2680 744 2720 perverterent,
775 2675 840 2709 sibi
863 2686 936 2709 eam
960 2674 1086 2708 crimini
1110 2674 1282 2707 ducerent.
1327 2673 1419 2706 “sed
1445 2677 1484 2706 ut
1505 2672 1699 2716 intelligatis
1709 2671 1732 2689 ’⁹

271 2721 381 2765 inquit
404 2726 531 2754 mutata
582 2720 697 2754 rimum
722 2733 808 2755 voce
839 2720 986 2765 “quales
1003 2730 1067 2753 vos
1083 2724 1118 2753 et
1133 2717 1295 2763 quomodo
1313 2717 1355 2751 de
1370 2717 1434 2751 deo
1450 2718 1634 2752 sentientes
1649 2728 1731 2763 pro-

273 2767 336 2801 bra
348 2766 425 2800 mihi
439 2766 591 2809 ingeritis
607 2767 697 2810 (ego
713 2771 825 2800 autem
839 2765 991 2799 iniuriam
1005 2764 1214 2804 transmitto,
1230 2775 1272 2797 ne
1287 2763 1446 2807 rigidiore
1461 2764 1610 2798 facinore
1625 2773 1731 2801 verae

272 2817 457 2857 rectaeque
472 2811 646 2845 doctrinae
659 2811 800 2846 officere
815 2811 952 2845 videm
984 2810 1147 2844 bonorum
1162 2808 1248 2843 enim
1264 2820 1401 2854 operum
1420 2821 1491 2844 cum
1508 2809 1622 2855 pravis
1637 2807 1729 2843 simi-

273 2857 381 2893 litudo
408 2857 451 2894 ad
478 2856 604 2893 numos
625 2856 745 2901 etiam,
773 2857 864 2892 unde
885 2860 1029 2902 utraque
1054 2854 1274 2902 proveniunt,
1306 2855 1379 2901 pari
1401 2855 1478 2891 labe
1499 2853 1729 2902 aspergendos
