1878 3262
325 686 327 689 ’
392 679 977 726 SERENISSIMAE
1028 680 1392 724 DOMINAE

161 787 821 861 CHRISTINAE
882 763 1628 860 ALEXANDRAE

623 928 1163 990 SUECORUM‚

258 1018 775 1068 GOTTHORUM
808 1020 907 1067 ET
944 1018 1532 1069 WANDALORUM

439 1131 1341 1188 REGINAE

567 1255 837 1305 PETRUS
881 1255 1214 1305 POSSINUS

391 1346 423 1380 E
482 1345 617 1381 soc.
678 1345 838 1381 lusu
897 1343 1391 1381 FELICITATEM.

153 1591 275 1664 Non
310 1624 422 1664 solus
457 1623 583 1665 venio
619 1638 700 1678 quo
734 1620 1031 1675 benignissime
1064 1621 1241 1664 invitare
1275 1620 1443 1674 dignata
1478 1625 1537 1672 es,
1571 1620 1626 1662 ad

153 1693 279 1732 istam
311 1692 357 1732 in
391 1692 495 1733 Tuis
530 1706 659 1748 nuper
692 1692 897 1733 Romanis
932 1691 1087 1748 exponi
1108 1699 1297 1748 coeptam
1317 1689 1488 1731 aedibus
1510 1691 1625 1730 locu-

152 1760 428 1816 pletissimam
462 1768 503 1801 et
536 1774 635 1801 vere
668 1761 826 1812 regiam
858 1760 1151 1801 bibliothecam
1185 1769 1312 1811 tuam,
1348 1759 1624 1801 Serenissima

154 1828 331 1880 Regina.
400 1827 585 1880 adiungit
614 1843 666 1869 en
695 1843 739 1869 se
766 1830 870 1869 ultro
892 1829 999 1868 mihi
1019 1829 1214 1868 comitem
1232 1829 1528 1868 transmarinus
1547 1825 1625 1866 ad-

154 1910 282 1946 vena,
316 1896 445 1937 homo
469 1897 676 1951 quantivis
694 1898 841 1952 pretii3
877 1910 900 1936 a
919 1904 1062 1936 natura
1082 1898 1294 1947 incertum,
1330 1910 1382 1935 an
1403 1909 1427 1934 a
1445 1898 1622 1947 fortuna,

155 1978 208 2004 an
236 1979 261 2004 a
287 1965 437 2006 virtute
463 1963 852 2005 commendabilior:
887 1979 1010 2019 quem
1043 1966 1115 2004 ubi
1146 1966 1433 2014 nominavero,
1469 1964 1621 2015 statim,

154 2034 265 2084 scio,
298 2032 553 2074 admissione
587 2032 758 2085 dignum
785 2034 1051 2089 hospitioque
1082 2031 1296 2074 iudicabis.
1364 2032 1621 2088 Nicephorus

153 2102 221 2142 hic
256 2110 319 2142 est
351 2101 605 2155 Bryennius,
642 2101 839 2154 dignitate
873 2100 1046 2153 Caesar,
1079 2102 1345 2143 matrimonio
1373 2101 1514 2141 Annae
1538 2099 1621 2141 Co—

154 2184 331 2210 mnenae
355 2172 529 2222 coniux,
563 2169 816 2222 gubernandi
851 2184 927 2210 usu
957 2177 998 2209 et
1033 2171 1234 2226 sapientia
1266 2171 1508 2227 praeclarus,
1545 2183 1621 2209 ex-

154 2240 304 2279 cellens
339 2239 507 2279 militari
533 2237 794 2288 fortitudine,
842 2239 996 2294 pietate
1034 2252 1082 2277 ac
1123 2239 1321 2292 religione
1354 2238 1619 2295 praecipuus;

153 2305 331 2362 denique
366 2308 432 2348 vir
460 2315 619 2358 tantus,
648 2295 707 2347 >ut
739 2307 846 2347 inter
879 2307 968 2347 eius
997 2307 1174 2348 illustres
1208 2307 1328 2348 dotes
1363 2315 1404 2347 et
1439 2299 1618 2346 celebra-

153 2376 338 2417 tissimas
371 2375 514 2416 laudes
549 2377 618 2416 illa
650 2389 782 2432 paene
817 2376 1004 2416 omnium
1038 2383 1248 2416 censeatur
1292 2376 1455 2425 infima,
1506 2372 1619 2428 quod

153 2443 405 2485 eruditorum
445 2453 487 2485 et
521 2443 767 2485 disertorum
797 2445 860 2485 sui
895 2445 1046 2484 saeculi
1079 2445 1267 2500 princeps
1303 2451 1366 2484 est
1400 2443 1616 2483 existima-

154 2518 232 2552 tus.
265 2513 360 2553 huic
391 2514 460 2554 tali
490 2527 537 2553 ac
562 2521 675 2553 tanto
705 2511 903 2554 veniendi
932 2511 986 2552 ad
1010 2500 1271 2552 maiestatem
1298 2511 1434 2551 Tuam
1464 2509 1616 2565 duplex

140 2593 276 2621 <causa
301 2588 376 2622 est.
442 2596 541 2622 nam
577 2589 617 2623 et
651 2581 714 2622 Te
749 2582 855 2621 claro
890 2582 1027 2621 famae
1061 2581 1280 2636 praeconio
1307 2581 1447 2636 procul
1471 2579 1613 2630 cogni-

153 2655 242 2687 tam
273 2649 408 2691 visere
441 2664 488 2690 ac
521 2651 710 2692 venerari
738 2663 875 2690 coram
900 2650 1044 2701 gestit,
1078 2650 1263 2701 reginam
1297 2649 1410 2701 regio
1446 2648 1612 2698 fastigio

155 2715 379 2768 maiorem3
410 2717 453 2758 in
484 2732 563 2774 qua
593 2719 817 2759 claritatem
843 2719 1043 2758 natalium
1069 2719 1194 2770 longe*
1218 2718 1457 2766 maximam,
1493 2723 1613 2769 atque

157 2782 264 2824 adeo
298 2794 530 2838 augustam,
566 2788 743 2839 ingenii,
780 2787 1026 2843 sapientiae,
1060 2785 1276 2826 facundiae
1299 2785 1416 2826 dotes
1436 2796 1613 2837 exsupe-

118 2886 122 2893 .
158 2859 271 2892 rant:
306 2860 348 2892 et
379 2853 524 2895 harum
551 2871 689 2905 rursus
714 2856 897 2913 ipsarum
923 2856 1233 2897 micantissimis
1261 2855 1354 2895 licet
1379 2852 1613 2899 luminibus,
