1878 3262
658 212 1049 258 HISTORIARUM
1081 216 1130 258 L.
1157 216 1235 260 IV.
1579 218 1674 265 179

220 323 538 382 προπετεστίρως
562 323 590 381 ἢ
616 325 735 383 ἐχρῆν
766 328 830 369 ἐπὶ
848 329 1107 373 Λευκουσίαν
1138 334 1212 374 τοῦ
1229 333 1374 388 Βρανᾶ
1402 332 1671 388 ποιησαμένου

219 393 290 447 τὴν
309 394 463 444 δίωξιν,
503 394 722 452 ξυνεπεξῄει
742 395 870 453 τούτῳ
889 398 954 438 καὶ
976 396 996 439 ὃ
1012 397 1218 454 Ἰωάννης,
1249 399 1346 442 ὅθεν
1365 400 1511 456 συνέβη
1531 401 1669 460 ἄμφο-

217 461 355 518 τε’ρους
374 459 524 504 ἁλῶναι
542 463 643 520 πρὸς
658 469 730 506 τοῦ
740 463 964 506 Ῥενάλδου.
1032 465 1184 509 τούτων
1199 469 1249 523 δὴ
1269 469 1381 511 ἕνεκα
1398 470 1590 523 βασιλεὺς
1607 471 1672 521 ἐπὶ

215 529 288 584 τὴν
312 530 489 572 Κιλίκων
518 530 670 589 ἐχώρει.
734 532 868 586 ἐπειδὴ
898 533 942 573 δὲ
971 533 1072 589 πρὸς
1099 539 1149 591 τῇ
1170 541 1298 596 μικρᾷ
1318 538 1478 596 Φρυγίᾳ
1503 539 1666 593 ἐγένετο,
1687 546 1720 581 D

183 597 398 654 5Πε’ρσαις
423 599 603 642 ἐνταῦθα
627 598 875 650 ὑπαντιάσας
897 598 1045 655 ἥττησε
1061 619 1101 644 τε
1118 605 1279 662 πολέμῳ
1300 605 1447 655 αὐτοὺς
1463 608 1530 647 καὶ
1548 605 1674 663 φόνον

213 666 340 708 πολὺν
367 667 550 724 εἴργαστο
558 700 572 720 ,
605 669 678 723 τὴν
703 669 996 725 παρακειμένην
1014 687 1055 712 τε
1075 672 1249 727 Περσῶν
1280 671 1442 728 δῃώσας
1454 673 1596 731 χώραν
1615 673 1671 725 ὥς

213 734 276 775 ε’πὶ
303 734 375 790 τὴν
401 737 578 778 Κιλίκων
604 736 788 794 ἐφέρετο,
826 736 1163 792 σχηματιζόμενος
1187 740 1250 781 ἐπὶ
1267 741 1434 797 Πέρσας
1456 744 1582 797 δῆθεν
1600 743 1670 786 τὸν

212 801 386 858 πόλεμον
406 803 534 859 ἄγειν·
571 803 700 863 τούτῳ
728 806 771 847 δὲ
795 810 854 863 τῷ
872 804 1008 863 τρόπῳ
1024 808 1151 862 μηδὲν
1167 806 1430 865 ὑφορώμενον
1449 810 1517 851 τὸν
1538 810 1670 869 Τερό-

211 873 281 926 ζην
299 875 542 926 καταλαβεῖν
564 872 676 931 ᾤετο.
745 872 852 923 ὅπως
868 891 910 929 γε
926 875 1007 928 μὴν
1026 874 1081 917 ἔτι
1099 879 1255 929 μᾶλλον
1273 875 1574 934 ἀπροσδόκητος
1593 879 1670 921 αὖ-

159 946 203 980 10
213 944 271 996 τῷ
295 941 590 997 παραγένηται,
624 941 728 984 κατὰ
753 940 848 983 τάδε
867 943 1001 984 ἐποίει.
1060 943 1221 1002 Ἀλεξίῳ
1242 946 1315 999 μὲν
1335 950 1394 1002 τῷ
1411 947 1608 1004 Κασιανῷ
1625 947 1669 997 ὃς

209 1008 283 1062 τὴν
299 1011 537 1051 Σελευκείων
555 1008 642 1052 τότε
663 1012 806 1052 διεῖπεν
827 1009 967 1067 ἀρχήν,
987 1010 1057 1053 τὸν
1078 1011 1310 1066 αὐτόχθονα
1329 1014 1502 1056 ἐκέλευεν
1520 1015 1668 1071 ἀθροί-

209 1093 324 1119 σαντι
351 1077 524 1134 στρατὸν
544 1079 584 1120 ἓν
602 1083 836 1135 παρασκευῇ
860 1078 982 1132 ἔχειν’
1020 1077 1042 1120 ὃ
1065 1081 1108 1122 δὲ
1126 1081 1171 1123 τὸ
1191 1080 1450 1138 εὖζωνότερον
1468 1082 1668 1133 ἀπολεξά-

206 1161 326 1198 μενος
359 1150 431 1200 τῆς
459 1151 650 1203 στρατιᾶς
680 1147 752 1202 τὴν
779 1148 842 1188 ἐπὶ
870 1149 1103 1198 Σελευκείας
1133 1150 1326 1205 ἠπείγετο.
1391 1154 1450 1208 τῷ
1478 1150 1520 1192 δ’
1553 1150 1664 1210 ἄλλῳ
1687 1156 1717 1191 Ρ
1745 1161 1810 1196 104

201 1211 410 1267 Ῥωμαίων
432 1213 700 1271 στρατεύματι
720 1214 900 1257 ἐνταῦθά
925 1233 1002 1258 που
1024 1217 1087 1258 ἐπὶ
1108 1222 1179 1272 τῆς
1191 1217 1382 1260 Ἀττάλου
1401 1219 1560 1272 με’νοντι
1580 1220 1667 1262 ἔπι-

150 1289 196 1325 15
207 1286 419 1335 μελεΐσθαι
437 1287 517 1325 τῶν
531 1285 666 1325 ἵππων
684 1284 869 1325 ἐκέλευεν.
937 1282 1074 1335 πάθος
1090 1284 1167 1343 γάρ
1189 1304 1226 1328 τι
1248 1293 1332 1336 τοῖς
1350 1286 1483 1330 αὐτῶν
1509 1288 1666 1343 πέλμα-

207 1367 272 1392 σιν
290 1349 531 1406 ἒπιγεγονός,
569 1351 593 1394 ὃ
617 1352 666 1405 δὴ
689 1357 747 1410 τῷ
768 1352 907 1410 ἱππείῳ
926 1352 1177 1408 ἐπισκήπτειν
1195 1354 1314 1397 εἶ’ωθε
1332 1355 1431 1411 γε’νει
1442 1389 1455 1407 ,
1492 1357 1668 1414 ἲσχυριῢς

207 1419 354 1469 αὖτοὺς
371 1421 528 1471 ἐπίεζεν.
597 1418 652 1470 ὥς
671 1422 714 1462 δὲ
734 1420 854 1470 αὐτὸς
871 1421 945 1474 μὲν
964 1422 1015 1463 τὰ
1033 1423 1095 1463 ἐπὶ
1115 1425 1348 1473 Σελευκείας
1364 1424 1509 1479 ἐξῆλθε
1532 1427 1664 1477 πεδιά,

204 1487 251 1529 τὸ
274 1488 316 1529 δὲ
339 1486 570 1544 στράτευμα
589 1489 635 1530 οὗ
652 1494 786 1545 παρῆν
799 1488 932 1545 ὥσπερ
952 1490 1100 1532 ἐκέλευε
1141 1492 1428 1548 (παρημέλητο
1449 1493 1526 1549 γὰρ
1545 1498 1664 1535 τοῦτο

206 1556 307 1611 πρὸς
336 1560 409 1598 τοῦ
436 1556 664 1610 Ἀλεξίου),
703 1557 773 1614 ἐφ’
805 1556 938 1613 ἕτερόν
966 1575 1004 1599 τι
1032 1556 1221 1615 ἐτράπετο
1233 1591 1248 1610 ,
1285 1560 1418 1601 σθένει
1450 1562 1568 1602 παντὶ
1595 1561 1666 1612 τὸν

151 1634 196 1669 20
209 1623 385 1681 Τερόζην
420 1623 735 1680 καταλήψεσθαι
766 1624 1114 1682 προθυμούμενος.
1175 1627 1349 1678 Ἀλέξων
1379 1628 1453 1682 μὲν
1483 1626 1664 1685 πρόσθεν

206 1692 382 1747 ἔπεμψεν
392 1725 404 1744 ,
426 1693 467 1734 εἷ’
477 1711 561 1743 πως
582 1692 758 1750 Τερόζην
775 1694 886 1752 αὐτῷ
904 1696 1185 1748 συμπλακέντα
1201 1697 1380 1738 ἐνταῦθα
1398 1697 1571 1751 ἐπισχεῖν
1589 1699 1665 1739 δυ-

205 1764 335 1819 νηθῇ,
357 1759 378 1804 ὃ
398 1762 441 1804 δὲ
459 1762 562 1805 κατὰ
579 1761 706 1806 νώτου
727 1760 856 1822 τούτῳ
875 1761 1014 1821 ἐχώρει
1034 1763 1080 1806 οὗ
1100 1765 1259 1816 πλείους
1277 1767 1544 1808 πεντακοσίων
1563 1766 1665 1807 ἐπα-

298 1906 330 1939 1.
352 1901 669 1948 προπετεστὲρως]
691 1903 743 1938 Ita
766 1905 851 1938 Duc.
899 1904 986 1940 Cod.
1007 1903 1307 1951 προπετέστερος.
1454 1906 1510 1941 11.
1532 1905 1664 1940 Σελευ-

297 1950 427 1995 κείων]
450 1947 686 1985 Σελευκέωνῖ
710 1949 953 1985 Σελευκείανῖ

204 2073 405 2109 habuerant.
451 2074 510 2109 sed
526 2086 603 2110 mox
620 2087 693 2110 cum
708 2076 840 2111 Branas
855 2086 988 2122 unaque
1001 2078 1036 2112 et
1049 2076 1192 2111 Ioannes
1206 2075 1444 2132 imprudentius
1455 2101 1466 2118 ,
1485 2086 1583 2121 quam
1599 2086 1661 2122 par

204 2125 300 2161 erat,
332 2121 375 2154 ad
391 2120 586 2155 Leucosiam
604 2133 709 2166 usque
724 2123 910 2157 Renaldum
926 2123 1110 2167 fugientem
1124 2129 1238 2157 essent
1250 2123 1415 2164 insecuti,
1451 2129 1594 2167 uterque
1617 2123 1660 2155 ab

203 2166 263 2200 illo
289 2166 379 2211 capti
402 2172 491 2200 sunt.
540 2172 642 2212 atquc
661 2168 695 2200 id
719 2168 924 2212 potissimum
946 2180 1068 2203 causae
1091 2169 1177 2211 fuit,
1212 2168 1320 2202 curin
1337 2168 1486 2203 Ciliciam
1501 2172 1662 2214 pergeret

203 2211 398 2257 imperator.
446 2212 503 2246 ubi
525 2213 582 2246 ille
610 2214 643 2247 in
668 2213 823 2247 minorem
845 2215 1028 2259 Phrygiam
1053 2213 1232 2259 pervenit,
1262 2214 1377 2248 Persis
1390 2213 1520 2248 obviam
1536 2214 1661 2256 factus,

204 2257 309 2301 signis
324 2257 454 2292 collatis
469 2259 594 2303 praelio
611 2270 669 2292 eos
684 2260 858 2304 superavit
874 2271 1094 2304 magnamque
1119 2260 1253 2293 caedem
1271 2259 1386 2296 edidit.
1432 2259 1662 2293 adiacentibus

204 2302 327 2337 deinde
338 2304 515 2338 Persarum
531 2304 622 2348 agris
635 2304 838 2347 devastatis,
866 2305 901 2339 in
917 2305 1067 2339 Ciliciam
1081 2305 1146 2339 iter
1159 2305 1326 2346 instituit,
1357 2305 1454 2350 quasi
1479 2304 1514 2338 in
1536 2304 1662 2338 Persas

203 2348 325 2382 bellum
346 2351 569 2384 translaturus
585 2355 693 2385 esset:
725 2362 791 2395 qua
814 2351 943 2384 ratione
965 2351 1217 2396 necopinantem
1234 2351 1403 2385 Torosum
1421 2361 1498 2384 sese
1518 2359 1662 2395 oppres-

203 2405 319 2428 surum
341 2395 509 2429 credebat.
557 2400 660 2440 atque
686 2396 771 2430 adeo
790 2401 827 2430 ut
842 2396 948 2440 magis
960 2397 1008 2430 illi
1023 2396 1223 2441 improvisus
1240 2396 1440 2437 accederet,
1460 2395 1543 2429 talia
1564 2394 1660 2428 insti-

203 2440 280 2474 tuit.
330 2441 445 2475 Alexio
471 2441 636 2483 casiano,
668 2442 725 2487 qui
749 2446 829 2475 tunc
853 2442 1030 2476 Seleuciae
1052 2443 1194 2487 regebat
1211 2442 1477 2487 praefecturam,
1510 2439 1662 2473 conflare

205 2496 251 2519 ex
274 2485 438 2530 indigenis
462 2487 644 2521 exercitum
664 2492 885 2532 paratumque
908 2488 1034 2522 habere
1054 2487 1251 2534 imperavit:
1282 2487 1357 2531 ipse
1370 2486 1502 2520 interim
1518 2485 1660 2530 expedi-

203 2530 344 2566 tioribus
361 2533 496 2567 militum
512 2533 652 2567 delectis
668 2533 856 2567 Seleuciam
871 2545 988 2568 versus
1001 2533 1068 2567 iter
1079 2533 1241 2575 intendit,
1274 2538 1472 2576 ceterasque
1486 2531 1660 2565 Romano-

205 2587 276 2610 rum
301 2579 415 2623 copias
440 2579 585 2612 Attaliae
612 2591 748 2613 manere
768 2579 886 2620 iussit,
916 2590 1143 2624 equorumque
1166 2589 1276 2612 curam
1294 2577 1342 2611 ibi
1361 2578 1496 2611 habere.
1541 2577 1659 2611 morbo

205 2621 329 2667 quippe
341 2650 351 2666 ‚
381 2624 436 2658 cui
461 2629 500 2658 ut
527 2625 702 2669 plurimum
726 2624 804 2669 equi
828 2624 961 2658 obnoxii
976 2629 1054 2658 sunt
1066 2650 1076 2667 ,
1108 2629 1144 2658 et
1157 2625 1214 2669 qui
1230 2623 1350 2668 pedum
1364 2622 1489 2668 plantis
1504 2622 1660 2657 accidere

205 2666 308 2709 solet,
333 2670 483 2712 graviter
507 2670 680 2705 dolebant.
727 2675 765 2703 ut
779 2681 862 2703 vero
877 2670 911 2703 in
927 2669 1141 2704 Seleucianos
1157 2669 1313 2714 pervenit
1328 2679 1461 2714 campos
1476 2673 1512 2702 et
1527 2667 1659 2701 exerci-

205 2715 295 2756 tum,
310 2714 407 2748 sicuti
419 2715 647 2760 imperaverat
657 2744 666 2760 ‚
685 2721 837 2760 paratum
853 2715 941 2749 haud
955 2715 1084 2749 invenit
1098 2715 1155 2760 (id
1170 2715 1255 2749 enim
1274 2715 1470 2758 neglexerat
1484 2713 1621 2747 Alexius
1631 2715 1661 2754 ),

207 2762 347 2792 mentem
376 2761 439 2794 alio
470 2763 658 2804 convertit,
683 2762 852 2795 Torosum
882 2772 956 2795 cum
985 2761 1136 2795 omnibus
1165 2761 1293 2795 viribus
1320 2760 1457 2805 cupiens
1482 2759 1659 2793 invadere.

208 2801 359 2837 Alexium
373 2804 476 2848 igitur
490 2807 663 2852 praemisit
714 2812 754 2841 ut
767 2808 937 2841 Torosum
952 2806 1181 2851 aggrediendo
1196 2807 1242 2840 ibi
1257 2806 1453 2840 distineret:
1483 2805 1557 2850 ipse
1575 2813 1657 2836 vero

206 2858 227 2882 a
241 2852 338 2892 tergo
354 2854 490 2885 secutus
505 2857 557 2887 est
567 2877 579 2898 ,
607 2833 701 2889 haut
712 2854 827 2899 plures
842 2852 1035 2898 quingentis
1048 2864 1161 2888 secum
1176 2853 1301 2887 ducens
1316 2856 1475 2887 armatos.
1522 2852 1660 2892 eaptus-
