1878 3262
346 198 406 241 IN
435 195 728 240 DESCRIPT.
765 191 1400 237 CONSTANTINOPOLEOS.
1505 192 1598 237 191

221 306 267 342 69
288 304 492 349 Anastasis]
528 303 694 338 Habuere
716 302 908 338 Novatiani
931 301 1098 336 haeretici
1125 303 1147 337 7
1174 301 1335 340 ecclesias
1361 304 1433 340 GP,
1459 314 1600 350 quarum

130 352 316 400 praecipua
339 351 407 386 fuit
426 351 461 384 in
485 361 526 384 ea
552 350 645 385 urbis
666 354 785 396 parte,
812 361 902 394 quae
924 349 1073 394 Pelargi
1094 348 1294 390 dicebatur,
1325 362 1425 396 quam
1449 350 1601 396 episcopi

130 397 498 443 Constantinopolitaui
525 396 620 431 iussu
643 396 777 431 Arriani
798 395 951 430 funditus
973 395 1159 428 diruerunt.
1203 394 1395 431 Novatiani
1419 408 1504 432 vero
1528 397 1601 431 eius

128 445 252 480 rudera
267 445 381 488 Sycas
396 443 666 485 transferentes,
695 442 794 477 aliam
813 441 863 475 ibi
886 444 1147 483 exstruxerunt,
1179 444 1215 473 et
1237 446 1370 477 mortuo
1388 442 1602 489 postmodum

129 491 351 534 Constantio,
382 501 402 523 a
417 489 547 524 Iuliano
568 489 764 524 facultatem
785 487 1011 532 impetrarunt
1034 485 1278 521 reaedificandi
1298 490 1474 524 ecclesiam
1489 489 1525 523 in
1540 499 1602 523 eo-

128 538 206 572 dem
223 537 322 580 loco,
354 535 412 570 ubi
425 538 587 577 steterat,
618 535 719 580 eique
733 533 933 568 Anastasiae
945 544 1067 567 nomen
1084 533 1325 578 imposuerunt.
1372 535 1422 570 ita
1438 536 1604 570 Socrates

128 583 153 618 l.
168 585 192 625 2
208 595 237 618 c.
253 583 318 625 30,
347 582 558 616 Sozomenus
580 581 603 616 l.
619 580 644 616 4
667 593 696 615 c.
721 581 765 615 19
790 583 827 613 et
844 579 1061 625 Nicephorus
1084 579 1107 613 l.
1125 580 1148 613 9
1173 591 1202 612 c.
1215 578 1262 614 42
1285 580 1307 615 l.
1326 582 1370 615 10
1386 593 1415 615 c.
1432 583 1465 619 5.
1514 581 1608 615 unde

127 629 218 664 idem
245 629 409 663 Socrates
433 628 458 662 l.
473 629 496 663 7
512 639 542 661 c.
557 627 603 662 39
618 631 654 661 et
669 626 796 661 Paulus
809 625 906 662 Diae.
922 626 946 660 l.
966 626 1010 660 14
1024 625 1116 659 Hist.
1132 624 1234 660 Misc.
1251 626 1427 661 ecclesiam
1443 627 1543 662 istam
1559 627 1606 662 ad

129 675 336 719 Pelargmn‚
373 673 651 708 Novatianorum
675 676 811 707 vocant.
855 671 922 706 alia
947 683 1032 705 vero
1059 671 1115 705 hic
1137 671 1288 706 innuitur
1311 674 1512 717 Anastasis,
1543 683 1606 707 seu

128 721 333 755 Anastasiae
346 720 480 754 nomine
502 719 631 753 donata
646 719 771 760 aedes,
799 717 860 752 illa
885 729 1007 763 nempe
1034 728 1124 762 quae
1150 729 1195 751 ex
1216 719 1360 762 parvulo
1388 719 1540 754 oratorio
1569 719 1607 752 in

130 778 286 812 magnum
308 770 428 812 postea
454 764 615 810 templum
637 766 682 799 ab
697 763 958 810 imperatoribus
974 762 1175 807 Byzantinis
1190 768 1307 799 erecta
1321 770 1386 801 est.
1434 766 1508 800 eius
1523 776 1607 800 con-

129 813 263 847 dendae
287 811 500 846 occasionem
526 815 669 845 narrant
683 812 847 845 Socrates
862 810 887 844 l.
901 809 924 844 5
941 821 971 844 c.
989 811 1030 854 7,
1058 809 1267 844 Sozomenus
1281 811 1304 844 l.
1320 813 1343 847 7
1358 823 1388 847 c.
1406 812 1430 847 5
1445 816 1483 846 et
1495 811 1608 846 Nice·-

128 860 259 904 phorus
272 858 296 892 l.
314 859 358 893 12
373 870 403 892 c.
420 860 453 894 7.
501 857 628 902 quippe
642 857 738 892 aiunt
751 855 926 902 occupatis
941 855 1012 890 GP.
1039 855 1190 888 ecclesiis
1213 857 1256 889 ab
1271 857 1426 892 Arrianis
1436 883 1448 899 ‚
1483 858 1608 903 quibus

129 911 212 939 tunc
226 908 388 950 praeerat
401 903 623 948 Demophilus
635 902 848 949 patriarcha,
879 901 1044 936 Arrianae
1057 901 1174 935 itidem
1187 901 1346 936 factionis
1355 929 1367 946 ,
1398 903 1607 948 Gregorium

129 951 385 986 Nazianzeuum
401 950 473 984 CP.
501 949 744 984 catholicorum
769 952 972 983 conventum
992 947 1026 981 in
1049 947 1150 981 domo
1166 947 1312 992 quadam
1327 949 1467 993 privata
1481 949 1608 994 egisse,

128 1008 231 1041 quam
250 1008 299 1031 ,ea
322 999 529 1042 tempestate
551 995 711 1029 catholici
732 994 767 1028 in
790 993 973 1028 oratorium
994 996 1188 1036 mutarunt,
1221 994 1276 1027 cui
1289 995 1514 1037 Anastasiae,
1544 1006 1607 1029 seu

131 1043 278 1077 Sanctae
292 1042 495 1077 Anastasiae
508 1053 630 1076 nomen
641 1041 791 1076 inditum.
821 1040 1041 1074 Marcellinus
1058 1040 1201 1074 Comes:
1232 1040 1427 1086 Gregorius
1447 1042 1609 1075 Nazian-

128 1100 234 1123 zenus
244 1089 520 1133 facundissimus
538 1087 672 1121 Christi
685 1087 861 1128 sacerdos,
894 1091 929 1120 et
948 1087 1155 1129 Hieronymi
1175 1087 1286 1119 nostri
1299 1092 1525 1132 praeceptor,
1548 1099 1607 1122 ec-

130 1136 238 1169 clesia
261 1139 384 1169 nostra
407 1133 504 1178 apud
526 1133 738 1178 Byzantium
764 1137 868 1177 capta
895 1132 939 1166 ab
955 1132 1139 1172 Arrianis,
1167 1131 1302 1175 plebem
1330 1134 1539 1167 catholicam
1564 1134 1605 1167 iu

129 1181 254 1215 beatae
272 1181 484 1215 Anastasiae
501 1181 654 1214 oratorio
673 1179 846 1214 catholica
863 1178 1071 1212 allocutione
1085 1178 1240 1221 quotidie
1259 1179 1440 1213 continuit.
1488 1179 1606 1213 eadem

128 1227 258 1261 habent
271 1226 502 1271 Theophanes
520 1237 553 1271 p.
581 1226 627 1260 56
656 1229 693 1259 et
720 1224 899 1259 Cedrenus
923 1236 956 1268 p.
972 1224 1040 1258 315
1067 1223 1211 1268 ipseque
1227 1224 1418 1269 Gregorius
1444 1228 1533 1260 orat.
1562 1224 1608 1259 de

128 1273 260 1307 somnio
286 1272 509 1314 Anastasiae,
541 1274 576 1305 et
592 1271 659 1305 alia
670 1270 790 1305 habita
802 1270 838 1304 in
853 1269 996 1304 concilio
1012 1269 1085 1303 cP.
1102 1270 1165 1304 sub
1180 1269 1293 1305 finem.
1341 1270 1483 1306 nominis
1498 1271 1608 1305 ratio-

129 1330 207 1353 nem
232 1317 330 1352 varie
354 1318 398 1352 ab
425 1317 622 1351 auctoribus
647 1315 739 1351 tradi
766 1316 947 1362 comperio.
994 1315 1206 1349 Sozomenus
1231 1321 1268 1350 et
1280 1316 1500 1362 Nicephorus
1523 1316 1609 1351 locis

130 1364 247 1399 citatis
259 1363 473 1398 Anastasiam
489 1363 612 1397 dictam
628 1362 806 1405 scribunt,
836 1362 929 1407 quod
952 1361 987 1395 in
1010 1373 1052 1395 ea
1075 1361 1321 1406 quodammodo
1337 1363 1501 1407 Gregorii
1524 1374 1611 1397 con-

130 1410 286 1445 cionibus
309 1410 479 1444 catholica
501 1409 608 1451 fides,
638 1408 859 1443 Atrianorum
879 1407 1025 1453 perfidia
1050 1406 1274 1442 intermortua
1297 1412 1333 1442 et
1349 1409 1520 1454 collapsa,
1550 1420 1609 1443 re-

131 1456 278 1498 vixerit,
308 1453 448 1491 ἐνθάδε
475 1451 614 1499 (ἐνέστη
640 1453 704 1489 καὶ
730 1451 871 1498 οἷνεβίω
891 1451 955 1487 διὰ
976 1453 1187 1498 Γρηγορίου
1207 1453 1337 1498 λόγων.
1384 1455 1484 1490 aliam
1510 1466 1612 1500 prae·-

131 1506 230 1537 terea
244 1505 403 1535 attexant
418 1500 658 1547 appellationis
671 1500 770 1534 istius
784 1510 918 1534 musam
932 1498 1033 1533 iidem
1049 1499 1251 1544 scriptores,
1277 1505 1487 1545 congregata
1510 1501 1610 1535 nimi-

130 1558 206 1583 rum
220 1548 265 1582 ad
280 1547 471 1582 concionem
485 1547 588 1593 plebe
599 1572 609 1588 ‚
643 1546 821 1591 gravidam
846 1545 1020 1579 mulierem
1044 1557 1064 1579 e
1078 1544 1213 1579 sublimi
1227 1546 1365 1590 porticu
1384 1547 1557 1591 delapsam
1571 1557 1613 1580 eo

130 1594 166 1628 in
180 1594 258 1628 loco
273 1593 467 1639 exspirasse
477 1619 488 1636 ‚
516 1603 664 1637 moxque
687 1592 771 1626 fusis
786 1592 829 1626 ab
845 1590 1058 1625 adstantibus
1073 1591 1118 1625 ad
1134 1590 1232 1625 deum
1246 1592 1407 1636 precibus
1422 1593 1614 1627 revixisse:

131 1636 184 1680 aig
204 1637 266 1674 ἐπὶ
283 1637 487 1685 παραδόξῳ
507 1650 546 1673 τε
558 1637 704 1673 θεόθεν
725 1635 928 1683 συμβάντι,
961 1633 1103 1681 ταύτην
1130 1633 1234 1682 ἔλαχε
1262 1635 1333 1682 τὴν
1360 1639 1614 1683 προσηγορίαν

131 1683 172 1728 ἐξ
188 1682 330 1720 ἐκείνου
346 1682 366 1720 ὁ
385 1682 515 1724 τόπος.
562 1683 625 1718 καὶ
650 1682 735 1728 περὶ
760 1680 828 1727 μὲν
852 1680 993 1717 τούτου
1021 1682 1195 1722 τοιοῦτος
1221 1682 1333 1718 εἰσέτι
1358 1685 1431 1719 νῦν
1457 1684 1615 1728 φέρεται

132 1729 267 1775 λόγοςς
290 1731 400 1765 verba
414 1736 494 1764 sunt
509 1729 702 1764 Sozomeni.
748 1734 928 1774 utramque
951 1728 1091 1762 nominis
1114 1729 1281 1763 rationem
1297 1730 1409 1774 attigit
1425 1731 1525 1764 etiam
1542 1731 1613 1764 Ce-

134 1777 279 1811 drenus:
310 1776 445 1815 δισσῶς
470 1773 614 1820 λέγεται
638 1772 663 1820 ἡ
694 1772 885 1818 ἐπωνυμία
915 1775 984 1808 τοῦ
1012 1774 1081 1818 τῆς
1109 1771 1219 1818 ἁγίας
1241 1772 1478 1816 Ἀναστασίας
1502 1776 1616 1811 ναοῦ.

134 1819 344 1861 Ἀνοῖστασις
360 1821 428 1866 μὲν
445 1819 510 1855 διὰ
528 1819 573 1856 τὸ
592 1821 662 1865 τῆς
677 1818 908 1865 ὄρθοδοξίας
925 1818 1036 1864 λόγον
1054 1818 1094 1853 ἐν
1109 1818 1229 1865 ταύτῃ
1249 1819 1458 1866 ἀναστῆναι
1469 1850 1480 1866 ,
1514 1820 1614 1856 Ἀνα-

135 1867 292 1903 ’στασίαν
306 1865 372 1910 δέ,
406 1865 471 1901 διὰ
497 1864 541 1901 τὸ
569 1864 716 1911 συμβὰν
741 1866 795 1905 εἰς
812 1863 933 1909 αὐτὴν
950 1863 1291 1910 θαυματούργημα,
1316 1872 1384 1901 etc.
1430 1879 1473 1902 ex
1490 1868 1614 1913 quibus

135 1917 236 1960 patet
261 1925 329 1947 non
343 1912 558 1947 Anastasiam
579 1912 756 1946 dumtaxat
778 1911 900 1945 dictam
915 1912 1004 1946 hauc
1019 1911 1138 1945 aedem
1150 1937 1161 1954 ‚
1191 1912 1253 1945 sed
1269 1918 1306 1946 et
1318 1914 1521 1948 Anastasa’m
1532 1939 1544 1957 ‚
1574 1918 1615 1948 ut

136 1959 328 2006 appellatur
343 1957 652 1993 aBondelmontio.
697 1958 880 2003 permansit
904 1969 946 1991 eo
970 1961 1062 1991 statu
1089 1958 1276 1992 oratorium
1290 1959 1519 2003 Anastasius,
1549 1971 1614 1994 ae-

137 2006 200 2040 des
215 2017 334 2051 nempe
348 2005 514 2050 parvula,
536 2004 579 2037 ad
594 2008 751 2049 tempora
766 2003 892 2038 Leonis
908 2002 1047 2047 Magni,
1071 2014 1139 2048 quo
1154 2003 1345 2049 imperante
1360 2006 1398 2039 S.
1414 2005 1611 2040 Marcianus

135 2052 322 2098 presbyter
344 2054 382 2085 et
403 2061 606 2085 oeconomus
629 2061 704 2085 eam
723 2049 759 2082 in
783 2049 1014 2093 augustiorem
1028 2050 1172 2083 formam
1187 2051 1332 2096 propriis
1347 2052 1535 2097 sumptibus
1550 2063 1611 2085 ex-

136 2098 269 2132 struxit.
315 2096 509 2131 cedrenus:
544 2096 694 2140 Μικροῦ
724 2093 766 2128 δὲ
796 2091 907 2135 ὄντος
935 2095 1004 2129 τοῦ
1034 2092 1252 2139 εὕκτηρίου,
1284 2093 1442 2141 ὕστερον
1462 2095 1523 2131 ἐπὶ
1539 2098 1612 2132 τοῦ

137 2139 248 2179 ὁσίου
273 2142 500 2186 Μαρκιανοῢ
529 2140 879 2187 α’νοικοδομηθῆναι
904 2138 1036 2181 καθώς
1054 2137 1201 2186 ὁρᾶται.
1246 2142 1441 2188 Synaxaria
1455 2143 1500 2177 ad
1516 2145 1537 2178 8
1552 2144 1611 2178 Ia-

137 2189 268 2231 nuntii,
290 2189 334 2223 de
350 2189 388 2222 S.
405 2188 604 2223 Marciano:
626 2185 795 2231 ἐδείματο
820 2185 861 2222 δὲ
887 2186 953 2221 καὶ
977 2185 1045 2222 τὸν
1071 2188 1140 2232 τῆς
1159 2184 1268 2243 ἁγίας
1285 2185 1521 2229 Ἀναστασίας
1542 2186 1610 2224 τόν

138 2232 179 2270 ἐν
202 2237 286 2275 τοῖς
311 2234 490 2279 δομνίνου
517 2231 711 2279 ἐμβόλοις,
744 2228 790 2267 ὃν
813 2232 877 2268 καὶ
903 2229 981 2268 ἀπὸ
1010 2234 1078 2268 τοῦ
1099 2235 1259 2278 μεγαλου
1278 2233 1452 2269 διέσωσεν
1470 2233 1610 2279 ἐμπρη-

138 2281 234 2325 σμοῦ
244 2306 254 2325 ,
279 2284 347 2316 etc.
392 2280 434 2314 iis
451 2280 624 2315 consentit
639 2279 788 2314 Codinus
803 2279 839 2314 in
855 2279 988 2324 Origin.
1003 2291 1039 2325 p.
1053 2279 1101 2314 46
1115 2280 1198 2314 edit.
1215 2291 1291 2324 reg.
1338 2286 1378 2314 ut
1392 2292 1476 2316 vero
1491 2282 1610 2316 aedem

137 2326 340 2363 Anastasiae
364 2327 409 2361 ab
434 2326 590 2361 incendio
604 2325 797 2360 servaverit
809 2326 849 2361 S.
865 2325 1061 2360 Marcianus
1071 2352 1082 2368 ‚
1106 2330 1248 2360 narrant
1261 2326 1466 2362 Theodorus
1482 2328 1611 2362 Lector

137 2373 216 2409 E'cl.
235 2375 254 2408 1
270 2385 304 2418 p.
324 2373 390 2407 182
404 2376 441 2406 et
455 2373 688 2418 Theophanes
703 2383 734 2417 p.
751 2371 808 2407 97.
855 2375 892 2405 at
907 2371 1070 2406 Socrates
1093 2371 1116 2406 l.
1133 2372 1154 2406 5
1181 2383 1210 2407 c.
1235 2373 1257 2407 7
1283 2384 1352 2406 non
1374 2384 1396 2407 a
1419 2373 1610 2417 Marciano,

139 2418 202 2453 sed
226 2419 270 2452 ab
294 2419 554 2464 imperatoribus
575 2418 658 2463 ipsis
678 2419 884 2452 exstructam
899 2419 1025 2451 refert:
1057 2410 1163 2464 ᾦτινι
1191 2413 1351 2462 ὕστερον
1383 2418 1421 2452 οἱ
1449 2418 1612 2464 βασιλεῖς

139 2462 309 2508 μέγιστον
335 2461 439 2499 οἶκον
467 2462 663 2509 εὐκτήριον
686 2462 998 2508 προσανάψαντες
1021 2460 1257 2497 Ἀναστασίαν
1290 2461 1503 2508 ω’νόμασαν.
1548 2465 1612 2500 sed

141 2514 180 2545 et
192 2510 398 2546 Sozomenus
412 2511 434 2544 l.
451 2513 474 2546 7
491 2523 522 2547 c.
539 2511 560 2546 5
575 2510 792 2556 amplitudine
808 2514 845 2544 et
859 2510 1028 2553 elegantia
1041 2535 1050 2550 ‚
1074 2521 1204 2545 necnon
1229 2512 1266 2543 et
1291 2510 1421 2544 crebris
1438 2510 1609 2545 miraculis

142 2556 367 2601 perinsignem
381 2556 486 2591 fuisse
500 2561 668 2591 testatur:
697 2553 789 2599 μετὰ
815 2553 855 2590 δὲ
884 2555 1006 2589 ταῦτα
1035 2553 1254 2599 περιφανεὶς
1278 2555 1354 2594 τοῖν
1378 2553 1418 2590 ἐν
1436 2557 1483 2602 τῇ
1503 2554 1612 2592 πόλει

142 2599 236 2641 νεώς
255 2601 424 2646 γέγονεν,
447 2604 511 2637 καί
527 2601 624 2637 ἐστιν
643 2600 687 2637 οὐ
705 2600 822 2645 μόνον
840 2599 1147 2646 οἰκοδομημάτων
1167 2599 1291 2635 κάλλει
1308 2612 1348 2636 τε
1365 2601 1429 2636 καὶ
1447 2601 1611 2647 μεγέθει,

144 2643 239 2680 ἀλλὰ
259 2647 321 2682 καὶ
340 2646 495 2693 ἐνεργῶν
516 2647 756 2692 θεοφανειῶν
779 2644 977 2691 ὀφελείαις.
1023 2647 1103 2691 quin
1123 2647 1224 2682 etiam
1239 2647 1342 2681 tradit
1356 2647 1499 2684 Photius
1517 2649 1612 2683 codi-

144 2703 186 2726 ce
199 2693 244 2727 59
258 2692 293 2727 in
303 2694 569 2739 Pseudosynodo
584 2695 618 2728 in
634 2693 794 2728 suburbio
809 2693 1035 2727 Chalcedonis
1061 2696 1181 2726 contra
1197 2693 1235 2727 S.
1253 2693 1412 2728 Ioannem
1428 2695 1609 2751 Chrysost.

145 2741 286 2781 coacta,
309 2740 476 2774 obiectum
499 2741 607 2774 fuisse
622 2740 727 2774 eidem
742 2739 880 2781 Ioanni,
913 2735 973 2774 ὅτι
997 2737 1045 2773 τὰ
1072 2736 1250 2783 μάρμαρα
1275 2740 1343 2783 τῆς
1373 2738 1482 2784 ἁγίας
1510 2742 1608 2773 Ανα-

145 2783 317 2829 στασίας,
352 2781 377 2819 ἃ
396 2782 417 2821 ὁ
438 2785 647 2833 Νεκτάριος
666 2785 718 2827 εἰς
736 2782 978 2831 μαρμάρωσιν
998 2785 1067 2829 τῆς
1086 2782 1276 2830 ἐκκλησίας
1294 2783 1519 2830 ἐναπέθετο,
1545 2778 1609 2820 οὗ·
