<?xml version="1.0" encoding="UTF-8"?>
<!DOCTYPE html PUBLIC "-//W3C//DTD XHTML 1.0 Transitional//EN"
    "http://www.w3.org/TR/xhtml1/DTD/xhtml1-transitional.dtd">
<html xmlns="http://www.w3.org/1999/xhtml" xml:lang="en" lang="en">
 <head>
  <title>
</title>
<meta http-equiv="Content-Type" content="text/html;charset=utf-8" />
  <meta name='ocr-system' content='tesseract 3.04.00' />
  <meta name='ocr-capabilities' content='ocr_page ocr_carea ocr_par ocr_line ocrx_word'/>
</head>
<body>
  <div class='ocr_page' id='page_1' title='image "./corpusscriptorum26niebuoft_0396.png"; bbox 0 0 1878 3262; ppageno 0'>
   <div class='ocr_carea' id='block_1_1' title="bbox 264 207 1269 258">
    <p class='ocr_par' dir='ltr' id='par_1_1' title="bbox 264 207 1269 258">
     <span class='ocr_line' id='line_1_1' title="bbox 264 207 1269 258; baseline -0.006 0"><span class='ocrx_word' id='word_1_1' title='bbox 264 210 362 258; x_wconf 85' lang='lat'><strong>364</strong></span> <span class='ocrx_word' id='word_1_2' title='bbox 706 209 910 252; x_wconf 84' lang='lat' dir='ltr'><strong>CAROLI</strong></span> <span class='ocrx_word' id='word_1_3' title='bbox 941 209 1023 252; x_wconf 90' lang='lat' dir='ltr'><strong>DU</strong></span> <span class='ocrx_word' id='word_1_4' title='bbox 1056 207 1269 253; x_wconf 88' lang='lat' dir='ltr'>FRESNE</span> 
     </span>
    </p>
   </div>
   <div class='ocr_carea' id='block_1_2' title="bbox 120 315 1726 2919">
    <p class='ocr_par' dir='ltr' id='par_1_2' title="bbox 261 315 1725 938">
     <span class='ocr_line' id='line_1_2' title="bbox 263 315 1724 371; baseline -0.002 -12"><span class='ocrx_word' id='word_1_5' title='bbox 263 317 501 358; x_wconf 85' lang='lat' dir='ltr'><strong>sententiam</strong></span> <span class='ocrx_word' id='word_1_6' title='bbox 529 316 695 368; x_wconf 81' lang='lat' dir='ltr'>eleganti</span> <span class='ocrx_word' id='word_1_7' title='bbox 725 322 766 355; x_wconf 91' lang='lat' dir='ltr'><strong>et</strong></span> <span class='ocrx_word' id='word_1_8' title='bbox 790 315 1020 369; x_wconf 83' lang='lat' dir='ltr'><strong>pererudito</strong></span> <span class='ocrx_word' id='word_1_9' title='bbox 1048 317 1237 368; x_wconf 81' lang='lat' dir='ltr'><strong>opusculo</strong></span> <span class='ocrx_word' id='word_1_10' title='bbox 1265 318 1551 371; x_wconf 75' lang='lat' dir='ltr'>propugnavit:</span> <span class='ocrx_word' id='word_1_11' title='bbox 1579 317 1622 356; x_wconf 87' lang='lat' dir='ltr'><strong>in</strong></span> <span class='ocrx_word' id='word_1_12' title='bbox 1642 330 1724 369; x_wconf 87' lang='lat' dir='ltr'><strong>quo</strong></span> 
     </span>
     <span class='ocr_line' id='line_1_3' title="bbox 262 373 1722 428; baseline 0.001 -15"><span class='ocrx_word' id='word_1_13' title='bbox 262 388 472 428; x_wconf 86' lang='lat' dir='ltr'>personam</span> <span class='ocrx_word' id='word_1_14' title='bbox 496 373 745 425; x_wconf 84' lang='lat' dir='ltr'><strong>imperatoris</strong></span> <span class='ocrx_word' id='word_1_15' title='bbox 768 373 936 412; x_wconf 87' lang='lat' dir='ltr'><strong>induens</strong></span> <span class='ocrx_word' id='word_1_16' title='bbox 965 373 1154 424; x_wconf 85' lang='lat' dir='ltr'><strong>variaque</strong></span> <span class='ocrx_word' id='word_1_17' title='bbox 1177 374 1227 412; x_wconf 88' lang='lat' dir='ltr'><strong>de</strong></span> <span class='ocrx_word' id='word_1_18' title='bbox 1256 387 1302 412; x_wconf 93' lang='lat' dir='ltr'><strong>eo</strong></span> <span class='ocrx_word' id='word_1_19' title='bbox 1329 381 1558 427; x_wconf 82' lang='lat' dir='ltr'><strong>argumento</strong></span> <span class='ocrx_word' id='word_1_20' title='bbox 1583 374 1722 426; x_wconf 80' lang='lat' dir='ltr'><strong>dispu-</strong></span> 
     </span>
     <span class='ocr_line' id='line_1_4' title="bbox 261 430 1722 483; baseline -0.001 -13"><span class='ocrx_word' id='word_1_21' title='bbox 261 439 352 470; x_wconf 86' lang='lat' dir='ltr'><strong>tans</strong></span> <span class='ocrx_word' id='word_1_22' title='bbox 382 443 517 469; x_wconf 86' lang='lat' dir='ltr'><strong>omnes</strong></span> <span class='ocrx_word' id='word_1_23' title='bbox 544 431 586 468; x_wconf 89' lang='lat' dir='ltr'><strong>in</strong></span> <span class='ocrx_word' id='word_1_24' title='bbox 611 431 839 470; x_wconf 81' lang='lat' dir='ltr'><strong>universum</strong></span> <span class='ocrx_word' id='word_1_25' title='bbox 860 430 1018 469; x_wconf 87' lang='lat' dir='ltr'><strong>divinae</strong></span> <span class='ocrx_word' id='word_1_26' title='bbox 1036 431 1255 482; x_wconf 84' lang='lat' dir='ltr'><strong>scripturae</strong></span> <span class='ocrx_word' id='word_1_27' title='bbox 1275 437 1315 469; x_wconf 88' lang='lat' dir='ltr'><strong>et</strong></span> <span class='ocrx_word' id='word_1_28' title='bbox 1333 437 1492 483; x_wconf 86' lang='lat' dir='ltr'><strong>patrum</strong></span> <span class='ocrx_word' id='word_1_29' title='bbox 1508 431 1722 470; x_wconf 87' lang='lat' dir='ltr'><strong>auctorita-</strong></span> 
     </span>
     <span class='ocr_line' id='line_1_5' title="bbox 261 487 1722 539; baseline 0 -14"><span class='ocrx_word' id='word_1_30' title='bbox 261 494 321 526; x_wconf 85' lang='lat' dir='ltr'><strong>tes</strong></span> <span class='ocrx_word' id='word_1_31' title='bbox 348 487 397 526; x_wconf 87' lang='lat' dir='ltr'><strong>de</strong></span> <span class='ocrx_word' id='word_1_32' title='bbox 427 487 677 539; x_wconf 85' lang='lat' dir='ltr'><strong>processione</strong></span> <span class='ocrx_word' id='word_1_33' title='bbox 700 487 862 539; x_wconf 89' lang='lat' dir='ltr'><strong>spiritus</strong></span> <span class='ocrx_word' id='word_1_34' title='bbox 892 502 921 526; x_wconf 87' lang='lat' dir='ltr'><strong>s.</strong></span> <span class='ocrx_word' id='word_1_35' title='bbox 951 493 1107 538; x_wconf 81' lang='lat' dir='ltr'><strong>agentes</strong></span> <span class='ocrx_word' id='word_1_36' title='bbox 1136 488 1178 526; x_wconf 91' lang='lat' dir='ltr'><strong>in</strong></span> <span class='ocrx_word' id='word_1_37' title='bbox 1203 501 1328 526; x_wconf 85' lang='lat' dir='ltr'><strong>unum</strong></span> <span class='ocrx_word' id='word_1_38' title='bbox 1360 488 1542 527; x_wconf 86' lang='lat' dir='ltr'><strong>collectas</strong></span> <span class='ocrx_word' id='word_1_39' title='bbox 1570 501 1722 526; x_wconf 86' lang='lat' dir='ltr'><strong>summa</strong></span> 
     </span>
     <span class='ocr_line' id='line_1_6' title="bbox 262 543 1722 597; baseline 0 -15"><span class='ocrx_word' id='word_1_40' title='bbox 262 545 384 583; x_wconf 89' lang='lat' dir='ltr'><strong>animi</strong></span> <span class='ocrx_word' id='word_1_41' title='bbox 403 544 678 594; x_wconf 86' lang='lat' dir='ltr'><strong>contentione,</strong></span> <span class='ocrx_word' id='word_1_42' title='bbox 709 543 855 583; x_wconf 87' lang='lat' dir='ltr'><strong>additis</strong></span> <span class='ocrx_word' id='word_1_43' title='bbox 872 544 951 582; x_wconf 87' lang='lat' dir='ltr'><strong>suis</strong></span> <span class='ocrx_word' id='word_1_44' title='bbox 975 544 1398 593; x_wconf 84' lang='lat' dir='ltr'><strong>animadversionibus,</strong></span> <span class='ocrx_word' id='word_1_45' title='bbox 1427 558 1524 596; x_wconf 85' lang='lat' dir='ltr'><strong>quas</strong></span> <span class='ocrx_word' id='word_1_46' title='bbox 1544 545 1627 597; x_wconf 86' lang='lat' dir='ltr'><strong>ipse</strong></span> <span class='ocrx_word' id='word_1_47' title='bbox 1646 558 1722 583; x_wconf 91' lang='lat' dir='ltr'><strong>vo-</strong></span> 
     </span>
     <span class='ocr_line' id='line_1_7' title="bbox 263 601 1724 666; baseline 0.001 -27"><span class='ocrx_word' id='word_1_48' title='bbox 263 607 328 639; x_wconf 90' lang='lat' dir='ltr'><strong>cat</strong></span> <span class='ocrx_word' id='word_1_49' title='bbox 359 601 611 665; x_wconf 73' lang='grc' dir='ltr'><strong><em>ἐπιστασίας,</em></strong></span> <span class='ocrx_word' id='word_1_50' title='bbox 651 601 833 653; x_wconf 90' lang='lat' dir='ltr'><strong>spiritum</strong></span> <span class='ocrx_word' id='word_1_51' title='bbox 862 613 913 639; x_wconf 83' lang='lat' dir='ltr'><strong>ex</strong></span> <span class='ocrx_word' id='word_1_52' title='bbox 944 602 1027 639; x_wconf 88' lang='lat' dir='ltr'><strong>solo</strong></span> <span class='ocrx_word' id='word_1_53' title='bbox 1055 607 1170 652; x_wconf 88' lang='lat' dir='ltr'><strong>patre</strong></span> <span class='ocrx_word' id='word_1_54' title='bbox 1197 601 1433 666; x_wconf 84' lang='lat' dir='ltr'><strong>procedere,</strong></span> <span class='ocrx_word' id='word_1_55' title='bbox 1475 601 1724 640; x_wconf 79' lang='lat' dir='ltr'><strong>constabilire</strong></span> 
     </span>
     <span class='ocr_line' id='line_1_8' title="bbox 261 657 1723 709; baseline -0.001 -13"><span class='ocrx_word' id='word_1_56' title='bbox 261 663 442 696; x_wconf 82' lang='lat' dir='ltr'><strong>conatur.</strong></span> <span class='ocrx_word' id='word_1_57' title='bbox 498 658 540 696; x_wconf 91' lang='lat' dir='ltr'><strong>in</strong></span> <span class='ocrx_word' id='word_1_58' title='bbox 559 657 669 696; x_wconf 84' lang='lat' dir='ltr'><strong>hunc</strong></span> <span class='ocrx_word' id='word_1_59' title='bbox 690 657 905 696; x_wconf 88' lang='lat' dir='ltr'><strong>Andronici</strong></span> <span class='ocrx_word' id='word_1_60' title='bbox 932 657 1080 696; x_wconf 89' lang='lat' dir='ltr'><strong>librum</strong></span> <span class='ocrx_word' id='word_1_61' title='bbox 1109 657 1231 696; x_wconf 86' lang='lat' dir='ltr'><strong>alium</strong></span> <span class='ocrx_word' id='word_1_62' title='bbox 1254 657 1414 709; x_wconf 87' lang='lat' dir='ltr'><strong>scripsit</strong></span> <span class='ocrx_word' id='word_1_63' title='bbox 1438 658 1602 696; x_wconf 78' lang='lat' dir='ltr'><strong>Ioannes</strong></span> <span class='ocrx_word' id='word_1_64' title='bbox 1622 658 1723 698; x_wconf 88' lang='lat' dir='ltr'><strong>Vec-</strong></span> 
     </span>
     <span class='ocr_line' id='line_1_9' title="bbox 263 710 1724 781; baseline 0.001 -28"><span class='ocrx_word' id='word_1_65' title='bbox 263 728 332 753; x_wconf 91' lang='lat' dir='ltr'><strong>cus</strong></span> <span class='ocrx_word' id='word_1_66' title='bbox 354 721 458 767; x_wconf 84' lang='lat' dir='ltr'><strong>patr.</strong></span> <span class='ocrx_word' id='word_1_67' title='bbox 479 715 549 766; x_wconf 88' lang='lat' dir='ltr'><strong>Cp.</strong></span> <span class='ocrx_word' id='word_1_68' title='bbox 572 715 643 753; x_wconf 88' lang='lat' dir='ltr'><strong>sub</strong></span> <span class='ocrx_word' id='word_1_69' title='bbox 665 714 854 752; x_wconf 71' lang='lat' dir='ltr'><strong>Michaele</strong></span> <span class='ocrx_word' id='word_1_70' title='bbox 873 715 1100 766; x_wconf 88' lang='lat' dir='ltr'><strong>Palaeologo</strong></span> <span class='ocrx_word' id='word_1_71' title='bbox 1116 743 1127 764; x_wconf 92' lang='lat'><strong>,</strong></span> <span class='ocrx_word' id='word_1_72' title='bbox 1169 727 1286 765; x_wconf 89' lang='lat' dir='ltr'><strong>quem</strong></span> <span class='ocrx_word' id='word_1_73' title='bbox 1305 714 1523 766; x_wconf 84' lang='lat' dir='ltr'><strong>inscripsit:</strong></span> <span class='ocrx_word' id='word_1_74' title='bbox 1563 710 1724 781; x_wconf 84' lang='grc' dir='ltr'><strong><em>Ἀντιρ-</em></strong></span> 
     </span>
     <span class='ocr_line' id='line_1_10' title="bbox 262 765 1725 825; baseline -0.001 -13"><span class='ocrx_word' id='word_1_75' title='bbox 262 769 404 824; x_wconf 80' lang='grc' dir='ltr'><strong><em>ρητικοὶ</em></strong></span> <span class='ocrx_word' id='word_1_76' title='bbox 424 787 505 812; x_wconf 88' lang='grc' dir='ltr'><strong><em>των</em></strong></span> <span class='ocrx_word' id='word_1_77' title='bbox 527 771 593 813; x_wconf 81' lang='grc' dir='ltr'><strong>ἐπὶ</strong></span> <span class='ocrx_word' id='word_1_78' title='bbox 610 775 696 819; x_wconf 85' lang='grc' dir='ltr'><strong><em>ταῖς</em></strong></span> <span class='ocrx_word' id='word_1_79' title='bbox 719 771 810 825; x_wconf 86' lang='grc' dir='ltr'><strong><em>περὶ</em></strong></span> <span class='ocrx_word' id='word_1_80' title='bbox 829 774 904 812; x_wconf 80' lang='grc' dir='ltr'><strong><em>τοῦ</em></strong></span> <span class='ocrx_word' id='word_1_81' title='bbox 925 770 1042 823; x_wconf 79' lang='grc' dir='ltr'><strong><em>οἳγίου</em></strong></span> <span class='ocrx_word' id='word_1_82' title='bbox 1065 769 1290 824; x_wconf 77' lang='grc' dir='ltr'><strong><em>πνεύματος</em></strong></span> <span class='ocrx_word' id='word_1_83' title='bbox 1306 775 1524 825; x_wconf 80' lang='grc' dir='ltr'><strong><em>γραφικαῖς</em></strong></span> <span class='ocrx_word' id='word_1_84' title='bbox 1538 765 1725 824; x_wconf 75' lang='grc' dir='ltr'><strong><em>χρήσεων</em></strong></span> 
     </span>
     <span class='ocr_line' id='line_1_11' title="bbox 262 824 1724 897; baseline -0.003 -28"><span class='ocrx_word' id='word_1_85' title='bbox 262 828 501 870; x_wconf 80' lang='grc' dir='ltr'><strong><em>ἐπιστασιῶν</em></strong></span> <span class='ocrx_word' id='word_1_86' title='bbox 520 824 785 879; x_wconf 79' lang='grc' dir='ltr'><strong><em>Ἀνδρονίκου</em></strong></span> <span class='ocrx_word' id='word_1_87' title='bbox 811 831 885 869; x_wconf 79' lang='grc' dir='ltr'><strong><em>τοῦ</em></strong></span> <span class='ocrx_word' id='word_1_88' title='bbox 907 831 1180 897; x_wconf 79' lang='grc' dir='ltr'><strong><em>Καματηροῦ,</em></strong></span> <span class='ocrx_word' id='word_1_89' title='bbox 1223 841 1273 866; x_wconf 83' lang='lat' dir='ltr'><strong>ex</strong></span> <span class='ocrx_word' id='word_1_90' title='bbox 1305 841 1383 879; x_wconf 90' lang='lat' dir='ltr'><strong>quo</strong></span> <span class='ocrx_word' id='word_1_91' title='bbox 1400 826 1619 866; x_wconf 84' lang='lat' dir='ltr'><strong>Andronici</strong></span> <span class='ocrx_word' id='word_1_92' title='bbox 1638 827 1724 866; x_wconf 89' lang='lat' dir='ltr'><strong>elo-</strong></span> 
     </span>
     <span class='ocr_line' id='line_1_12' title="bbox 262 881 1725 954; baseline 0 -30"><span class='ocrx_word' id='word_1_93' title='bbox 262 886 372 937; x_wconf 85' lang='lat' dir='ltr'><strong>gium</strong></span> <span class='ocrx_word' id='word_1_94' title='bbox 390 885 501 923; x_wconf 86' lang='lat' dir='ltr'><strong>lubet</strong></span> <span class='ocrx_word' id='word_1_95' title='bbox 522 885 767 925; x_wconf 87' lang='lat' dir='ltr'><strong>adscribere.</strong></span> <span class='ocrx_word' id='word_1_96' title='bbox 804 884 872 924; x_wconf 81' lang='grc' dir='ltr'><strong>καὶ</strong></span> <span class='ocrx_word' id='word_1_97' title='bbox 891 883 919 954; x_wconf 75' lang='grc' dir='ltr'><strong><em>ή</em></strong></span> <span class='ocrx_word' id='word_1_98' title='bbox 937 881 1033 932; x_wconf 81' lang='grc' dir='ltr'><strong>όδὸς</strong></span> <span class='ocrx_word' id='word_1_99' title='bbox 1052 883 1128 936; x_wconf 81' lang='grc' dir='ltr'><strong><em>τήν</em></strong></span> <span class='ocrx_word' id='word_1_100' title='bbox 1145 885 1287 937; x_wconf 76' lang='grc' dir='ltr'><strong><em>βίβλον</em></strong></span> <span class='ocrx_word' id='word_1_101' title='bbox 1304 900 1399 937; x_wconf 88' lang='grc' dir='ltr'><strong><em>μετα</em></strong></span> <span class='ocrx_word' id='word_1_102' title='bbox 1425 889 1557 938; x_wconf 83' lang='grc' dir='ltr'><strong><em>χεῖρας</em></strong></span> <span class='ocrx_word' id='word_1_103' title='bbox 1573 885 1725 937; x_wconf 81' lang='grc' dir='ltr'><strong><em>λαβεῖν,</em></strong></span> 
     </span>
    </p>

    <p class='ocr_par' dir='ltr' id='par_1_3' title="bbox 120 938 1726 2350">
     <span class='ocr_line' id='line_1_13' title="bbox 120 938 1726 1010; baseline 0.001 -30"><span class='ocrx_word' id='word_1_104' title='bbox 120 946 149 980; x_wconf 89' lang='grc' dir='ltr'>Ρ</span> <span class='ocrx_word' id='word_1_105' title='bbox 172 946 241 982; x_wconf 81' lang='lat'><strong>468</strong></span> <span class='ocrx_word' id='word_1_106' title='bbox 263 939 320 995; x_wconf 75' lang='grc' dir='ltr'><strong><em>ἡν</em></strong></span> <span class='ocrx_word' id='word_1_107' title='bbox 342 942 385 983; x_wconf 81' lang='grc' dir='ltr'><strong><em>ἐν</em></strong></span> <span class='ocrx_word' id='word_1_108' title='bbox 404 946 491 990; x_wconf 83' lang='grc' dir='ltr'><strong><em>ταῖς</em></strong></span> <span class='ocrx_word' id='word_1_109' title='bbox 514 938 824 1010; x_wconf 76' lang='grc' dir='ltr'><strong><em>αὐτοκρατορίας</em></strong></span> <span class='ocrx_word' id='word_1_110' title='bbox 839 940 1008 993; x_wconf 77' lang='grc' dir='ltr'><strong><em>ἡμέραις</em></strong></span> <span class='ocrx_word' id='word_1_111' title='bbox 1022 939 1226 994; x_wconf 66' lang='grc' dir='ltr'><strong><em>ΙὶῚανουήλ</em></strong></span> <span class='ocrx_word' id='word_1_112' title='bbox 1244 944 1316 982; x_wconf 87' lang='grc' dir='ltr'><strong><em>τοῦ</em></strong></span> <span class='ocrx_word' id='word_1_113' title='bbox 1340 938 1527 993; x_wconf 68' lang='grc' dir='ltr'><strong><em>ἀοιδίμου</em></strong></span> <span class='ocrx_word' id='word_1_114' title='bbox 1548 941 1591 982; x_wconf 81' lang='grc' dir='ltr'><strong><em>ἐν</em></strong></span> <span class='ocrx_word' id='word_1_115' title='bbox 1612 942 1726 994; x_wconf 86' lang='grc' dir='ltr'><strong><em>βασι-</em></strong></span> 
     </span>
     <span class='ocr_line' id='line_1_14' title="bbox 260 994 1725 1068; baseline -0.001 -29"><span class='ocrx_word' id='word_1_116' title='bbox 260 1001 372 1039; x_wconf 82' lang='grc' dir='ltr'><strong><em>λεῦσι</em></strong></span> <span class='ocrx_word' id='word_1_117' title='bbox 393 998 460 1038; x_wconf 82' lang='grc' dir='ltr'><strong>καὶ</strong></span> <span class='ocrx_word' id='word_1_118' title='bbox 485 994 819 1051; x_wconf 87' lang='grc' dir='ltr'><strong><em>αυτοκρατορσιν,</em></strong></span> <span class='ocrx_word' id='word_1_119' title='bbox 864 1012 919 1044; x_wconf 85' lang='grc' dir='ltr'><strong>ως</strong></span> <span class='ocrx_word' id='word_1_120' title='bbox 941 996 984 1038; x_wconf 79' lang='grc' dir='ltr'><strong>ἐκ</strong></span> <span class='ocrx_word' id='word_1_121' title='bbox 1002 996 1222 1065; x_wconf 71' lang='grc' dir='ltr'><strong><em>προσώπου</em></strong></span> <span class='ocrx_word' id='word_1_122' title='bbox 1245 998 1399 1040; x_wconf 81' lang='grc' dir='ltr'><strong><em>ἐκείνου</em></strong></span> <span class='ocrx_word' id='word_1_123' title='bbox 1414 994 1678 1068; x_wconf 83' lang='grc' dir='ltr'><strong><em>Α’νδρόνικος</em></strong></span> <span class='ocrx_word' id='word_1_124' title='bbox 1699 996 1725 1038; x_wconf 78' lang='grc' dir='ltr'><em>ὅ</em></span> 
     </span>
     <span class='ocr_line' id='line_1_15' title="bbox 259 1050 1724 1123; baseline -0.001 -28"><span class='ocrx_word' id='word_1_125' title='bbox 259 1070 357 1123; x_wconf 79' lang='grc' dir='ltr'><strong><em>τήν</em></strong></span> <span class='ocrx_word' id='word_1_126' title='bbox 362 1070 433 1095; x_wconf 87' lang='grc' dir='ltr'><strong><em>του</em></strong></span> <span class='ocrx_word' id='word_1_127' title='bbox 465 1055 729 1122; x_wconf 79' lang='grc' dir='ltr'><strong><em>δρουγγαρίου</em></strong></span> <span class='ocrx_word' id='word_1_128' title='bbox 752 1056 824 1106; x_wconf 78' lang='grc' dir='ltr'><strong>τῆς</strong></span> <span class='ocrx_word' id='word_1_129' title='bbox 846 1055 985 1106; x_wconf 79' lang='grc' dir='ltr'><strong><em>βίγλας</em></strong></span> <span class='ocrx_word' id='word_1_130' title='bbox 1001 1050 1271 1106; x_wconf 77' lang='grc' dir='ltr'><strong><em>ἄνεζωσμένος</em></strong></span> <span class='ocrx_word' id='word_1_131' title='bbox 1291 1051 1380 1096; x_wconf 85' lang='grc' dir='ltr'><strong><em>τότε</em></strong></span> <span class='ocrx_word' id='word_1_132' title='bbox 1399 1051 1547 1109; x_wconf 78' lang='grc' dir='ltr'><strong><em>οἷρχήν,</em></strong></span> <span class='ocrx_word' id='word_1_133' title='bbox 1577 1057 1724 1122; x_wconf 87' lang='grc' dir='ltr'><strong><em>Καμα-</em></strong></span> 
     </span>
     <span class='ocr_line' id='line_1_16' title="bbox 261 1106 1724 1165; baseline -0.001 -13"><span class='ocrx_word' id='word_1_134' title='bbox 261 1108 383 1165; x_wconf 84' lang='grc' dir='ltr'><strong><em>τηρὸς</em></strong></span> <span class='ocrx_word' id='word_1_135' title='bbox 413 1106 652 1162; x_wconf 83' lang='grc' dir='ltr'><strong><em>τουπίκλην,</em></strong></span> <span class='ocrx_word' id='word_1_136' title='bbox 695 1106 801 1163; x_wconf 72' lang='grc' dir='ltr'><strong><em>ἀνήρ</em></strong></span> <span class='ocrx_word' id='word_1_137' title='bbox 835 1125 911 1162; x_wconf 79' lang='grc' dir='ltr'><strong><em>τήν</em></strong></span> <span class='ocrx_word' id='word_1_138' title='bbox 948 1111 1098 1161; x_wconf 84' lang='grc' dir='ltr'><strong><em>σοφίαν</em></strong></span> <span class='ocrx_word' id='word_1_139' title='bbox 1130 1107 1208 1152; x_wconf 69' lang='grc' dir='ltr'><strong><em>ου’νε</em></strong></span> <span class='ocrx_word' id='word_1_140' title='bbox 1247 1107 1393 1164; x_wconf 80' lang='grc' dir='ltr'><strong><em>α’γενής</em></strong></span> <span class='ocrx_word' id='word_1_141' title='bbox 1430 1107 1724 1165; x_wconf 76' lang='grc' dir='ltr'><strong><em>συνεγράψατο.</em></strong></span> 
     </span>
     <span class='ocr_line' id='line_1_17' title="bbox 261 1166 1726 1219; baseline -0.001 -13"><span class='ocrx_word' id='word_1_142' title='bbox 261 1167 443 1206; x_wconf 88' lang='lat' dir='ltr'><strong>meminit</strong></span> <span class='ocrx_word' id='word_1_143' title='bbox 477 1167 594 1205; x_wconf 89' lang='lat' dir='ltr'><strong>etiam</strong></span> <span class='ocrx_word' id='word_1_144' title='bbox 628 1166 845 1205; x_wconf 88' lang='lat' dir='ltr'><strong>Andronici</strong></span> <span class='ocrx_word' id='word_1_145' title='bbox 873 1166 1061 1218; x_wconf 87' lang='lat' dir='ltr'><strong>Iosephus</strong></span> <span class='ocrx_word' id='word_1_146' title='bbox 1092 1167 1358 1206; x_wconf 85' lang='lat' dir='ltr'><strong>Methonensis</strong></span> <span class='ocrx_word' id='word_1_147' title='bbox 1387 1169 1429 1206; x_wconf 86' lang='lat' dir='ltr'><strong>in</strong></span> <span class='ocrx_word' id='word_1_148' title='bbox 1457 1168 1568 1219; x_wconf 88' lang='lat' dir='ltr'><strong>epist.</strong></span> <span class='ocrx_word' id='word_1_149' title='bbox 1599 1166 1726 1205; x_wconf 80' lang='lat' dir='ltr'><strong>Marci</strong></span> 
     </span>
     <span class='ocr_line' id='line_1_18' title="bbox 261 1223 1725 1276; baseline -0.002 -12"><span class='ocrx_word' id='word_1_150' title='bbox 261 1224 421 1276; x_wconf 88' lang='lat' dir='ltr'><strong>Ephesii</strong></span> <span class='ocrx_word' id='word_1_151' title='bbox 447 1236 522 1261; x_wconf 89' lang='lat' dir='ltr'><strong>nec</strong></span> <span class='ocrx_word' id='word_1_152' title='bbox 552 1223 730 1262; x_wconf 88' lang='lat' dir='ltr'><strong>diversus</strong></span> <span class='ocrx_word' id='word_1_153' title='bbox 757 1230 815 1261; x_wconf 84' lang='lat' dir='ltr'><strong>est</strong></span> <span class='ocrx_word' id='word_1_154' title='bbox 844 1223 892 1261; x_wconf 91' lang='lat' dir='ltr'><strong>ab</strong></span> <span class='ocrx_word' id='word_1_155' title='bbox 912 1224 1140 1262; x_wconf 88' lang='lat' dir='ltr'><strong>Andronico</strong></span> <span class='ocrx_word' id='word_1_156' title='bbox 1163 1225 1371 1263; x_wconf 87' lang='lat' dir='ltr'><strong>Camatore</strong></span> <span class='ocrx_word' id='word_1_157' title='bbox 1394 1224 1546 1263; x_wconf 86' lang='lat' dir='ltr'><strong>sebasto</strong></span> <span class='ocrx_word' id='word_1_158' title='bbox 1569 1230 1610 1262; x_wconf 86' lang='lat' dir='ltr'><strong>et</strong></span> <span class='ocrx_word' id='word_1_159' title='bbox 1634 1237 1725 1262; x_wconf 86' lang='lat' dir='ltr'><strong>ma-</strong></span> 
     </span>
     <span class='ocr_line' id='line_1_19' title="bbox 260 1280 1724 1333; baseline -0.001 -13"><span class='ocrx_word' id='word_1_160' title='bbox 260 1295 338 1331; x_wconf 88' lang='lat' dir='ltr'><strong>gno</strong></span> <span class='ocrx_word' id='word_1_161' title='bbox 361 1280 599 1332; x_wconf 81' lang='lat' dir='ltr'><strong>drungario,</strong></span> <span class='ocrx_word' id='word_1_162' title='bbox 637 1280 795 1319; x_wconf 87' lang='lat' dir='ltr'><strong>Ioannis</strong></span> <span class='ocrx_word' id='word_1_163' title='bbox 817 1281 948 1318; x_wconf 90' lang='lat' dir='ltr'><strong>Ducae</strong></span> <span class='ocrx_word' id='word_1_164' title='bbox 977 1294 999 1317; x_wconf 87' lang='lat' dir='ltr'><strong>a</strong></span> <span class='ocrx_word' id='word_1_165' title='bbox 1026 1281 1266 1333; x_wconf 87' lang='lat' dir='ltr'><strong>supplicibus</strong></span> <span class='ocrx_word' id='word_1_166' title='bbox 1293 1281 1452 1330; x_wconf 86' lang='lat' dir='ltr'><strong>libellis,</strong></span> <span class='ocrx_word' id='word_1_167' title='bbox 1491 1281 1557 1319; x_wconf 90' lang='lat' dir='ltr'><strong>cui</strong></span> <span class='ocrx_word' id='word_1_168' title='bbox 1573 1294 1663 1319; x_wconf 89' lang='lat' dir='ltr'><strong>suos</strong></span> <span class='ocrx_word' id='word_1_169' title='bbox 1680 1280 1724 1318; x_wconf 85' lang='lat' dir='ltr'><strong>in</strong></span> 
     </span>
     <span class='ocr_line' id='line_1_20' title="bbox 259 1334 1724 1392; baseline -0.001 -17"><span class='ocrx_word' id='word_1_170' title='bbox 259 1338 435 1390; x_wconf 84' lang='lat' dir='ltr'><strong>Dionysii</strong></span> <span class='ocrx_word' id='word_1_171' title='bbox 453 1334 690 1392; x_wconf 82' lang='grc' dir='ltr'><strong><em>περιήγησιν</em></strong></span> <span class='ocrx_word' id='word_1_172' title='bbox 708 1338 1010 1376; x_wconf 82' lang='lat' dir='ltr'><strong>commentarios</strong></span> <span class='ocrx_word' id='word_1_173' title='bbox 1030 1337 1179 1376; x_wconf 86' lang='lat' dir='ltr'><strong>dicavit</strong></span> <span class='ocrx_word' id='word_1_174' title='bbox 1187 1337 1416 1376; x_wconf 86' lang='lat' dir='ltr'><strong>Eustathius</strong></span> <span class='ocrx_word' id='word_1_175' title='bbox 1432 1337 1612 1389; x_wconf 85' lang='lat' dir='ltr'><strong>magister</strong></span> <span class='ocrx_word' id='word_1_176' title='bbox 1626 1336 1724 1375; x_wconf 86' lang='lat' dir='ltr'><strong>rhe-</strong></span> 
     </span>
     <span class='ocr_line' id='line_1_21' title="bbox 258 1394 1725 1447; baseline -0.002 -13"><span class='ocrx_word' id='word_1_177' title='bbox 258 1401 396 1434; x_wconf 84' lang='lat' dir='ltr'><strong>torum</strong></span> <span class='ocrx_word' id='word_1_178' title='bbox 436 1409 480 1432; x_wconf 90' lang='lat' dir='ltr'><strong>ac</strong></span> <span class='ocrx_word' id='word_1_179' title='bbox 506 1394 761 1447; x_wconf 88' lang='lat' dir='ltr'><strong>postmodum</strong></span> <span class='ocrx_word' id='word_1_180' title='bbox 790 1394 1143 1433; x_wconf 83' lang='lat' dir='ltr'><strong>Thessalonicensis</strong></span> <span class='ocrx_word' id='word_1_181' title='bbox 1169 1394 1505 1447; x_wconf 79' lang='lat' dir='ltr'><strong>archiepiscopus,</strong></span> <span class='ocrx_word' id='word_1_182' title='bbox 1544 1399 1725 1445; x_wconf 85' lang='lat' dir='ltr'><strong>parente.</strong></span> 
     </span>
     <span class='ocr_line' id='line_1_22' title="bbox 256 1451 1724 1499; baseline -0.001 -9"><span class='ocrx_word' id='word_1_183' title='bbox 256 1452 397 1491; x_wconf 84' lang='lat' dir='ltr'><strong>floruit</strong></span> <span class='ocrx_word' id='word_1_184' title='bbox 423 1452 527 1491; x_wconf 87' lang='lat' dir='ltr'><strong>enim</strong></span> <span class='ocrx_word' id='word_1_185' title='bbox 545 1451 775 1490; x_wconf 88' lang='lat' dir='ltr'><strong>Eustathius</strong></span> <span class='ocrx_word' id='word_1_186' title='bbox 800 1452 874 1490; x_wconf 90' lang='lat' dir='ltr'><strong>sub</strong></span> <span class='ocrx_word' id='word_1_187' title='bbox 894 1451 1075 1490; x_wconf 69' lang='lat' dir='ltr'><strong>Manuele</strong></span> <span class='ocrx_word' id='word_1_188' title='bbox 1100 1458 1141 1490; x_wconf 87' lang='lat' dir='ltr'><strong>et</strong></span> <span class='ocrx_word' id='word_1_189' title='bbox 1159 1452 1386 1490; x_wconf 86' lang='lat' dir='ltr'><strong>Andronico</strong></span> <span class='ocrx_word' id='word_1_190' title='bbox 1413 1451 1642 1499; x_wconf 86' lang='lat' dir='ltr'><strong>Comnenis,</strong></span> <span class='ocrx_word' id='word_1_191' title='bbox 1675 1455 1724 1489; x_wconf 78' lang='lat' dir='ltr'><strong>ut</strong></span> 
     </span>
     <span class='ocr_line' id='line_1_23' title="bbox 257 1507 1722 1551; baseline 0.001 -4"><span class='ocrx_word' id='word_1_192' title='bbox 257 1509 405 1548; x_wconf 85' lang='lat' dir='ltr'><strong>diserte</strong></span> <span class='ocrx_word' id='word_1_193' title='bbox 434 1508 585 1547; x_wconf 87' lang='lat' dir='ltr'><strong>habent</strong></span> <span class='ocrx_word' id='word_1_194' title='bbox 610 1509 765 1546; x_wconf 87' lang='lat' dir='ltr'><strong>Nicetas</strong></span> <span class='ocrx_word' id='word_1_195' title='bbox 792 1509 837 1546; x_wconf 92' lang='lat' dir='ltr'><strong>in</strong></span> <span class='ocrx_word' id='word_1_196' title='bbox 858 1509 962 1549; x_wconf 86' lang='lat' dir='ltr'><strong>Man.</strong></span> <span class='ocrx_word' id='word_1_197' title='bbox 983 1508 1007 1545; x_wconf 90' lang='lat' dir='ltr'><strong>l.</strong></span> <span class='ocrx_word' id='word_1_198' title='bbox 1029 1511 1055 1549; x_wconf 90' lang='lat'>7</span> <span class='ocrx_word' id='word_1_199' title='bbox 1073 1522 1113 1547; x_wconf 87' lang='lat' dir='ltr'><strong>n.</strong></span> <span class='ocrx_word' id='word_1_200' title='bbox 1133 1512 1158 1550; x_wconf 90' lang='lat'>6</span> <span class='ocrx_word' id='word_1_201' title='bbox 1188 1514 1229 1546; x_wconf 93' lang='lat' dir='ltr'><strong>et</strong></span> <span class='ocrx_word' id='word_1_202' title='bbox 1255 1508 1298 1546; x_wconf 90' lang='lat' dir='ltr'><strong>in</strong></span> <span class='ocrx_word' id='word_1_203' title='bbox 1317 1508 1498 1546; x_wconf 88' lang='lat' dir='ltr'><strong>Andron.</strong></span> <span class='ocrx_word' id='word_1_204' title='bbox 1526 1507 1552 1545; x_wconf 92' lang='lat' dir='ltr'><strong>l.</strong></span> <span class='ocrx_word' id='word_1_205' title='bbox 1577 1512 1597 1551; x_wconf 84' lang='lat'><strong>1</strong></span> <span class='ocrx_word' id='word_1_206' title='bbox 1627 1521 1670 1546; x_wconf 89' lang='lat' dir='ltr'><strong>n.</strong></span> <span class='ocrx_word' id='word_1_207' title='bbox 1695 1508 1722 1548; x_wconf 88' lang='grc'><strong>9</strong></span> 
     </span>
     <span class='ocr_line' id='line_1_24' title="bbox 255 1563 1723 1616; baseline -0.001 -13"><span class='ocrx_word' id='word_1_208' title='bbox 255 1571 297 1603; x_wconf 89' lang='lat' dir='ltr'><strong>et</strong></span> <span class='ocrx_word' id='word_1_209' title='bbox 315 1565 537 1603; x_wconf 88' lang='lat' dir='ltr'><strong>Demetrius</strong></span> <span class='ocrx_word' id='word_1_210' title='bbox 554 1564 819 1602; x_wconf 87' lang='lat' dir='ltr'><strong>Chomatenus</strong></span> <span class='ocrx_word' id='word_1_211' title='bbox 844 1565 887 1602; x_wconf 90' lang='lat' dir='ltr'><strong>in</strong></span> <span class='ocrx_word' id='word_1_212' title='bbox 905 1565 1236 1616; x_wconf 87' lang='lat' dir='ltr'><strong>Responsionibus</strong></span> <span class='ocrx_word' id='word_1_213' title='bbox 1258 1565 1309 1603; x_wconf 89' lang='lat' dir='ltr'><strong>ad</strong></span> <span class='ocrx_word' id='word_1_214' title='bbox 1331 1564 1559 1603; x_wconf 88' lang='lat' dir='ltr'><strong>Cabasilam.</strong></span> <span class='ocrx_word' id='word_1_215' title='bbox 1616 1563 1723 1602; x_wconf 79' lang='lat' dir='ltr'><strong>iuius</strong></span> 
     </span>
     <span class='ocr_line' id='line_1_25' title="bbox 255 1619 1723 1673; baseline -0.002 -13"><span class='ocrx_word' id='word_1_216' title='bbox 255 1635 354 1662; x_wconf 85' lang='lat' dir='ltr'><strong>vero</strong></span> <span class='ocrx_word' id='word_1_217' title='bbox 375 1635 494 1672; x_wconf 89' lang='lat' dir='ltr'><strong>quam</strong></span> <span class='ocrx_word' id='word_1_218' title='bbox 523 1621 660 1660; x_wconf 85' lang='lat' dir='ltr'><strong>[oanni</strong></span> <span class='ocrx_word' id='word_1_219' title='bbox 679 1621 879 1672; x_wconf 87' lang='lat' dir='ltr'><strong>inscripsit</strong></span> <span class='ocrx_word' id='word_1_220' title='bbox 897 1620 1127 1659; x_wconf 84' lang='lat' dir='ltr'><strong>Eustathius</strong></span> <span class='ocrx_word' id='word_1_221' title='bbox 1148 1622 1334 1673; x_wconf 86' lang='lat' dir='ltr'><strong>epistolae</strong></span> <span class='ocrx_word' id='word_1_222' title='bbox 1351 1622 1491 1659; x_wconf 85' lang='lat' dir='ltr'><strong>titulus</strong></span> <span class='ocrx_word' id='word_1_223' title='bbox 1510 1620 1565 1658; x_wconf 88' lang='lat' dir='ltr'><strong>sic</strong></span> <span class='ocrx_word' id='word_1_224' title='bbox 1585 1619 1723 1658; x_wconf 87' lang='lat' dir='ltr'><strong>conci-</strong></span> 
     </span>
     <span class='ocr_line' id='line_1_26' title="bbox 255 1674 1724 1744; baseline 0 -28"><span class='ocrx_word' id='word_1_225' title='bbox 255 1678 389 1731; x_wconf 88' lang='lat' dir='ltr'><strong>pitur.</strong></span> <span class='ocrx_word' id='word_1_226' title='bbox 431 1675 533 1732; x_wconf 80' lang='grc' dir='ltr'><strong><em>πρὸς</em></strong></span> <span class='ocrx_word' id='word_1_227' title='bbox 561 1693 632 1719; x_wconf 88' lang='grc' dir='ltr'><strong>τον</strong></span> <span class='ocrx_word' id='word_1_228' title='bbox 654 1677 936 1744; x_wconf 82' lang='grc' dir='ltr'><strong><em>πανσὲβαστον</em></strong></span> <span class='ocrx_word' id='word_1_229' title='bbox 951 1680 1092 1719; x_wconf 85' lang='grc' dir='ltr'><strong>Δοῦκα</strong></span> <span class='ocrx_word' id='word_1_230' title='bbox 1117 1675 1264 1732; x_wconf 81' lang='grc' dir='ltr'><strong><em>κύριον</em></strong></span> <span class='ocrx_word' id='word_1_231' title='bbox 1285 1674 1494 1730; x_wconf 80' lang='grc' dir='ltr'><strong><em>Ἰωάννην,</em></strong></span> <span class='ocrx_word' id='word_1_232' title='bbox 1537 1674 1608 1718; x_wconf 78' lang='grc' dir='ltr'><strong><em>τὸν</em></strong></span> <span class='ocrx_word' id='word_1_233' title='bbox 1627 1691 1724 1729; x_wconf 77' lang='grc' dir='ltr'><strong><em>μετα</em></strong></span> 
     </span>
     <span class='ocr_line' id='line_1_27' title="bbox 256 1730 1726 1800; baseline -0.001 -25"><span class='ocrx_word' id='word_1_234' title='bbox 256 1739 382 1776; x_wconf 81' lang='grc' dir='ltr'><strong><em>ταῦτα</em></strong></span> <span class='ocrx_word' id='word_1_235' title='bbox 403 1735 468 1777; x_wconf 81' lang='grc' dir='ltr'><strong>ἐπὶ</strong></span> <span class='ocrx_word' id='word_1_236' title='bbox 490 1736 571 1775; x_wconf 74' lang='grc' dir='ltr'><strong><em>τῶν</em></strong></span> <span class='ocrx_word' id='word_1_237' title='bbox 593 1730 790 1786; x_wconf 84' lang='grc' dir='ltr'><strong><em>δεήσεων,</em></strong></span> <span class='ocrx_word' id='word_1_238' title='bbox 830 1732 897 1776; x_wconf 81' lang='grc' dir='ltr'><strong><em>τὸν</em></strong></span> <span class='ocrx_word' id='word_1_239' title='bbox 924 1731 1015 1775; x_wconf 84' lang='grc' dir='ltr'><strong><em>υἱὸν</em></strong></span> <span class='ocrx_word' id='word_1_240' title='bbox 1043 1738 1117 1775; x_wconf 82' lang='grc' dir='ltr'><strong><em>τοῦ</em></strong></span> <span class='ocrx_word' id='word_1_241' title='bbox 1143 1731 1424 1787; x_wconf 85' lang='grc' dir='ltr'><strong><em>πανσεβαστου</em></strong></span> <span class='ocrx_word' id='word_1_242' title='bbox 1451 1749 1520 1775; x_wconf 81' lang='grc' dir='ltr'><strong><em>και</em></strong></span> <span class='ocrx_word' id='word_1_243' title='bbox 1549 1730 1726 1800; x_wconf 71' lang='grc' dir='ltr'><strong><em>μεγάλου</em></strong></span> 
     </span>
     <span class='ocr_line' id='line_1_28' title="bbox 257 1784 1724 1847; baseline -0.002 -14"><span class='ocrx_word' id='word_1_244' title='bbox 257 1792 525 1847; x_wconf 80' lang='grc' dir='ltr'><strong><em>δρουγγαρίου</em></strong></span> <span class='ocrx_word' id='word_1_245' title='bbox 544 1793 687 1844; x_wconf 84' lang='grc' dir='ltr'><strong><em>κυρίου</em></strong></span> <span class='ocrx_word' id='word_1_246' title='bbox 708 1787 972 1843; x_wconf 86' lang='grc' dir='ltr'><strong><em>Ἀνδρονίκου</em></strong></span> <span class='ocrx_word' id='word_1_247' title='bbox 992 1794 1067 1831; x_wconf 84' lang='grc' dir='ltr'><strong><em>τοῦ</em></strong></span> <span class='ocrx_word' id='word_1_248' title='bbox 1086 1790 1326 1844; x_wconf 82' lang='grc' dir='ltr'><strong><em>Καμοῖτορος</em></strong></span> <span class='ocrx_word' id='word_1_249' title='bbox 1381 1791 1450 1829; x_wconf 91' lang='lat' dir='ltr'><strong>ubi</strong></span> <span class='ocrx_word' id='word_1_250' title='bbox 1481 1803 1554 1841; x_wconf 88' lang='lat' dir='ltr'><strong>pro</strong></span> <span class='ocrx_word' id='word_1_251' title='bbox 1576 1784 1724 1841; x_wconf 75' lang='grc' dir='ltr'><strong><em>Καμά-</em></strong></span> 
     </span>
     <span class='ocr_line' id='line_1_29' title="bbox 255 1846 1726 1903; baseline -0.004 -13"><span class='ocrx_word' id='word_1_252' title='bbox 255 1863 373 1903; x_wconf 82' lang='grc' dir='ltr'><strong><em>τορος</em></strong></span> <span class='ocrx_word' id='word_1_253' title='bbox 410 1847 701 1887; x_wconf 86' lang='lat' dir='ltr'><strong>restituendum</strong></span> <span class='ocrx_word' id='word_1_254' title='bbox 734 1861 871 1886; x_wconf 89' lang='lat' dir='ltr'><strong>censeo</strong></span> <span class='ocrx_word' id='word_1_255' title='bbox 913 1851 1171 1902; x_wconf 79' lang='grc' dir='ltr'><strong>Καματηροῦ.</strong></span> <span class='ocrx_word' id='word_1_256' title='bbox 1227 1862 1320 1886; x_wconf 85' lang='lat' dir='ltr'><strong>nam</strong></span> <span class='ocrx_word' id='word_1_257' title='bbox 1340 1848 1436 1899; x_wconf 88' lang='lat' dir='ltr'><strong>quin</strong></span> <span class='ocrx_word' id='word_1_258' title='bbox 1458 1847 1523 1885; x_wconf 83' lang='lat' dir='ltr'><strong>1lle</strong></span> <span class='ocrx_word' id='word_1_259' title='bbox 1541 1846 1726 1898; x_wconf 75' lang='lat' dir='ltr'><strong>idemque</strong></span> 
     </span>
     <span class='ocr_line' id='line_1_30' title="bbox 258 1904 1724 1956; baseline -0.002 -12"><span class='ocrx_word' id='word_1_260' title='bbox 258 1906 310 1944; x_wconf 88' lang='lat' dir='ltr'><strong>sit</strong></span> <span class='ocrx_word' id='word_1_261' title='bbox 340 1905 611 1955; x_wconf 78' lang='lat' dir='ltr'><strong>Andionicus,</strong></span> <span class='ocrx_word' id='word_1_262' title='bbox 652 1905 701 1942; x_wconf 88' lang='lat' dir='ltr'><strong>de</strong></span> <span class='ocrx_word' id='word_1_263' title='bbox 728 1919 806 1956; x_wconf 92' lang='lat' dir='ltr'><strong>quo</strong></span> <span class='ocrx_word' id='word_1_264' title='bbox 836 1905 1070 1954; x_wconf 84' lang='lat' dir='ltr'><strong>Cinnamus,</strong></span> <span class='ocrx_word' id='word_1_265' title='bbox 1111 1905 1215 1944; x_wconf 89' lang='lat' dir='ltr'><strong>clare</strong></span> <span class='ocrx_word' id='word_1_266' title='bbox 1246 1905 1392 1944; x_wconf 88' lang='lat' dir='ltr'><strong>evincit</strong></span> <span class='ocrx_word' id='word_1_267' title='bbox 1423 1904 1606 1956; x_wconf 78' lang='lat' dir='ltr'><strong>proxima</strong></span> <span class='ocrx_word' id='word_1_268' title='bbox 1644 1915 1724 1954; x_wconf 81' lang='lat' dir='ltr'><strong>qua</strong></span> 
     </span>
     <span class='ocr_line' id='line_1_31' title="bbox 258 1959 1723 2014; baseline -0.003 -13"><span class='ocrx_word' id='word_1_269' title='bbox 258 1962 537 2014; x_wconf 82' lang='lat' dir='ltr'><strong>imperatorem</strong></span> <span class='ocrx_word' id='word_1_270' title='bbox 571 1963 735 2000; x_wconf 89' lang='lat' dir='ltr'><strong>Ioannes</strong></span> <span class='ocrx_word' id='word_1_271' title='bbox 765 1963 894 2013; x_wconf 84' lang='lat' dir='ltr'><strong>attigit</strong></span> <span class='ocrx_word' id='word_1_272' title='bbox 937 1962 1176 2013; x_wconf 85' lang='lat' dir='ltr'><strong>cognationis</strong></span> <span class='ocrx_word' id='word_1_273' title='bbox 1217 1961 1482 2010; x_wconf 89' lang='lat' dir='ltr'><strong>necessitudo,</strong></span> <span class='ocrx_word' id='word_1_274' title='bbox 1534 1973 1653 2010; x_wconf 86' lang='lat' dir='ltr'><strong>quam</strong></span> <span class='ocrx_word' id='word_1_275' title='bbox 1679 1959 1723 1997; x_wconf 85' lang='lat' dir='ltr'><strong>in</strong></span> 
     </span>
     <span class='ocr_line' id='line_1_32' title="bbox 261 2015 1723 2069; baseline -0.001 -14"><span class='ocrx_word' id='word_1_276' title='bbox 261 2018 488 2058; x_wconf 84' lang='lat' dir='ltr'><strong>Andronico</strong></span> <span class='ocrx_word' id='word_1_277' title='bbox 517 2019 703 2058; x_wconf 84' lang='lat' dir='ltr'><strong>observat</strong></span> <span class='ocrx_word' id='word_1_278' title='bbox 727 2019 805 2058; x_wconf 87' lang='lat' dir='ltr'><strong>hoc</strong></span> <span class='ocrx_word' id='word_1_279' title='bbox 832 2020 919 2057; x_wconf 88' lang='lat' dir='ltr'><strong>loco</strong></span> <span class='ocrx_word' id='word_1_280' title='bbox 946 2019 1179 2058; x_wconf 86' lang='lat' dir='ltr'><strong>Cinnamus:</strong></span> <span class='ocrx_word' id='word_1_281' title='bbox 1224 2015 1340 2067; x_wconf 72' lang='grc' dir='ltr'><strong><em>ἀνδρὶ</em></strong></span> <span class='ocrx_word' id='word_1_282' title='bbox 1369 2015 1413 2057; x_wconf 82' lang='grc' dir='ltr'><strong>δὲ</strong></span> <span class='ocrx_word' id='word_1_283' title='bbox 1440 2031 1573 2057; x_wconf 89' lang='grc' dir='ltr'><strong><em>παντα</em></strong></span> <span class='ocrx_word' id='word_1_284' title='bbox 1598 2017 1723 2069; x_wconf 75' lang='grc' dir='ltr'><strong><em>καλῷ,</em></strong></span> 
     </span>
     <span class='ocr_line' id='line_1_33' title="bbox 262 2072 1725 2142; baseline -0.002 -29"><span class='ocrx_word' id='word_1_285' title='bbox 262 2074 330 2114; x_wconf 89' lang='grc' dir='ltr'><strong>καὶ</strong></span> <span class='ocrx_word' id='word_1_286' title='bbox 356 2091 409 2122; x_wconf 78' lang='grc' dir='ltr'><strong>ως</strong></span> <span class='ocrx_word' id='word_1_287' title='bbox 428 2074 552 2124; x_wconf 82' lang='grc' dir='ltr'><strong><em>ὄντως</em></strong></span> <span class='ocrx_word' id='word_1_288' title='bbox 574 2072 715 2130; x_wconf 82' lang='grc' dir='ltr'><strong><em>ὄλβίω,</em></strong></span> <span class='ocrx_word' id='word_1_289' title='bbox 756 2077 950 2142; x_wconf 77' lang='grc' dir='ltr'><strong><em>βασιλικῷ</em></strong></span> <span class='ocrx_word' id='word_1_290' title='bbox 967 2073 1041 2127; x_wconf 77' lang='grc' dir='ltr'><strong><em>τήν</em></strong></span> <span class='ocrx_word' id='word_1_291' title='bbox 1057 2078 1131 2116; x_wconf 83' lang='grc' dir='ltr'><strong><em>τοῦ</em></strong></span> <span class='ocrx_word' id='word_1_292' title='bbox 1153 2073 1294 2130; x_wconf 76' lang='grc' dir='ltr'><strong><em>γένους</em></strong></span> <span class='ocrx_word' id='word_1_293' title='bbox 1315 2070 1448 2126; x_wconf 85' lang='grc' dir='ltr'><strong><em>φυήν,</em></strong></span> <span class='ocrx_word' id='word_1_294' title='bbox 1479 2075 1725 2126; x_wconf 80' lang='grc' dir='ltr'><strong><em>μεγαλοφυεῖ</em></strong></span> 
     </span>
     <span class='ocr_line' id='line_1_34' title="bbox 260 2127 1722 2186; baseline -0.01 -7"><span class='ocrx_word' id='word_1_295' title='bbox 260 2145 336 2182; x_wconf 68' lang='grc' dir='ltr'><strong>την</strong></span> <span class='ocrx_word' id='word_1_296' title='bbox 356 2129 515 2181; x_wconf 72' lang='grc' dir='ltr'><strong><em>ψυχήν,</em></strong></span> <span class='ocrx_word' id='word_1_297' title='bbox 544 2134 663 2184; x_wconf 72' lang='grc' dir='ltr'><strong><em>λογίῳ</em></strong></span> <span class='ocrx_word' id='word_1_298' title='bbox 681 2148 757 2186; x_wconf 81' lang='grc' dir='ltr'><strong><em>τήν</em></strong></span> <span class='ocrx_word' id='word_1_299' title='bbox 778 2129 1029 2185; x_wconf 79' lang='grc' dir='ltr'><strong><em>ἐπιτήδευσιν</em></strong></span> <span class='ocrx_word' id='word_1_300' title='bbox 1051 2139 1125 2170; x_wconf 85' lang='lat' dir='ltr'><strong>etc.</strong></span> <span class='ocrx_word' id='word_1_301' title='bbox 1182 2138 1223 2170; x_wconf 85' lang='lat' dir='ltr'><strong>at</strong></span> <span class='ocrx_word' id='word_1_302' title='bbox 1242 2131 1348 2169; x_wconf 88' lang='lat' dir='ltr'><strong>unde</strong></span> <span class='ocrx_word' id='word_1_303' title='bbox 1363 2144 1454 2169; x_wconf 89' lang='lat' dir='ltr'><strong>cum</strong></span> <span class='ocrx_word' id='word_1_304' title='bbox 1471 2127 1722 2180; x_wconf 77' lang='lat' dir='ltr'><strong>impeiatoria</strong></span> 
     </span>
     <span class='ocr_line' id='line_1_35' title="bbox 262 2185 1720 2236; baseline -0.001 -12"><span class='ocrx_word' id='word_1_305' title='bbox 262 2193 303 2224; x_wconf 87' lang='lat' dir='ltr'><strong>et</strong></span> <span class='ocrx_word' id='word_1_306' title='bbox 329 2186 566 2224; x_wconf 87' lang='lat' dir='ltr'><strong>Comnenica</strong></span> <span class='ocrx_word' id='word_1_307' title='bbox 599 2187 746 2225; x_wconf 83' lang='lat' dir='ltr'><strong>familia</strong></span> <span class='ocrx_word' id='word_1_308' title='bbox 770 2190 1069 2227; x_wconf 87' lang='lat' dir='ltr'><strong>Camaterorum</strong></span> <span class='ocrx_word' id='word_1_309' title='bbox 1099 2188 1268 2227; x_wconf 87' lang='lat' dir='ltr'><strong>affinitas</strong></span> <span class='ocrx_word' id='word_1_310' title='bbox 1290 2193 1331 2226; x_wconf 87' lang='lat' dir='ltr'><strong>et</strong></span> <span class='ocrx_word' id='word_1_311' title='bbox 1353 2185 1601 2225; x_wconf 85' lang='lat' dir='ltr'><strong>necessitudo</strong></span> <span class='ocrx_word' id='word_1_312' title='bbox 1622 2198 1720 2236; x_wconf 90' lang='lat' dir='ltr'><strong>pro—</strong></span> 
     </span>
     <span class='ocr_line' id='line_1_36' title="bbox 261 2241 1721 2288; baseline -0.001 -7"><span class='ocrx_word' id='word_1_313' title='bbox 261 2243 419 2281; x_wconf 85' lang='lat' dir='ltr'><strong>cesserit</strong></span> <span class='ocrx_word' id='word_1_314' title='bbox 448 2242 562 2280; x_wconf 84' lang='lat' dir='ltr'><strong>docet</strong></span> <span class='ocrx_word' id='word_1_315' title='bbox 581 2242 766 2280; x_wconf 82' lang='lat' dir='ltr'><strong>Nicetas&#39;</strong></span> <span class='ocrx_word' id='word_1_316' title='bbox 756 2258 797 2282; x_wconf 77' lang='lat' dir='ltr'><strong>in</strong></span> <span class='ocrx_word' id='word_1_317' title='bbox 814 2247 959 2284; x_wconf 88' lang='lat' dir='ltr'><strong>Ioanne</strong></span> <span class='ocrx_word' id='word_1_318' title='bbox 980 2260 1020 2287; x_wconf 90' lang='lat' dir='ltr'><strong>n.</strong></span> <span class='ocrx_word' id='word_1_319' title='bbox 1040 2248 1080 2288; x_wconf 87' lang='grc'><strong>3.</strong></span> <span class='ocrx_word' id='word_1_320' title='bbox 1118 2246 1291 2284; x_wconf 86' lang='lat' dir='ltr'><strong>Alterius</strong></span> <span class='ocrx_word' id='word_1_321' title='bbox 1321 2242 1514 2282; x_wconf 84' lang='lat' dir='ltr'><strong>camateri</strong></span> <span class='ocrx_word' id='word_1_322' title='bbox 1542 2241 1721 2281; x_wconf 80' lang='lat' dir='ltr'><strong>meminit</strong></span> 
     </span>
     <span class='ocr_line' id='line_1_37' title="bbox 259 2298 1550 2350; baseline -0.002 -12"><span class='ocrx_word' id='word_1_323' title='bbox 259 2300 368 2339; x_wconf 89' lang='lat' dir='ltr'><strong>Ioan.</strong></span> <span class='ocrx_word' id='word_1_324' title='bbox 389 2300 545 2337; x_wconf 90' lang='lat' dir='ltr'><strong>Tzetzes</strong></span> <span class='ocrx_word' id='word_1_325' title='bbox 565 2298 666 2337; x_wconf 87' lang='lat' dir='ltr'><strong>Chil.</strong></span> <span class='ocrx_word' id='word_1_326' title='bbox 689 2302 736 2340; x_wconf 87' lang='lat'><strong>11</strong></span> <span class='ocrx_word' id='word_1_327' title='bbox 761 2313 793 2338; x_wconf 89' lang='lat' dir='ltr'><strong>c.</strong></span> <span class='ocrx_word' id='word_1_328' title='bbox 813 2303 909 2340; x_wconf 76' lang='lat'><strong>269.</strong></span> <span class='ocrx_word' id='word_1_329' title='bbox 967 2317 1007 2340; x_wconf 62' lang='grc' dir='ltr'><strong>ν.</strong></span> <span class='ocrx_word' id='word_1_330' title='bbox 1027 2309 1111 2340; x_wconf 88' lang='lat' dir='ltr'><strong>not.</strong></span> <span class='ocrx_word' id='word_1_331' title='bbox 1132 2302 1184 2340; x_wconf 80' lang='lat' dir='ltr'><strong>ad.</strong></span> <span class='ocrx_word' id='word_1_332' title='bbox 1202 2301 1375 2340; x_wconf 86' lang='lat' dir='ltr'><strong>Alexiad.</strong></span> <span class='ocrx_word' id='word_1_333' title='bbox 1394 2313 1435 2350; x_wconf 90' lang='lat' dir='ltr'><strong>p.</strong></span> <span class='ocrx_word' id='word_1_334' title='bbox 1454 2301 1550 2340; x_wconf 81' lang='lat'><strong>261.</strong></span> 
     </span>
    </p>

    <p class='ocr_par' dir='ltr' id='par_1_4' title="bbox 257 2353 1721 2465">
     <span class='ocr_line' id='line_1_38' title="bbox 370 2353 1721 2408; baseline -0.003 -12"><span class='ocrx_word' id='word_1_335' title='bbox 370 2370 408 2408; x_wconf 89' lang='lat' dir='ltr'><strong>p.</strong></span> <span class='ocrx_word' id='word_1_336' title='bbox 416 2358 499 2399; x_wconf 80' lang='lat'><strong>210</strong></span> <span class='ocrx_word' id='word_1_337' title='bbox 518 2369 556 2394; x_wconf 85' lang='lat' dir='ltr'><strong>v.</strong></span> <span class='ocrx_word' id='word_1_338' title='bbox 570 2359 637 2398; x_wconf 82' lang='lat'><strong>22.</strong></span> <span class='ocrx_word' id='word_1_339' title='bbox 666 2353 927 2408; x_wconf 83' lang='grc' dir='ltr'><strong><em>Δεκέμβριον]</em></strong></span> <span class='ocrx_word' id='word_1_340' title='bbox 946 2355 1110 2406; x_wconf 87' lang='lat' dir='ltr'><strong>Nuptias</strong></span> <span class='ocrx_word' id='word_1_341' title='bbox 1123 2369 1253 2393; x_wconf 71' lang='lat' dir='ltr'><strong>menae</strong></span> <span class='ocrx_word' id='word_1_342' title='bbox 1261 2355 1466 2398; x_wconf 88' lang='lat' dir='ltr'><strong>Decembri</strong></span> <span class='ocrx_word' id='word_1_343' title='bbox 1476 2360 1657 2407; x_wconf 84' lang='lat' dir='ltr'><strong>peractas</strong></span> <span class='ocrx_word' id='word_1_344' title='bbox 1670 2367 1721 2393; x_wconf 87' lang='lat' dir='ltr'><strong>ex</strong></span> 
     </span>
     <span class='ocr_line' id='line_1_39' title="bbox 257 2411 1236 2465; baseline -0.004 -13"><span class='ocrx_word' id='word_1_345' title='bbox 257 2412 380 2465; x_wconf 84' lang='lat' dir='ltr'><strong>Tyrio</strong></span> <span class='ocrx_word' id='word_1_346' title='bbox 402 2427 475 2465; x_wconf 88' lang='lat' dir='ltr'><strong>par</strong></span> <span class='ocrx_word' id='word_1_347' title='bbox 495 2418 554 2450; x_wconf 88' lang='lat' dir='ltr'><strong>est</strong></span> <span class='ocrx_word' id='word_1_348' title='bbox 575 2412 749 2451; x_wconf 87' lang='lat' dir='ltr'><strong>credere.</strong></span> <span class='ocrx_word' id='word_1_349' title='bbox 806 2425 844 2452; x_wconf 86' lang='lat' dir='ltr'><strong>v.</strong></span> <span class='ocrx_word' id='word_1_350' title='bbox 865 2411 1019 2448; x_wconf 90' lang='lat' dir='ltr'><strong>Nicetas</strong></span> <span class='ocrx_word' id='word_1_351' title='bbox 1039 2411 1068 2450; x_wconf 88' lang='lat' dir='ltr'><strong>l.</strong></span> <span class='ocrx_word' id='word_1_352' title='bbox 1089 2415 1114 2453; x_wconf 83' lang='lat'><strong>3</strong></span> <span class='ocrx_word' id='word_1_353' title='bbox 1136 2425 1176 2449; x_wconf 89' lang='lat' dir='ltr'><strong>n.</strong></span> <span class='ocrx_word' id='word_1_354' title='bbox 1197 2411 1236 2453; x_wconf 90' lang='lat'><strong>5.</strong></span> 
     </span>
    </p>

    <p class='ocr_par' dir='ltr' id='par_1_5' title="bbox 256 2464 1719 2919">
     <span class='ocr_line' id='line_1_40' title="bbox 370 2464 1718 2522; baseline -0.007 -8"><span class='ocrx_word' id='word_1_355' title='bbox 370 2484 410 2522; x_wconf 87' lang='grc' dir='ltr'><strong>Ρ.</strong></span> <span class='ocrx_word' id='word_1_356' title='bbox 428 2473 509 2513; x_wconf 82' lang='grc'><strong>211</strong></span> <span class='ocrx_word' id='word_1_357' title='bbox 527 2482 566 2508; x_wconf 89' lang='lat' dir='ltr'><strong>v.</strong></span> <span class='ocrx_word' id='word_1_358' title='bbox 588 2469 627 2511; x_wconf 89' lang='lat'><strong>5.</strong></span> <span class='ocrx_word' id='word_1_359' title='bbox 685 2466 755 2515; x_wconf 73' lang='grc' dir='ltr'><strong><em>τοὶς</em></strong></span> <span class='ocrx_word' id='word_1_360' title='bbox 776 2472 909 2520; x_wconf 83' lang='grc' dir='ltr'><strong><em>χεῖρας</em></strong></span> <span class='ocrx_word' id='word_1_361' title='bbox 932 2464 1067 2515; x_wconf 83' lang='grc' dir='ltr'><strong><em>αυτοῖς</em></strong></span> <span class='ocrx_word' id='word_1_362' title='bbox 1087 2465 1332 2517; x_wconf 83' lang='grc' dir='ltr'><strong><em>ἕπιθὲντων]</em></strong></span> <span class='ocrx_word' id='word_1_363' title='bbox 1361 2464 1500 2503; x_wconf 83' lang='lat' dir='ltr'><strong>Manus</strong></span> <span class='ocrx_word' id='word_1_364' title='bbox 1518 2464 1718 2516; x_wconf 86' lang='lat' dir='ltr'><strong>impositio</strong></span> 
     </span>
     <span class='ocr_line' id='line_1_41' title="bbox 256 2522 1718 2577; baseline -0.003 -14"><span class='ocrx_word' id='word_1_365' title='bbox 256 2526 333 2564; x_wconf 87' lang='lat' dir='ltr'><strong>hoc</strong></span> <span class='ocrx_word' id='word_1_366' title='bbox 359 2527 447 2565; x_wconf 91' lang='lat' dir='ltr'><strong>loco</strong></span> <span class='ocrx_word' id='word_1_367' title='bbox 482 2525 604 2577; x_wconf 86' lang='lat' dir='ltr'><strong>accipi</strong></span> <span class='ocrx_word' id='word_1_368' title='bbox 634 2525 799 2564; x_wconf 82' lang='lat' dir='ltr'><strong>videtur</strong></span> <span class='ocrx_word' id='word_1_369' title='bbox 827 2538 902 2575; x_wconf 86' lang='lat' dir='ltr'><strong>pro</strong></span> <span class='ocrx_word' id='word_1_370' title='bbox 929 2538 1163 2575; x_wconf 88' lang='lat' dir='ltr'><strong>sponso1um</strong></span> <span class='ocrx_word' id='word_1_371' title='bbox 1198 2523 1451 2561; x_wconf 88' lang='lat' dir='ltr'><strong>coronatione</strong></span> <span class='ocrx_word' id='word_1_372' title='bbox 1481 2522 1525 2559; x_wconf 90' lang='lat' dir='ltr'><strong>in</strong></span> <span class='ocrx_word' id='word_1_373' title='bbox 1557 2522 1718 2573; x_wconf 82' lang='lat' dir='ltr'><strong>nuptiis.</strong></span> 
     </span>
     <span class='ocr_line' id='line_1_42' title="bbox 256 2578 1719 2634; baseline -0.003 -13"><span class='ocrx_word' id='word_1_374' title='bbox 256 2583 401 2634; x_wconf 90' lang='lat' dir='ltr'><strong>quippe</strong></span> <span class='ocrx_word' id='word_1_375' title='bbox 438 2596 461 2620; x_wconf 87' lang='lat' dir='ltr'><strong>a</strong></span> <span class='ocrx_word' id='word_1_376' title='bbox 501 2583 771 2620; x_wconf 76' lang='lat' dir='ltr'><strong>saceidotibus</strong></span> <span class='ocrx_word' id='word_1_377' title='bbox 802 2582 1096 2619; x_wconf 85' lang='lat' dir='ltr'><strong>coronabantur</strong></span> <span class='ocrx_word' id='word_1_378' title='bbox 1127 2579 1258 2632; x_wconf 88' lang='lat' dir='ltr'><strong>sponsi</strong></span> <span class='ocrx_word' id='word_1_379' title='bbox 1287 2591 1500 2629; x_wconf 87' lang='lat' dir='ltr'><strong>eorumque</strong></span> <span class='ocrx_word' id='word_1_380' title='bbox 1524 2578 1719 2630; x_wconf 80' lang='lat' dir='ltr'><strong>capitibus</strong></span> 
     </span>
     <span class='ocr_line' id='line_1_43' title="bbox 257 2635 1718 2691; baseline -0.002 -15"><span class='ocrx_word' id='word_1_381' title='bbox 257 2638 425 2676; x_wconf 86' lang='lat' dir='ltr'><strong>corollae</strong></span> <span class='ocrx_word' id='word_1_382' title='bbox 452 2639 776 2691; x_wconf 87' lang='lat' dir='ltr'><strong>imponebantur,</strong></span> <span class='ocrx_word' id='word_1_383' title='bbox 817 2638 865 2676; x_wconf 86' lang='lat' dir='ltr'><strong>de</strong></span> <span class='ocrx_word' id='word_1_384' title='bbox 885 2652 962 2688; x_wconf 91' lang='lat' dir='ltr'><strong>quo</strong></span> <span class='ocrx_word' id='word_1_385' title='bbox 982 2651 1091 2675; x_wconf 88' lang='lat' dir='ltr'><strong>more</strong></span> <span class='ocrx_word' id='word_1_386' title='bbox 1108 2635 1370 2675; x_wconf 85' lang='lat' dir='ltr'><strong>consulendus</strong></span> <span class='ocrx_word' id='word_1_387' title='bbox 1392 2636 1546 2673; x_wconf 85' lang='lat' dir='ltr'><strong>Goa1us</strong></span> <span class='ocrx_word' id='word_1_388' title='bbox 1568 2635 1619 2674; x_wconf 87' lang='lat' dir='ltr'><strong>ad</strong></span> <span class='ocrx_word' id='word_1_389' title='bbox 1634 2636 1718 2674; x_wconf 89' lang='lat' dir='ltr'><strong>Eu-</strong></span> 
     </span>
     <span class='ocr_line' id='line_1_44' title="bbox 261 2688 1716 2761; baseline 0 -28"><span class='ocrx_word' id='word_1_390' title='bbox 261 2694 412 2746; x_wconf 85' lang='lat' dir='ltr'><strong>cholog.</strong></span> <span class='ocrx_word' id='word_1_391' title='bbox 431 2696 568 2737; x_wconf 89' lang='lat' dir='ltr'><strong>Graec.</strong></span> <span class='ocrx_word' id='word_1_392' title='bbox 594 2710 633 2747; x_wconf 90' lang='lat' dir='ltr'><strong>p.</strong></span> <span class='ocrx_word' id='word_1_393' title='bbox 647 2699 742 2743; x_wconf 86' lang='lat'><strong>397,</strong></span> <span class='ocrx_word' id='word_1_394' title='bbox 763 2696 827 2734; x_wconf 89' lang='lat' dir='ltr'><strong>vel</strong></span> <span class='ocrx_word' id='word_1_395' title='bbox 849 2701 955 2733; x_wconf 88' lang='lat' dir='ltr'><strong>certe</strong></span> <span class='ocrx_word' id='word_1_396' title='bbox 976 2694 1217 2761; x_wconf 82' lang='grc' dir='ltr'><strong><em>χειροτονία</em></strong></span> <span class='ocrx_word' id='word_1_397' title='bbox 1214 2692 1318 2730; x_wconf 89' lang='lat' dir='ltr'><strong>idem</strong></span> <span class='ocrx_word' id='word_1_398' title='bbox 1341 2699 1455 2730; x_wconf 86' lang='lat' dir='ltr'><strong>sonat</strong></span> <span class='ocrx_word' id='word_1_399' title='bbox 1479 2706 1525 2730; x_wconf 90' lang='lat' dir='ltr'><strong>ac</strong></span> <span class='ocrx_word' id='word_1_400' title='bbox 1545 2688 1716 2761; x_wconf 69' lang='grc' dir='ltr'><strong><em>εὐλογία.</em></strong></span> 
     </span>
     <span class='ocr_line' id='line_1_45' title="bbox 261 2744 1718 2816; baseline -0.001 -26"><span class='ocrx_word' id='word_1_401' title='bbox 261 2751 518 2804; x_wconf 87' lang='lat' dir='ltr'><strong>Pachymeres</strong></span> <span class='ocrx_word' id='word_1_402' title='bbox 540 2753 565 2790; x_wconf 91' lang='lat' dir='ltr'><strong>l.</strong></span> <span class='ocrx_word' id='word_1_403' title='bbox 589 2753 615 2793; x_wconf 88' lang='grc'>4</span> <span class='ocrx_word' id='word_1_404' title='bbox 639 2766 672 2792; x_wconf 91' lang='lat' dir='ltr'><strong>c.</strong></span> <span class='ocrx_word' id='word_1_405' title='bbox 690 2755 763 2794; x_wconf 76' lang='lat'><strong>29:</strong></span> <span class='ocrx_word' id='word_1_406' title='bbox 804 2751 873 2792; x_wconf 85' lang='grc' dir='ltr'><strong>καὶ</strong></span> <span class='ocrx_word' id='word_1_407' title='bbox 893 2754 1126 2815; x_wconf 87' lang='grc' dir='ltr'><strong><em>περιφανεῖς</em></strong></span> <span class='ocrx_word' id='word_1_408' title='bbox 1145 2764 1240 2796; x_wconf 83' lang='grc' dir='ltr'><strong><em>τους</em></strong></span> <span class='ocrx_word' id='word_1_409' title='bbox 1261 2764 1414 2801; x_wconf 78' lang='grc' dir='ltr'><strong><em>γαμους</em></strong></span> <span class='ocrx_word' id='word_1_410' title='bbox 1433 2752 1535 2790; x_wconf 85' lang='grc' dir='ltr'><strong><em>τελεῖ</em></strong></span> <span class='ocrx_word' id='word_1_411' title='bbox 1552 2744 1658 2816; x_wconf 78' lang='grc' dir='ltr'><strong><em>αυτῆ</em></strong></span> <span class='ocrx_word' id='word_1_412' title='bbox 1677 2763 1718 2789; x_wconf 85' lang='grc' dir='ltr'><strong><em>τε</em></strong></span> 
     </span>
     <span class='ocr_line' id='line_1_46' title="bbox 264 2789 1717 2874; baseline -0.001 -25"><span class='ocrx_word' id='word_1_413' title='bbox 264 2807 334 2850; x_wconf 82' lang='grc' dir='ltr'><strong>καὶ</strong></span> <span class='ocrx_word' id='word_1_414' title='bbox 350 2824 405 2849; x_wconf 86' lang='grc' dir='ltr'><strong>τω</strong></span> <span class='ocrx_word' id='word_1_415' title='bbox 424 2808 500 2864; x_wconf 80' lang='grc' dir='ltr'><strong>υΐῷ</strong></span> <span class='ocrx_word' id='word_1_416' title='bbox 516 2807 579 2849; x_wconf 77' lang='grc' dir='ltr'><strong>ἐπὶ</strong></span> <span class='ocrx_word' id='word_1_417' title='bbox 597 2811 670 2849; x_wconf 83' lang='grc' dir='ltr'><strong><em>τοῦ</em></strong></span> <span class='ocrx_word' id='word_1_418' title='bbox 685 2809 803 2849; x_wconf 85' lang='grc' dir='ltr'><strong><em>θείου</em></strong></span> <span class='ocrx_word' id='word_1_419' title='bbox 823 2807 890 2848; x_wconf 82' lang='grc' dir='ltr'><strong>καὶ</strong></span> <span class='ocrx_word' id='word_1_420' title='bbox 909 2803 1079 2874; x_wconf 78' lang='grc' dir='ltr'><strong><em>μεγαλου</em></strong></span> <span class='ocrx_word' id='word_1_421' title='bbox 1096 2805 1283 2857; x_wconf 82' lang='grc' dir='ltr'><strong><em>τεμένους</em></strong></span> <span class='ocrx_word' id='word_1_422' title='bbox 1298 2809 1372 2860; x_wconf 80' lang='grc' dir='ltr'><strong>τῆς</strong></span> <span class='ocrx_word' id='word_1_423' title='bbox 1389 2809 1461 2847; x_wconf 85' lang='grc' dir='ltr'><strong><em>τοῦ</em></strong></span> <span class='ocrx_word' id='word_1_424' title='bbox 1475 2808 1580 2848; x_wconf 81' lang='grc' dir='ltr'><strong><em>θεοῦ</em></strong></span> <span class='ocrx_word' id='word_1_425' title='bbox 1595 2789 1717 2859; x_wconf 75' lang='grc' dir='ltr'><strong><em>λογον</em></strong></span> 
     </span>
     <span class='ocr_line' id='line_1_47' title="bbox 265 2857 1281 2919; baseline -0.006 -11"><span class='ocrx_word' id='word_1_426' title='bbox 265 2866 432 2918; x_wconf 85' lang='grc' dir='ltr'><strong><em>σοφίας,</em></strong></span> <span class='ocrx_word' id='word_1_427' title='bbox 460 2867 534 2906; x_wconf 84' lang='grc' dir='ltr'><strong><em>τοῦ</em></strong></span> <span class='ocrx_word' id='word_1_428' title='bbox 555 2860 797 2919; x_wconf 79' lang='grc' dir='ltr'><strong><em>πατριάρχου</em></strong></span> <span class='ocrx_word' id='word_1_429' title='bbox 815 2860 957 2916; x_wconf 80' lang='grc' dir='ltr'><strong><em>Ἰωσὴφ</em></strong></span> <span class='ocrx_word' id='word_1_430' title='bbox 982 2857 1281 2917; x_wconf 79' lang='grc' dir='ltr'><strong><em>εὖλογήσαντος.</em></strong></span> 
     </span>
    </p>
   </div>
  </div>
 </body>
</html>
