1878 3262
662 206 844 250 INDEX
876 205 1226 250 HISTORJCUS.

212 313 325 350 Malea
338 313 417 358 284,
428 314 482 350 14.

210 360 418 406 Malphetum
434 361 512 403 148,
526 361 561 395 9.

211 405 431 487 Magum5pog
449 405 640 452 praevisum
660 404 818 440 fortiores
839 407 916 439 tur-

279 457 316 485 at
434 477 442 486 .

209 479 420 551 Mamplan}s
446 498 554 531 Persa
580 496 774 532 Conradum
796 495 914 541 imper.

207 543 654 633 Mssfffffff‘diium‘nfflfisslibp.
671 587 827 621 Asiaticis
841 586 916 620 bel-

253 634 293 667 lis
310 634 453 667 interest
469 635 578 667 adhuc
588 633 783 668 adolescens
797 634 916 674 21,16.

252 680 309 721 27,
323 681 376 714 19.
421 680 508 713 illius
523 679 652 725 imperii
667 677 807 722 auguria
821 677 913 716 23‚4.

253 725 325 758 eius
340 725 434 758 dotes
449 728 494 760 28
504 751 514 767 ,
531 727 562 759 1.
608 724 789 769 imperator
803 723 913 757 accla-

252 776 363 804 matur
382 772 439 814 28,
449 771 503 805 20.
550 770 746 804 Michaelem
763 769 913 812 Oxytam

250 815 559 896 fissfflffissffl‘d
576 816 798 894 “2333ss
813 814 913 895 {3³3⁸

250 907 284 940 in
296 888 525 940 Boemunduin
535 906 719 953 principem
728 887 911 940 Antioclie-

249 963 326 986 num
342 958 454 986 movet
474 953 541 994 33,
567 953 620 987 16.
668 952 797 985 irenem
822 962 909 984 uxo-

249 1010 320 1032 rem
345 998 436 1031 ducit
460 999 523 1038 36,
553 1000 585 1032 1.
632 997 779 1031 Iconium
817 996 910 1030 venit

248 1044 307 1086 39,
325 1045 393 1078 17..
423 1043 597 1077 Sultanum
623 1043 713 1077 delet
736 1048 772 1076 et
792 1042 908 1076 Philo-

248 1089 378 1123 melium
392 1093 566 1134 expugnat
578 1089 635 1130 41,
653 1089 708 1124 13.
754 1088 910 1133 pervenit

247 1135 290 1168 ad
301 1134 459 1168 Cabalam
475 1136 530 1175 42,
546 1135 601 1168 22.
626 1140 661 1168 et
674 1134 797 1167 Persas
812 1135 910 1175 fugat

245 1179 303 1220 44,
317 1181 351 1213 6.
398 1191 470 1214 cum
485 1180 526 1213 iis
541 1180 664 1213 bellum
679 1180 770 1224 gerit
785 1178 842 1220 46,
852 1180 907 1213 20.

245 1227 303 1267 48,
315 1226 369 1259 18.
393 1226 449 1268 50,
459 1226 512 1259 22.
559 1225 647 1259 illius
661 1225 769 1259 oratio
785 1225 827 1257 ad
844 1224 907 1258 mi-

245 1270 324 1305 lites
338 1272 395 1315 57,
410 1272 444 1306 5.
491 1270 661 1304 venationi
679 1270 828 1304 intentus
843 1270 906 1303 ho-

245 1322 314 1350 stes
340 1315 504 1361 conspicit
531 1318 595 1357 59,
613 1317 667 1352 13.
712 1326 842 1349 rursum
871 1315 904 1349 in

244 1364 370 1396 Persas
392 1367 504 1395 movet
524 1363 580 1406 66,
595 1363 650 1396 10.
697 1373 770 1395 cum
783 1361 826 1394 iis
842 1372 905 1406 pa-

244 1418 316 1441 cem
346 1407 408 1440 init
433 1408 490 1448 66,
506 1408 559 1442 13.
606 1406 651 1440 ad
675 1407 792 1441 Celtas
815 1407 904 1441 Con-

243 1452 492 1497 stantinopolim
544 1453 717 1486 venientes
769 1453 904 1496 legatos

242 1498 343 1532 mittit
356 1499 436 1541 67,3
445 1503 481 1531 et
491 1509 540 1542 sq.
565 1498 607 1531 ad
619 1497 807 1532 conradum
821 1498 901 1543 imp.

242 1543 361 1577 scribit
374 1545 432 1584 76,
451 1543 504 1578 15.
528 1545 585 1586 78,
601 1544 633 1578 2.
656 1544 713 1587 85,
731 1543 784 1578 15.
821 1544 902 1577 Ale-

240 1600 431 1623 mannorum
452 1589 578 1623 animos
600 1600 621 1623 a
637 1589 794 1623 Conrado
817 1589 901 1623 alie-

241 1639 302 1670 nat
316 1637 370 1676 78,
382 1635 437 1669 22.
484 1634 526 1668 ad
542 1635 748 1669 Ludovicum
764 1635 826 1668 Vll
844 1646 901 1668 re-

239 1692 317 1724 gem
332 1680 497 1715 Franciae
522 1681 652 1724 legatos
677 1680 780 1714 mittit
793 1682 848 1722 82,
865 1681 899 1715 8.

241 1726 432 1760 conradum
460 1726 584 1771 excipit
608 1725 900 1770 Constantinopoli

242 1777 278 1804 et
303 1772 564 1806 Thessalonicae
585 1774 640 1814 86,
659 1773 712 1806 13.
758 1772 792 1805 in
807 1772 898 1816 Scy-

241 1817 314 1850 thas
330 1817 553 1861 proficiscitur
568 1819 625 1859 93,
641 1819 672 1851 l.
696 1818 752 1857 94,
772 1819 802 1851 1.
837 1827 898 1851 eos

240 1862 400 1907 profligat
435 1862 497 1900 95,
518 1863 571 1897 11.
616 1862 799 1905 Corcyram
836 1874 898 1896 ex-

239 1913 368 1952 pugnat
381 1908 438 1948 98,
449 1908 503 1941 22.
528 1909 602 1943 101.
616 1907 669 1943 14.
713 1907 748 1940 in
760 1907 898 1941 Dalma-

239 1958 293 1986 tas
307 1952 481 1986 contendit
497 1953 572 1993 101,
587 1953 642 1988 22.
668 1953 744 1995 102,
763 1954 817 1988 18.
862 1953 897 1986 ἰη

238 1998 422 2042 Hungaros
451 2003 565 2031 movet
591 1998 675 2038 113,
693 1999 745 2033 17.
791 2003 827 2032 et
853 1998 895 2037 ad

238 2055 356 2089 pacem
385 2043 561 2089 petendam
594 2043 699 2086 adigit
739 2045 824 2085 118,
842 2044 895 2077 14.

240 2091 318 2132 120,
334 2089 368 2124 5.
414 2094 603 2122 armaturae
624 2089 764 2122 militum
783 2089 898 2123 studet

240 2135 316 2177 125,
325 2136 357 2169 2.
374 2133 605 2168 venationibus
616 2134 803 2168 delectatur
819 2135 896 2176 127,

197 2199 201 2202 ·
236 2182 272 2215 9.
319 2191 391 2214 cum
415 2180 587 2223 Hungaris
611 2179 793 2224 paciscitur
817 2180 895 2222 133,

198 2245 203 2247 >
237 2226 292 2260 22.
319 2228 395 2267 134,
411 2227 444 2260 9.
490 2225 716 2260 Anconitanos
733 2225 799 2259 sibi
815 2237 896 2259 con-

196 2298 201 2303 .
236 2272 330 2305 ciliat
347 2274 423 2314 170,
433 2273 467 2307 7.
514 2277 549 2305 et
563 2271 732 2316 Romanos
751 2272 828 2312 170,
842 2272 895 2306 19.

236 2318 339 2351 urbes
354 2318 397 2351 ab
414 2329 454 2351 eo
470 2322 590 2362 captae
604 2316 636 2350 in
652 2316 750 2350 Italia
765 2317 895 2351 descri-

234 2367 315 2407 ptae
334 2363 369 2396 in
392 2363 518 2410 palatio
543 2363 787 2404 Manganorum
815 2363 893 2404 171,

233 2409 288 2443 20.
335 2408 377 2442 ad
397 2408 611 2442 Guilielmum
626 2408 760 2442 Siciliae
779 2419 892 2452 regem

233 2454 351 2488 scribit
368 2455 443 2496 172,
460 2455 511 2489 19.
557 2465 632 2488 cum
653 2465 694 2488 eo
712 2453 893 2499 paciscitur

235 2500 321 2542 175,
340 2500 392 2534 15.
437 2500 471 2534 in
511 2500 677 2534 Torosum
714 2499 891 2534 Armeniae

232 2545 414 2590 principem
444 2550 558 2579 movet
585 2547 670 2586 176,
685 2545 718 2579 2.
764 2545 890 2580 Persas

233 2596 370 2634 superat
386 2592 460 2633 179,
476 2592 498 2626 4
554 2591 694 2625 Ciliciae
710 2589 811 2624 urbes
826 2602 888 2624 ex-

233 2641 360 2679 pugnat
376 2637 450 2678 180,
462 2638 515 2672 11.
562 2636 750 2670 Renaldum
764 2636 888 2681 princi-

232 2691 308 2724 pem
322 2681 563 2716 Antiochenam
581 2683 615 2716 in
630 2682 748 2716 castris
762 2681 889 2728 excipit

236 2725 310 2765 182,
319 2727 370 2761 17.
415 2732 450 2761 et
463 2728 659 2762 Balduinnm
673 2739 787 2773 regem
803 2727 888 2762 Hie-

233 2770 334 2804 rosol-
353 2773 429 2813 183,
445 2772 498 2808 14.
524 2774 600 2812 185,
615 2775 649 2809 7.
697 2779 732 2808 et
757 2774 888 2818 legatos

231 2815 453 2852 Antiochenos
476 2819 553 2862 185,
567 2820 624 2854 20.
668 2823 705 2853 et
719 2819 887 2854 Torosum

1567 198 1665 248 405

1006 315 1041 350 8.
1083 313 1118 348 in
1133 312 1343 347 Nuradinum
1358 310 1535 345 Sultanum
1558 320 1666 354 expe-

1006 358 1164 393 ditionem
1179 362 1275 403 parat
1290 358 1408 398 188‚9.
1444 368 1516 391 cum
1532 367 1572 390 eo
1588 356 1666 388 foe-

1004 405 1067 438 dus
1082 405 1143 438 init
1159 406 1224 440 188
1237 431 1246 447 ‚
1264 405 1320 438 16.
1365 402 1549 437 medicinae
1571 401 1666 446 peri-

1006 455 1062 484 tus
1086 450 1224 483 Manus!
1252 451 1328 491 190,
1344 450 1378 484 9.
1426 447 1666 482 constantino-

1006 496 1110 540 polim
1123 496 1212 529 redit
1227 496 1304 536 190,
1323 496 1376 531 18.
1405 494 1438 527 in
1454 494 1578 528 Persas
1591 492 1666 526 bel-

1006 543 1074 575 lum
1103 546 1217 574 movet
1246 546 1282 574 et
1311 552 1370 574 eos
1401 540 1494 573 delet
1523 539 1601 580 191,
1631 539 1669 572 7.

1007 587 1092 628 193,
1108 587 1142 620 2.
1179 586 1264 628 194,
1277 586 1334 621 21.

1004 632 1179 665 Sultanum
1216 630 1507 676 Constantinopoli
1539 629 1665 674 excipit

1003 678 1081 720 204,
1096 678 1153 711 22.
1177 678 1256 719 206,
1276 679 1309 711 6.
1354 677 1398 710 de
1421 675 1575 710 secundis
1599 685 1663 708 nu-

1002 723 1081 768 ptiis
1099 722 1236 766 cogitat.
1254 723 1332 764 208,
1351 723 1403 757 17.
1449 722 1562 755 Desen
1580 721 1664 754 Ser-

1001 768 1079 801 viae
1094 768 1277 812 principem
1298 768 1330 801 in
1347 779 1512 801 carcerem
1529 766 1664 800 coniicit

1001 815 1079 855 213,
1092 814 1147 849 23.
1194 813 1398 856 Hungariam
1429 812 1569 857 imperio
1600 811 1664 844 ad-

1000 860 1139 903 iungere
1174 859 1335 892 annititur
1371 858 1460 898 214,
1477 859 1530 892 21.
1578 857 1661 890 Ste-

999 906 1111 950 phano
1130 905 1326 948 Hungariae
1344 903 1459 947 exregi
1475 905 1567 937 favet
1579 903 1660 943 217,

1000 952 1034 986 2.
1068 951 1101 984 in
1118 950 1324 994 Hungariam
1342 950 1454 995 pergit
1467 960 1540 982 cum
1556 947 1663 993 copiis

997 997 1077 1039 221,
1089 997 1123 1032 2.
1171 1008 1244 1030 cum
1259 1007 1340 1039 rege
1354 994 1551 1038 Hungariae
1566 993 1662 1038 paci-

997 1043 1101 1077 scitur
1115 1040 1192 1082 224,
1210 1044 1244 1077 8.
1291 1041 1335 1075 ad
1351 1042 1501 1074 Venetos
1527 1040 1661 1083 legatos

999 1088 1110 1122 mittit.
1127 1088 1207 1128 228,
1226 1088 1279 1122 19.
1325 1085 1542 1120 Antiochenis
1555 1085 1661 1119 minas

997 1134 1143 1168 intentat
1156 1134 1233 1174 237,
1243 1133 1298 1167 23.
1345 1132 1377 1165 in
1393 1132 1574 1174 Huugaros
1587 1142 1660 1164 mo-

998 1184 1058 1213 vet
1095 1184 1131 1212 et
1161 1178 1332 1222 Zeugmen
1362 1178 1493 1211 obsidet
1521 1177 1607 1219 240,
1622 1177 1658 1210 9.

996 1225 1076 1266 241,
1095 1225 1128 1259 6.
1176 1235 1243 1268 qua
1265 1229 1456 1267 expugnata
1479 1222 1660 1267 paciscitur

996 1281 1071 1303 cum
1095 1269 1266 1313 Hungaris
1291 1269 1378 1305 246.
1402 1271 1453 1303 17.
1485 1267 1573 1309 248,
1599 1268 1656 1302 14.

994 1315 1193 1349 Dalmatiam
1215 1320 1395 1360 expugnat.
1412 1314 1524 1357 2489.
1539 1314 1655 1354 2493.

994 1361 1196 1406 triumphum
1211 1365 1311 1406 parat
1323 1360 1399 1400 249,
1412 1361 1447 1394 9.
1493 1359 1525 1393 in
1554 1359 1656 1392 rebus

993 1406 1192 1451 theologicis
1209 1406 1358 1440 eruditus
1371 1406 1451 1447 253,
1470 1405 1521 1439 15.
1559 1405 1657 1438 Hen-

991 1452 1096 1486 ricum
1112 1453 1268 1486 Austriae
1291 1452 1407 1485 ducem
1432 1449 1560 1495 excipit
1573 1450 1653 1492 262,

995 1498 1050 1532 13.
1097 1498 1175 1532 dum
1199 1498 1268 1543 pila
1288 1497 1322 1531 in
1348 1508 1436 1540 equo
1455 1496 1558 1536 ludit,
1582 1506 1655 1528 ma·-

992 1554 1069 1577 num
1084 1543 1188 1577 laedit
1203 1548 1238 1576 et
1251 1544 1356 1576 femur
1370 1542 1511 1576 254.12.
1542 1552 1654 1575 muros

991 1594 1028 1623 et
1048 1589 1278 1634 aquaeductus
1295 1588 1356 1633 Cp.
1373 1587 1486 1621 reficit
1499 1587 1579 1629 274,
1594 1587 1652 1621 23.

990 1634 1026 1669 ἱη
1041 1635 1181 1669 Servios
1204 1639 1318 1668 movet
1339 1634 1417 1677 287,
1436 1634 1488 1667 11.
1535 1632 1654 1676 Dory-

990 1679 1100 1715 laeuiu
1122 1680 1299 1714 instaurat.
1323 1681 1402 1721 294,
1422 1679 1474 1713 12.
1497 1679 1577 1720 296,
1596 1678 1651 1711 19.

1379 584 1665 618 Clitziesthlanem

987 1726 1340 1807 {21390175tziesth1anem
1377 1725 1498 1759 bellum
1539 1727 1654 1757 movet

1057 1799 1067 1815 ‚
1109 1798 1117 1807 .

941 1816 1079 1850 Manuel
1106 1818 1296 1852 Comnenus
1329 1816 1372 1849 ad
1396 1813 1651 1859 Tauroscythas

987 1862 1118 1906 legatus
1134 1863 1277 1896 mittitur
1291 1862 1371 1903 232,
1387 1861 1421 1895 3.

940 1907 1092 1942 Marasia
1104 1909 1184 1950 216,
1198 1910 1233 1943 2.

941 1952 1058 1986 Marce
1071 1953 1278 1987 Anconitana
1295 1951 1371 1988 165.
1388 1952 1442 1987 13.

939 1998 1051 2032 Maria
1059 1999 1229 2032 comnena
1239 1998 1377 2042 Roget-ii
1385 1995 1540 2032 Caesaris
1548 2006 1646 2039 uxor,

985 2044 1072 2078 illius
1088 2055 1176 2078 mors
1190 2045 1247 2086 38,
1260 2046 1292 2079 6.

941 2088 1051 2123 Maria
1074 2089 1239 2124 Manufelis
1257 2090 1375 2136 imper.
1400 2088 1473 2123 filia
1497 2087 1646 2123 nascitur

988 2136 1065 2178 118,
1079 2136 1134 2170 20.

941 2180 1051 2215 Maria
1065 2179 1344 2215 sebastocratoris
1357 2179 1428 2214 fllia
1443 2183 1545 2225 nupta
1562 2179 1644 2213 Ste-

986 2227 1095 2271 phano
1117 2227 1307 2270 Hungariae
1322 2227 1409 2270 regis
1423 2226 1492 2259 filio
1506 2226 1591 2268 203,
1609 2226 1644 2260 8.

938 2271 1049 2306 Maria
1072 2272 1142 2306 filia
1157 2271 1336 2306 Raimundi
1352 2272 1508 2318 principis
1522 2270 1644 2305 Antio-

980 2318 1127 2398 {incingi
1142 2318 1292 2353 ManuEli
1311 2319 1391 2363 imp.
1406 2318 1502 2352 nubit
1515 2316 1594 2360 210,
1609 2318 1644 2352 9.

1050 2390 1060 2406 9

935 2407 1086 2443 Masafra
1100 2409 1180 2443 urbs
1196 2412 1297 2454 capta
1312 2421 1334 2443 a
1346 2408 1491 2443 Graecis
1508 2408 1642 2452 15211.

934 2453 1146 2499 Massagetae
1163 2457 1240 2499 148,
1255 2457 1289 2491 3.
1316 2456 1393 2498 167,
1410 2456 1443 2489 6.

933 2499 1045 2534 Media
1064 2502 1140 2542 183,
1154 2502 1187 2538 9.

931 2545 1158 2580 Mediolanum
1174 2547 1254 2589 228,
1268 2546 1301 2581 7.
1323 2545 1402 2589 230,
1420 2545 1473 2581 12.

931 2591 1106 2636 Melangia.
1128 2592 1194 2633 36,
1212 2593 1266 2628 19.
1304 2592 1368 2636 81,
1386 2593 1440 2627 10.
1477 2591 1564 2636 127,
1578 2591 1636 2628 21.

976 2637 1055 2679 294,
1071 2638 1106 2672 7.

932 2681 1053 2725 Mela..
1069 2682 1152 2717 fluv.
1166 2681 1232 2726 74,
1250 2682 1283 2720 6.

931 2727 1104 2762 Metabole
1127 2729 1211 2771 127,
1225 2729 1281 2763 22.

931 2773 1046 2808 Metus
1058 2774 1185 2820 turpior
1198 2773 1240 2808 fit
1253 2784 1328 2809 cum
1342 2773 1527 2821 praecessit
1539 2773 1632 2808 fero·

976 2819 1029 2854 cia
1041 2821 1099 2863 41,
1112 2820 1146 2857 4.

232 2862 312 2905 186,
323 2861 374 2896 12.
392 2862 600 2902 Antiochiam
612 2864 799 2911 ingreditur
808 2867 886 2910 187,
930 2865 1078 2901 Mic-has!
1094 2864 1279 2901 Basilacius
1293 2866 1370 2910 176,
1388 2867 1443 2901 19.
