1878 3262
294 197 360 246 64
719 195 1026 242 NICEPHORI
1054 196 1324 243 BRYENNII

309 315 352 355 πὶ
375 312 587 367 Ἄγκυραν.
669 308 780 368 ἔφθη
809 308 886 368 γάρ
918 329 980 362 τις
1012 315 1093 354 τῶν
1126 311 1170 354 ἐκ
1201 316 1273 366 τῆς
1299 309 1432 368 μάχης
1465 312 1751 356 διασωθέντων

289 380 579 437 πυνθανομένῳ
598 377 728 437 τούτῳ
747 381 836 437 περὶ
855 385 927 422 τοῦ
947 381 1131 437 ἀδελφοῦ.
1143 379 1359 431 ὑποδεῖξαί
1375 399 1414 423 τι
1436 384 1659 436 πολίχνιον,
1693 383 1751 432 εἷς

288 449 311 490 ὃ
330 451 607 490 διασεσῶσθαι
627 453 769 490 τοῦτον
790 449 885 499 τοὺς
905 447 1121 499 διώκοντας
1142 448 1366 507 διαδράντα
1385 449 1629 503 ἓβεβαιοῦτο.
1664 448 1750 491 οἷό-

166 520 199 553 V
221 519 264 554 31
288 534 408 571 μενος
441 511 511 559 οὖν
545 517 683 571 ἀληθῆ
713 517 765 559 τὰ
795 517 1097 573 ἀπαγγελθέντα
1131 516 1251 570 εἶναι,
1280 518 1460 573 ἠπείγετο
1489 519 1749 574 συγγενέσθαι

282 590 342 643 τῷ
364 586 542 642 ἀδελφῷ.
612 585 705 627 ἀλλ’
730 584 750 627 ὃ
770 586 843 640 μὲν
863 585 1098 643 διεφεύξατο
1110 617 1124 637 ,
1159 584 1180 628 ὃ
1208 587 1247 628 δ’
1273 586 1402 629 ἀπιὼν
1424 587 1512 643 περὶ
1534 591 1606 628 τοῦ
1627 587 1780 636 ἀδελ-5

284 659 367 711 φοῦ
398 652 452 704 ὥς
487 651 598 711 ἁλῴη
632 653 982 711 πεπληροφόρήτο.
1052 657 1319 708 διαψευσθεὶς
1356 649 1427 697 οὖν
1463 658 1543 697 τῶν
1580 655 1749 697 ἐλπίδων

230 724 264 759 D
287 723 426 778 ἠνιᾶτο
442 724 515 777 μὲν
536 725 602 764 καὶ
623 721 772 777 ἠθύμει
791 725 858 765 καὶ
877 723 1005 766 ἔστενε
1025 725 1091 765 καὶ
1110 723 1324 781 ἐδάκρυεν,
1363 722 1410 765 οὗ
1437 723 1519 778 μὴν
1545 723 1748 766 πέπαυστο

282 795 356 846 τῆς
373 792 435 832 ἐπὶ
459 791 510 833 τὰ
528 790 668 848 πρόσω
687 794 862 850 πορείας.

420 860 464 904 8.
526 860 638 903 Ἀλλ’
683 861 725 902 ἓν
763 858 939 918 ,Αγκύρᾳ
978 857 1187 915 γενόμενος
1225 859 1457 914 διεπέμπετο
1494 855 1751 912 πανταχόθεν
1807 857 1813 862 ’
1847 859 1850 862 ’

282 932 435 983 μαθεῖν
464 945 502 970 τι
539 929 679 980 πλέον,
721 931 787 971 καὶ
814 927 868 979 ὡς
894 926 1106 983 βούλοιντο
1133 929 1170 970 οἳ
1196 928 1264 970 τὸν
1288 928 1464 985 ἀδελφὸν
1484 925 1750 981 κατασχόντες
1762 939 1808 975 10

283 995 517 1039 ἀποδόσθαι
556 1002 675 1051 τιμῆς
708 999 879 1054 χρυσίου
917 995 1114 1051 χιλιάδων
1161 1002 1318 1051 συχνῶν
1355 994 1529 1052 ἠκηκόει.
1596 993 1750 1038 τούτων

284 1066 430 1115 ἐκεῖνος
466 1063 645 1115 ἀκούσας
672 1071 752 1108 τῶν
782 1065 910 1121 λόγων
941 1063 1172 1119 ἀπήλλακτό
1200 1083 1240 1107 τε
1269 1070 1341 1119 τῆς
1372 1069 1523 1119 πολλῆς
1554 1063 1751 1117 ἀθυμίας,

286 1135 353 1175 καὶ
385 1133 489 1190 πρὸς
520 1133 592 1187 τὴν
619 1134 813 1187 βασιλίδα
847 1137 928 1175 τῶν
961 1132 1114 1175 πόλεων
1146 1133 1333 1176 ἔσπευδεν
1361 1134 1429 1190 ἐφ’
1457 1127 1491 1191 ᾧ
1516 1133 1561 1175 τὸ
1580 1133 1750 1189 χρυσιόν

165 1206 196 1241 P
219 1205 264 1241 46
289 1202 505 1256 ἀναλαβεῖν
526 1204 592 1243 καὶ
610 1202 679 1244 τὸν
707 1201 883 1259 ἀδελφὸν
906 1202 1119 1257 πρίασθαι.
1188 1200 1358 1258 ἡμέραις
1374 1197 1444 1243 οὖν
1461 1203 1611 1257 ὀλίγαις
1631 1204 1750 1242 τοῦτο

285 1270 522 1326 συναγαγών
546 1268 663 1326 ἀπῄει
688 1268 742 1321 ὥς
766 1272 829 1312 ἐπὶ
844 1269 1065 1326 Ἄγκυραν,
1100 1271 1168 1311 καὶ
1192 1269 1374 1312 σπεύδων
1394 1271 1546 1324 ταχέως
1567 1272 1746 1311 καταλα-
1761 1278 1805 1314 15

281 1344 369 1394 βεΐν
402 1337 447 1380 τό
482 1356 522 1380 τε
552 1343 738 1381 πλεῖστον
771 1344 845 1394 τῆς
875 1338 1017 1388 νυκτὸς
1050 1340 1117 1380 καὶ
1147 1342 1219 1393 τῆς
1244 1337 1397 1395 ἡμέρας
1416 1339 1461 1380 τὸ
1485 1342 1565 1379 πᾶν
1588 1337 1751 1392 ἤλαυνε.

281 1409 371 1464 περὶ
406 1406 578 1463 ἑσπέραν
612 1409 656 1450 δὲ
687 1407 864 1462 βαθεῖαν
897 1405 1068 1464 φθάσας
1101 1409 1157 1457 εἷς
1188 1407 1260 1461 τὴν
1276 1406 1473 1463 Ἄγκυραν
1494 1408 1561 1448 καὶ
1585 1406 1658 1456 τὰς
1678 1409 1752 1460 τῆς

280 1475 434 1525 πόλεως
466 1475 597 1526 πύλας
631 1474 758 1533 εὖρών
791 1476 1067 1529 κεκλεισμένας
1100 1474 1224 1530 ἐζήτει
1254 1474 1405 1525 ταύτας
1436 1475 1679 1529 ἀνοιχθῆναί
1697 1474 1750 1516 οἳ.

279 1544 319 1585 οἱ
349 1545 388 1585 δ’
417 1544 528 1593 ἐντὸς
550 1549 622 1585 τοῦ
647 1544 789 1594 ἄστεος
813 1542 988 1594 δεδιότες
1011 1542 1069 1598 μή
1093 1561 1178 1594 πως
1196 1542 1270 1584 ὑπ’
1298 1545 1460 1600 ἐχθρῶν
1480 1541 1745 1600 ἔνεδρεύοιντο

276 1612 345 1655 διὰ
369 1612 413 1655 τὸ
435 1612 493 1667 μὴ
518 1610 622 1654 πάνυ
648 1631 684 1656 τι
706 1611 845 1670 πόρρω
864 1612 958 1663 τοὺς
983 1611 1192 1669 Τούρκους
1213 1611 1268 1654 ἔτι
1292 1609 1619 1669 στρατάιεδεύειν
1638 1608 1804 1668 ἀπή-20

370 1732 403 1766 1.
418 1725 619 1775 ”Αγκυραν]
645 1730 688 1763 V.
716 1729 771 1763 hic
795 1732 829 1763 et
853 1729 925 1763 aliis
948 1729 1033 1764 locis
1047 1725 1238 1774 ”Αγγυρα,
1272 1730 1362 1774 quod
1392 1731 1540 1765 fortasse
1571 1728 1747 1764 ferendum

369 1781 445 1867 grft
441 1777 502 1856 Vin
513 1776 632 1862 3:113
636 1775 769 1856 ’aetatis
793 1775 1030 1822 scriptoribus,
1120 1776 1204 1813 ibid.
1230 1773 1346 1823 ἔφθη]
1373 1776 1418 1811 V.
1444 1774 1531 1820 ἔφη.
1632 1777 1669 1812 2.
1694 1775 1748 1816 εἰς

275 1923 381 1967 fecit,
415 1923 546 1957 directo
567 1922 692 1956 itinere
705 1922 877 1967 Ancyram
899 1933 1020 1957 versus
1030 1949 1041 1967 ‚
1073 1922 1130 1958 ubi
1145 1934 1185 1958 se
1198 1924 1340 1958 fratrem
1354 1926 1565 1969 reperturum
1579 1923 1666 1958 falso
1682 1922 1747 1958 de-

275 1971 370 2004 lusus
385 1969 505 2003 indicio
523 1969 704 2014 sperabat,
727 1968 819 2012 quod
835 1969 866 2002 ei
882 1969 1016 2013 quidam
1031 1981 1051 2003 e
1067 1970 1194 2015 praelio
1211 1971 1293 2014 fuga
1307 1975 1466 2003 servatus
1483 1970 1526 2004 de
1540 1970 1650 2003 fratre
1663 1981 1746 2015 per-

276 2013 431 2050 contanti
452 2015 657 2048 affirmasset
681 2014 830 2048 evasisse
844 2014 933 2048 illum
950 2026 1063 2048 manus
1078 2016 1324 2060 insequentium
1340 2016 1531 2049 Turcorum
1547 2015 1674 2050 salvum
1689 2019 1745 2049 at·-

275 2073 343 2107 que
358 2061 558 2094 incolumem
574 2061 738 2104 perlatum
755 2060 788 2093 in
805 2061 995 2105 quodquam
1014 2061 1208 2106 oppidulum
1225 2061 1318 2106 quod
1338 2062 1439 2095 etiam
1456 2061 1664 2105 designabat.
1700 2072 1744 2095 ex

276 2119 344 2152 quo
362 2118 436 2139 eum
452 2109 623 2149 Ancyram
639 2118 676 2139 se
692 2110 905 2151 recepturum
921 2106 1062 2140 Alexius
1088 2118 1154 2140 non
1182 2107 1339 2141 dubitans
1354 2107 1387 2140 in
1402 2108 1502 2141 istam
1516 2109 1632 2141 urbem
1647 2105 1744 2140 velut

276 2154 319 2186 ad
335 2152 541 2197 complexum
557 2152 673 2184 fratris
690 2152 885 2186 festinabat.
932 2152 994 2185 sed
1017 2153 1110 2186 eunti
1137 2153 1267 2186 falsitas
1292 2153 1408 2186 indicii
1435 2153 1665 2187 demonstrata
1690 2157 1744 2186 est

276 2199 450 2242 certisque
467 2197 673 2230 documentis
688 2209 884 2242 persuasum
901 2203 1038 2242 captum
1053 2210 1130 2232 esse
1146 2199 1286 2232 fratrem
1298 2226 1309 2243 ,
1342 2199 1435 2232 cuius
1449 2210 1581 2232 sensum
1594 2197 1742 2231 infortu-

273 2245 321 2278 nii
337 2243 545 2277 acerbiorem
561 2243 661 2276 etiam
677 2254 772 2276 error
789 2243 994 2287 praecedens
1008 2244 1081 2289 spei
1097 2245 1222 2278 frustra
1237 2250 1423 2289 conceptae
1433 2244 1608 2278 reddebat.
1623 2243 1742 2288 itaque

274 2301 461 2324 moerorem
477 2289 533 2322 ille
549 2288 683 2333 quidem
698 2293 732 2321 et
746 2288 855 2322 animo
872 2289 1029 2333 concepit
1042 2301 1198 2333 magnum
1214 2295 1249 2324 et
1262 2290 1408 2324 lacrimis
1423 2290 1512 2324 veris
1522 2289 1742 2334 suspiriisque

274 2340 422 2370 testatus
443 2339 506 2368 est.
556 2345 622 2368 non
641 2340 755 2367 tamen
770 2334 837 2367 iter
853 2335 1077 2368 necessarium
1092 2336 1184 2369 luctu
1198 2336 1380 2381 interrupit
1394 2341 1453 2370 aut
1467 2335 1670 2370 retardavit.

365 2383 401 2416 8.
448 2380 603 2414 Perlatus
629 2391 711 2423 ergo
731 2383 898 2423 Ancyram
923 2380 1046 2414 dimisit
1068 2381 1182 2414 statim
1206 2393 1342 2426 quoquo
1359 2392 1492 2415 versum
1507 2381 1563 2426 qui
1580 2381 1740 2426 explora-

272 2430 352 2461 rent
369 2426 410 2460 de
426 2427 534 2460 fratre
550 2426 645 2459 certa
660 2426 895 2469 referrentque
907 2450 918 2466 ,
951 2438 969 2459 e
994 2426 1116 2471 quibus
1141 2439 1215 2461 cum
1241 2427 1461 2472 comperisset
1487 2427 1651 2461 barbaros
1667 2427 1740 2461 eius

274 2473 472 2506 detentores
504 2476 642 2517 paratos
665 2481 740 2505 esse
762 2470 994 2506 liberationem
1027 2472 1099 2506 eius
1129 2473 1241 2506 multis
1270 2483 1447 2507 aureorum
1477 2472 1621 2506 millibus
1651 2484 1739 2507 ven-

274 2518 369 2557 dere,
401 2518 568 2562 respirare
592 2517 703 2562 coepit
725 2516 770 2550 ad
797 2517 897 2550 talem
924 2517 1085 2559 nuntium,
1114 2524 1148 2552 et
1175 2519 1216 2552 ad
1242 2519 1389 2552 oblatam
1414 2519 1637 2562 recuperandi
1666 2518 1738 2553 cari

273 2563 393 2607 capitis
423 2564 620 2596 facultatem
648 2574 770 2606 magna
800 2563 964 2596 moeroris
995 2575 1037 2597 ex
1067 2563 1172 2609 ipsius
1202 2564 1331 2598 iactura
1364 2563 1430 2596 orti
1467 2568 1566 2606 parte
1600 2564 1737 2598 levatus

273 2609 439 2642 curriculo
474 2620 511 2642 se
538 2608 679 2642 contulit
706 2609 740 2642 in
768 2609 884 2642 urbem
910 2608 1037 2653 regiam
1063 2609 1222 2654 pecunias
1249 2609 1329 2643 inde
1355 2613 1572 2654 sumpturus,
1613 2610 1736 2655 quibus

273 2654 415 2688 fratrem
454 2654 648 2688 redimeret.
710 2654 827 2698 paucis
856 2654 935 2688 inde
966 2655 1082 2688 diebus
1110 2655 1245 2699 negotio
1276 2655 1429 2689 consecto
1462 2666 1535 2689 cum
1565 2657 1736 2701 Ancyram

273 2699 454 2734 festinaret
482 2699 636 2743 diemque
667 2711 708 2733 ac
737 2705 869 2733 noctem
899 2700 1090 2734 continuato
1121 2700 1242 2734 itinere
1272 2701 1400 2743 fessus,
1433 2700 1555 2735 clausis
1580 2701 1645 2736 iam
1674 2713 1735 2736 ur-

275 2745 327 2779 bis
349 2744 479 2789 portis,
521 2744 646 2789 quippe
668 2750 767 2778 nocte
792 2745 954 2779 concubia
975 2746 1209 2790 pervenisset,
1243 2745 1374 2779 sublato
1401 2745 1546 2780 clamore
1569 2748 1736 2792 poscebat

254 2827 258 2829 ,
275 2790 397 2836 aperiri
412 2790 477 2824 sibi
490 2790 621 2824 ianuas.
667 2790 702 2823 id
717 2791 832 2824 facere
847 2791 1041 2825 verentibus
1058 2791 1252 2825 custodibus
1263 2817 1274 2833 ‚
1305 2791 1397 2835 quod
1412 2792 1446 2825 in
1462 2793 1584 2827 vicinia
1599 2794 1740 2835 Tumor

274 2848 349 2872 rum
375 2840 489 2872 castra
509 2847 578 2871 non
595 2836 716 2882 procul
729 2836 821 2871 illinc
834 2835 1029 2872 habentium
1043 2837 1233 2883 periculose
1246 2836 1283 2873 id
1297 2837 1358 2872 tali
1371 2838 1457 2874 hora
1470 2838 1546 2874 fieri
1561 2839 1736 2876 videretur

803 2977 817 2993 N
