1878 3262
550 191 1090 238 COMMENTARIORUM
1114 191 1162 235 1..
1176 190 1258 234 ΠΙ.
1538 190 1632 236 125

175 332 268 366 τος,
302 313 516 368 ἐγκρατοῦς
537 308 651 361 ὄντος
671 314 745 352 τοῦ
764 308 965 363 βασιλέως
984 304 1128 349 τούτου
1151 310 1226 350 τοῦ
1245 304 1466 360 ὃμαίιιονος
1476 338 1489 357 ‚
1517 305 1633 348 οὐδέν

174 403 212 427 τι
235 384 429 425 πίπονθεν
450 379 524 422 ὑπ’
551 381 698 422 ἐκείνου
716 375 917 434 χρηστόν,
953 377 1048 418 ἀλλ’
1084 374 1140 426 ὥς
1167 377 1209 417 ἐν
1234 376 1370 432 εἱρκτῇ
1390 376 1633 432 καθειργμέ-

175 469 240 501 νος
262 448 432 507 ζοφώδει
458 452 566 506 διῆγε
588 448 658 491 τὸν
680 446 839 490 ἅπαντα
860 447 964 499 βίον.
1033 449 1103 486 νῦν
1136 438 1207 486 οὖν
1240 445 1406 493 ἐλπίδας
1429 443 1506 498 ἔχει
1527 461 1634 501 χρη-

175 518 273 570 στάς
286 552 299 570 ,
346 518 405 561 ὅτι
428 537 506 575 περ
526 518 637 575 αὐτῷ
658 516 710 558 τὰ
730 519 805 558 τοῦ
825 513 949 571 ζόᾳου
975 511 1267 568 διαλυθήσεται
1288 515 1356 554 καὶ
1378 518 1467 569 φῶς
1487 512 1634 567 ὄψεται

142 586 468 645 5καθαρώτατον
503 592 575 643 τῆς
607 591 681 641 σῆς
711 585 919 639 βασιλείας
955 581 1086 636 τυχὼν
1118 583 1306 636 εὐμενοῦς
1331 583 1400 625 καὶ
1431 586 1614 639 πατρικιῖ
1662 613 1669 623 .

171 657 299 700 αὐτοῦ
320 655 588 712 κηδομένης.”

310 727 388 771 23.
459 729 548 767 Τοῦ
581 724 625 766 δὲ
655 722 1006 779 συγκαταθεμένου
1031 725 1113 764 τῶν
1134 720 1233 779 ὑπὲρ
1257 721 1383 774 αὐτοῦ
1405 718 1534 777 λόγων
1558 714 1634 762 αὖ·
1657 727 1688 762 c

172 800 243 845 θις
267 794 411 852 ἤρχετο
439 783 584 844 κοἶδας
597 825 610 845 ,
647 787 680 835 ὦ
701 796 892 847 βασιλεῦ,
918 789 1103 848 “λε’γων”
1133 789 1189 841 ὥς
1213 790 1352 841 εὔνους
1372 795 1430 848 τῷ
1454 790 1530 847 πρὸ
1559 795 1636 832 σοῦ

172 868 382 919 κρατοῦντι
413 864 488 913 ἕως
516 864 655 912 τέλους
688 862 888 915 διέμεινα,
923 862 991 902 καὶ
1011 858 1172 902 πάντων
1195 860 1296 917 πρὸς
1319 860 1392 914 τὴν
1413 861 1487 914 σὴν
1510 864 1634 912 βασι-

122 934 282 977 Ιολείαν
313 931 612 974 ἄποκλινάντων
644 931 765 980 αὐτὸς
786 931 915 986 ’μέχρι
946 930 1012 971 καὶ
1043 929 1085 978 ἐς
1116 930 1233 984 δεῦρο
1265 928 1337 984 τὴν
1363 928 1464 981 πρὸς
1487 929 1632 969 ἐκεῖνον

171 1003 303 1043 πίστιν
323 1000 542 1058 τετήρηκα,
584 998 686 1055 μήτε
718 999 903 1055 πρέσβεις
935 995 1037 1054 πρός
1065 1013 1109 1039 σε
1132 997 1354 1053 πεπομφὼς
1376 996 1476 1051 μήτε
1499 996 1633 1053 γράμ-

170 1087 295 1125 ματα.
365 1069 420 1120 ὧς
437 1074 533 1126 γοῦν
555 1069 628 1124 τὴν
648 1068 750 1125 πρὸς
770 1069 916 1109 ἐκεῖνον
935 1068 1067 1109 πίστιν
1090 1065 1239 1108 ἄδολον
1262 1064 1491 1122 διετήρησα,
1526 1063 1634 1106 οὕτω

171 1142 239 1181 καὶ
261 1140 334 1194 τὴν
357 1139 459 1196 πρὸς
479 1139 524 1181 σε’
545 1136 708 1194 τηρήσω
731 1135 1029 1193 ἄκράδαντον.”
1079 1136 1143 1176 ἐπὶ
1166 1132 1323 1183 τούτοις
1341 1138 1415 1175 τοῦ
1434 1134 1635 1188 βασιλέως

173 1208 295 1250 αὐτὸν
314 1207 592 1256 ἐπαινέσαντος
613 1204 634 1247 ὅ
650 1206 823 1256 Ἀλέξιος
845 1202 1132 1259 ἀπηλλάττετο.
1198 1203 1350 1258 μαθὼν
1368 1198 1439 1245 οὖν
1454 1201 1477 1244 ὃ
1494 1205 1634 1245 Bora-

118 1285 161 1322 15
172 1275 329 1333 νειάτης
362 1275 417 1326 ὡς
441 1277 479 1318 οἳ
500 1275 832 1333 προπεμφθέντες
851 1277 932 1316 τῶν
953 1273 1169 1327 βασιλείων
1191 1271 1397 1329 γεγόνασιν
1419 1273 1634 1328 ἐγκρατεῖς,

173 1344 291 1402 ἀπῄει
324 1343 578 1402 διαπεράσων
612 1341 713 1400 πρὸς
739 1343 790 1384 τὰ
815 1338 1016 1396 βασίλεια.
1059 1343 1292 1398 ’γενομένου
1318 1341 1358 1382 δ’
1387 1341 1513 1383 αὐτοῦ
1532 1341 1634 1397 πρὸς
1654 1351 1689 1387 D

172 1415 245 1469 τὴν
266 1414 362 1457 κατ’
388 1414 602 1471 ἀντιπέρας
623 1417 695 1467 τῆς
719 1410 873 1461 πόλεως
895 1409 1031 1465 ἠϊόνα,
1066 1410 1169 1452 ἔνθα
1199 1413 1267 1452 καὶ
1298 1408 1474 1465 δάμαλις
1500 1411 1637 1466 λιθίνη

173 1483 237 1524 ἐπὶ
269 1485 400 1533 κίονος
418 1484 561 1525 ἰ’στατο
575 1514 589 1534 ‚
632 1479 653 1522 ὅ
677 1479 839 1538 δρόμων
859 1478 878 1521 ὃ
899 1481 1105 1532 βασίλειος
1126 1478 1351 1533 ὖπεδέχετο.
1421 1481 1487 1521 καὶ
1513 1479 1639 1530 εὐθὺς

171 1551 260 1604 μετ’
287 1551 496 1609 εὐφημιῶν
517 1553 584 1593 καὶ
606 1547 760 1607 κρότων
782 1551 1054 1605 διεπεραιοῦτο
1073 1548 1175 1604 πρὸς
1195 1548 1247 1590 τὰ
1262 1549 1465 1602 βασίλεια.

117 1631 164 1666 20
310 1619 389 1665 24.
450 1619 500 1663 ‘O
539 1620 583 1662 δὲ
614 1618 805 1673 βασιλεὺς
837 1617 1014 1671 Μιχαὴλ
1048 1618 1279 1674 παραυτίκα
1315 1615 1390 1672 τήν
1427 1634 1469 1659 τε
1509 1614 1637 1674 κόμην

173 1688 349 1746 ἐκείρατο
383 1691 449 1731 καὶ
479 1689 524 1731 τὸ
555 1687 773 1743 μοναδικόν
803 1685 1082 1742 περιεβάλλετο
1114 1690 1275 1741 σχῆμα,
1312 1683 1501 1736 συνόντος
1522 1687 1634 1745 αὐτῷ
1655 1691 1688 1724 V
1711 1693 1751 1729 61

174 1759 240 1799 καὶ
264 1762 338 1799 τοῦ
360 1760 474 1799 θείου
496 1760 562 1800 καὶ
585 1759 799 1815 καίσαρος,
835 1755 879 1806 ὃς
909 1754 955 1800 τό
992 1773 1034 1797 τε
1068 1759 1222 1812 κοῦφον
1256 1760 1329 1797 τοῦ
1360 1754 1636 1812 κρατήσαντος

268 1878 300 1910 1.
326 1875 394 1909 τοῦ
419 1873 616 1920 βασιλέως]
641 1876 682 1910 Ρ.
706 1875 773 1919 τῆς
796 1875 993 1920 βασιλείας.
1223 1875 1257 1909 6.
1281 1870 1424 1919 αὐτοῦ]
1449 1875 1492 1909 V.
1517 1871 1635 1922 αὐτῷ.

268 1924 322 1957 17.
346 1919 476 1965 ἠϊόνα]
499 1922 555 1955 lta
577 1922 619 1956 P.
643 1933 705 1967 pro
728 1918 864 1965 η’ϊόνιν.
910 1921 1009 1956 Fort.
1033 1917 1127 1964 πρός
1149 1917 1368 1965 τῗ-ἤϊόνι.

173 2022 504 2069 Porphyrogenitum
527 2022 660 2067 imperii
673 2022 790 2057 fratris
805 2023 856 2056 sui
871 2022 993 2057 nullum
1006 2022 1155 2057 fructum
1171 2022 1314 2068 cepisse.
1362 2034 1470 2068 neque
1485 2023 1572 2057 enim
1588 2023 1633 2057 ab

172 2069 230 2103 ino
259 2069 325 2102 ullo
349 2069 514 2103 beneficio
542 2069 687 2103 effectus
710 2074 784 2110 est,
815 2069 877 2103 sed
899 2069 1012 2114 potius
1033 2070 1214 2103 tenebrosa
1227 2069 1380 2103 custodia
1396 2069 1554 2103 detentus
1570 2070 1632 2103 ob-

172 2126 305 2149 scuram
330 2119 366 2148 et
391 2115 543 2149 miseram
567 2115 671 2148 vitam
687 2126 817 2148 omnem
834 2115 904 2159 egit
919 2116 1102 2148 hactenus:
1133 2126 1221 2148 nunc
1243 2115 1319 2149 luce
1343 2126 1366 2149 a
1392 2121 1429 2148 te
1453 2114 1518 2147 sibi
1542 2126 1633 2148 nova

173 2162 292 2195 oborta
315 2167 433 2206 sperat
453 2160 681 2194 discutiendas
699 2172 776 2194 suas
799 2162 957 2195 tenebras
978 2167 1102 2195 exortu
1123 2160 1331 2206 principatus
1346 2160 1415 2200 tui,
1446 2165 1549 2205 teque
1566 2161 1631 2194 sibi

172 2208 311 2240 favente
333 2218 374 2240 ac
398 2211 574 2252 paternam
598 2206 642 2241 de
663 2218 702 2240 se
724 2218 839 2240 curam
862 2207 1074 2252 concipiente
1092 2218 1230 2241 serenos
1255 2206 1524 2252 tranquillosque
1538 2207 1633 2241 visu-

171 2263 243 2287 rum
268 2252 377 2288 dies.'’

263 2300 321 2333 23.
368 2299 547 2332 Annuente
573 2298 615 2332 ad
637 2298 722 2332 haec
747 2298 944 2339 Botaniate,
974 2307 1089 2330 rursus
1114 2307 1257 2331 exorsus
1278 2297 1448 2331 Alexius.'
1479 2298 1580 2331 “non
1598 2303 1636 2332 te

174 2343 263 2388 fugit
277 2345 451 2386 Auguste,
479 2344 590 2389 inquit
603 2371 613 2388 ,
645 2355 744 2388 quam
768 2349 922 2378 constans
945 2353 1009 2386 ego
1026 2343 1058 2376 in
1078 2343 1146 2377 fide
1162 2354 1245 2388 erga
1262 2353 1336 2376 eum
1353 2343 1411 2388 qui
1428 2348 1506 2376 ante
1521 2349 1558 2377 te
1573 2343 1636 2377 im-

173 2389 309 2434 peravit
322 2388 442 2422 fuerim
452 2413 462 2429 ,
494 2390 542 2421 ita
557 2395 596 2421 ut
612 2390 742 2421 cunctis
758 2390 801 2421 ad
817 2389 878 2422 tibi
893 2389 1142 2433 obsequendum
1158 2389 1264 2423 versis
1282 2399 1366 2422 unus
1382 2389 1456 2422 fere
1474 2389 1637 2422 hactenus

173 2434 394 2479 perstiterim,
427 2434 526 2467 nullis
549 2433 592 2466 ad
614 2439 650 2466 te
674 2444 736 2466 nec
762 2433 882 2478 legatis
908 2446 971 2468 nec
988 2435 1095 2468 literis
1110 2435 1230 2468 missis.
1278 2434 1466 2478 exemplum
1482 2435 1586 2468 habes
1601 2435 1635 2468 in

173 2480 240 2514 alio
267 2480 338 2514 eius
361 2480 452 2525 quod
477 2484 676 2525 exspectare
696 2479 770 2523 ipse
793 2490 813 2512 a
835 2491 887 2513 me
911 2485 1020 2524 potes.
1067 2484 1105 2512 ut
1121 2479 1208 2513 enim
1225 2479 1267 2513 ad
1284 2485 1467 2514 extremum
1482 2480 1530 2514 ini
1545 2481 1634 2515 fidus

174 2526 308 2570 exstiti,
339 2526 388 2559 sic
412 2537 518 2560 meam
544 2537 626 2569 erga
649 2530 685 2558 te
701 2525 862 2559 sinceram
877 2524 1139 2569 inviolatamque
1154 2525 1294 2559 habebis
1309 2525 1444 2560 fidem.''
1490 2527 1534 2560 ob
1551 2527 1635 2562 haec

175 2571 382 2605 collaudatus
407 2583 429 2605 a
444 2571 626 2606 Botaniate
640 2571 781 2604 Alexius
807 2571 958 2605 recessit.
1004 2571 1137 2604 interim
1163 2571 1287 2605 certior
1310 2572 1420 2605 factus
1435 2572 1635 2607 Botaniates

175 2617 334 2662 palatium
357 2629 378 2651 a
399 2618 468 2651 suis
492 2628 578 2663 quos
601 2617 824 2663 praemiserat
848 2622 1046 2661 occupatum
1062 2616 1170 2650 teneri
1186 2617 1291 2651 exivit
1306 2619 1587 2653 transfretaturus
1600 2619 1634 2653 in

175 2663 300 2706 regiam
315 2663 458 2698 domum.
505 2675 579 2697 cum
603 2668 715 2697 autem
740 2662 890 2696 venisset
911 2663 955 2697 ad
979 2663 1062 2696 litus
1079 2662 1209 2697 civitati
1223 2663 1423 2706 adversum,
1454 2666 1511 2699 ubi
1526 2676 1633 2699 vacca

176 2708 309 2753 lapidea
323 2709 356 2742 in
372 2709 521 2743 columna
535 2713 623 2752 stat,
654 2708 750 2742 navis
766 2719 841 2742 eum
855 2708 1071 2754 imperatoria
1081 2736 1091 2752 ‚
1123 2720 1212 2753 quae
1226 2709 1347 2743 dicitur
1363 2710 1499 2755 dromo,
1531 2722 1632 2745 exce·

176 2755 227 2799 pit
241 2754 418 2798 statimque
431 2766 504 2788 cum
519 2754 817 2789 acclamationibus
833 2760 869 2787 et
882 2755 977 2788 vario
992 2755 1155 2800 applausu
1170 2755 1203 2788 in
1217 2756 1377 2800 palatium
1394 2757 1540 2791 traiecit.

264 2800 320 2834 24.
342 2834 345 2836 ,
366 2799 460 2833 Inter
480 2801 562 2834 haec
577 2801 760 2846 imperator
775 2799 921 2833 Michael
935 2799 1047 2834 subito
1065 2811 1190 2835 comam
1202 2802 1350 2836 totondit
1364 2806 1400 2836 et
1414 2803 1630 2836 monasticum

174 2845 283 2879 induit
297 2844 465 2889 habitum,
494 2852 673 2891 praesente
700 2858 743 2881 ac
767 2845 934 2881 suadente
958 2851 1080 2893 patruo
1098 2847 1267 2892 Caesare,
1298 2848 1355 2894 qui
1370 2848 1542 2884 levitatem
1558 2847 1631 2881 eius
