1878 3262
603 219 998 265 HISTORIARUM
1031 224 1078 265 L.
1106 222 1180 266 111.
1526 225 1620 271 129

301 332 377 379 18.
438 330 674 392 Ἐπειδήπερ
701 331 722 378 ὅ
740 332 991 393 Ἀνδρόνικος
1012 337 1188 397 νυκτέρῳ
1214 338 1431 397 κυνηγεσίῳ
1447 339 1618 394 βασιλέα
1640 345 1671 380 Ρ
1695 347 1741 382 74

161 402 421 459 διατρίβοντα
447 401 546 459 ἔγνω
554 435 568 455 ,
607 404 767 454 ἱκανοὺς
788 402 981 461 Ἰσαῦρων
998 410 1078 448 τῶν
1095 409 1183 464 περὶ
1202 407 1323 449 αὐτὸν
1342 405 1617 463 ὁπλισάμενος,

161 472 273 528 οἵπερ
300 469 356 521 ὥς
380 471 484 514 κατὰ
509 471 658 522 παντὸς
676 472 787 530 αὐτῷ
804 473 1074 522 ξυνασπίσωσι
1093 477 1243 526 πίστεις
1260 475 1404 518 ἴδοσαν
1423 475 1618 533 φθάσαν-

159 557 244 593 τες,
275 539 400 582 ἰ’ππον
427 557 470 583 τε
497 539 622 583 αὑτοῦ
637 540 708 583 τὸν
726 538 1025 597 δρομικώτατον
1052 541 1293 598 ἐπαγόμενος
1310 545 1383 586 σὺν
1402 545 1539 595 αὐτοῖς
1556 547 1620 588 ἐπὶ

125 617 147 654 5
159 609 227 651 τὸν
243 605 367 651 τόπον
383 603 523 664 ἦλθεν.
583 608 678 651 ἀλλ’
699 608 848 658 αὖτοὺς
863 609 936 663 μὲν
955 609 1136 666 ἄποτέρω
1155 612 1217 652 ἐπὶ
1236 611 1389 668 λόχμης
1405 613 1474 656 τὸν
1487 614 1614 657 ιἵππον
1637 626 1671 662 V
1694 627 1738 662 58
1791 622 1796 634 ¹

157 678 405 728 καθέξοντας
438 677 622 733 ἔστησεν,
659 674 683 719 ὃ
718 677 762 719 δέ
796 677 866 727 ξὺν
895 675 1048 735 ἡμιόνῳ
1073 679 1187 734 ἐγγὺς
1211 683 1283 734 τῆς
1298 682 1498 733 βασιλέως
1512 677 1618 738 ἦλθε

99 796 103 801 f
157 751 325 801 σκηνῆς,
347 744 506 802 ἀποβάς
529 764 571 789 τε
595 744 728 803 ῆσυχῇ
746 743 954 803 ἐπορεύετο
972 745 1104 801 βάδην
1123 748 1353 805 ἐγχειρίδιον
1371 750 1551 794 ἐπισείων
1566 756 1619 809 τῇ

158 816 283 874 δεξιᾷ.
348 814 456 866 ὅπως
472 831 514 871 γε
530 814 612 870 μὴν
629 816 769 870 μηδενὶ
792 816 1025 872 φωραθείη,
1056 815 1213 871 Ἰταλὴν
1241 816 1328 859 ἀντὶ
1346 821 1417 872 τῆς
1434 819 1477 868 ἐξ
1494 818 1618 870 ἔθους

154 881 280 925 ὑπέδυ
299 882 457 938 στολήν.
513 882 567 934 ὥς
585 884 628 925 δὲ
645 883 743 939 ἔγνω
762 884 998 941 καταφανὴς
1015 884 1184 940 γεγονώς
1212 884 1318 940 (ἤδη
1337 885 1414 943 γὰρ
1433 888 1499 928 καὶ
1520 888 1617 943 ξίφη

103 950 433 1009 1Οπαρεγύμνουν
469 952 506 994 οἳ
540 951 610 994 τὸν
642 952 812 1006 βασιλέα
847 951 1049 995 ὕπνοῦντα
1083 958 1361 1011 περιεστῶτες,
1397 955 1438 996 ἐν
1465 952 1526 1005 οἷς
1549 957 1618 997 καὶ

149 1019 336 1076 Ἰωάννης
352 1016 401 1074 ἦν
420 1019 442 1062 ὃ
458 1021 657 1075 βασιλέως
674 1021 935 1077 ἀδελφιδοῦς,
972 1025 1131 1078 πρῶτος
1155 1024 1257 1079 φασὶ
1283 1022 1353 1065 τὸν
1365 1022 1617 1081 Ἀνδρόνικον
1639 1030 1670 1065 Β

155 1087 317 1132 ἐπιόντα
348 1088 490 1144 εἰδώς)
503 1122 517 1141 ,
554 1087 610 1139 ὥς
638 1083 708 1131 οὖν
729 1088 828 1145 ἴγνω
846 1094 974 1132 ταῦτα
993 1088 1298 1147 ὅἈνὸρόνικος,
1335 1092 1398 1133 ἐπὶ
1415 1090 1510 1147 γόνυ
1528 1097 1616 1134 κλι-

153 1160 246 1208 θεὶς
261 1157 331 1199 τὸν
347 1161 420 1212 τῆς
436 1157 611 1215 γαστρὸς
629 1160 754 1213 δῆθεν
773 1158 997 1216 ἀποκρίνειν
1022 1166 1296 1216 προσεποιεῖτο
1323 1159 1616 1215 σκυβαλισμόν,

153 1224 259 1268 οὕτω
275 1242 318 1268 τε
337 1226 441 1268 κατὰ
457 1226 592 1283 βραχὺ
609 1225 860 1278 ὗποποδίσας
886 1227 1010 1287 ᾤχετο
1039 1226 1180 1270 ἇπιιόν.
1250 1230 1317 1270 καὶ
1350 1227 1403 1271 τὰ
1437 1229 1510 1283 μὲν
1543 1233 1618 1285 τῆς

98 1295 142 1333 15
153 1295 368 1350 ἐπιβουλῆς
385 1295 532 1350 ἐκείνης
549 1296 728 1337 ἐνταῦθα
746 1294 893 1338 ἐλύετο.
962 1296 1081 1353 ὀλίγῳ
1100 1297 1143 1338 δὲ
1159 1294 1326 1354 ὕστερον
1344 1297 1419 1340 σὺν
1440 1298 1616 1340 πλείοσιν

146 1362 341 1420 Ἰσαύρων
359 1362 461 1420 ἐξῄει
477 1363 632 1420 νύκτωρ
652 1365 713 1405 ἐπὶ
731 1365 902 1418 βασιλέα
929 1363 1186 1419 στελλόμενος
1202 1379 1214 1390 ·
1251 1359 1372 1423 οὗπερ
1400 1365 1616 1422 ἀγγελθέν-

151 1449 221 1482 τος
245 1437 297 1489 τῇ
323 1434 502 1487 βασιλίδι
532 1432 634 1489 πρὸς
654 1433 852 1485 Ἀλεξίου,
889 1432 934 1484 ὃς
949 1440 1033 1484 τοῖς
1048 1437 1272 1487 βασιλικοῖς
1289 1435 1428 1489 τηνίκα
1447 1434 1618 1477 innexo*-

150 1502 249 1555 μίαν
267 1500 445 1558 ἐφεστώς
469 1495 519 1556 ἦν
556 1500 926 1559 (πρωτοστράτορα
943 1506 1062 1544 τοῦτο
1080 1506 1248 1544 καλοῦσι
1260 1501 1451 1556 Ῥωμαῖοι
1469 1503 1514 1545 τὸ
1532 1507 1616 1545 λει-

149 1567 389 1627 τούργημα)
401 1602 415 1622 ,
453 1570 495 1611 ἐν
521 1570 594 1623 μὲν
620 1573 679 1627 τῷ
704 1572 933 1626 παραυτίκα
950 1575 1031 1612 τῶν
1047 1587 1108 1620 τις
1125 1570 1394 1626 εὖζωνοτέρων
1411 1571 1615 1613 ἐστέλλετο

95 1643 142 1679 20
149 1636 340 1694 μηνύσων
356 1642 521 1694 βασιλεῖ
532 1638 605 1693 τὴν
621 1637 850 1694 ἐπιβουλήν.
918 1637 1002 1682 εἶτα
1019 1640 1085 1681 καὶ
1100 1637 1233 1693 Ἰσάχ,
1268 1638 1368 1696 ἀνὴρ
1398 1643 1614 1696 βαρβαρο-
1636 1655 1668 1691 c

150 1707 266 1763 γενὴς
301 1706 440 1757 εὔνους
475 1707 519 1749 δὲ
551 1711 716 1761 βασιλεῖ’
735 1706 934 1761 μάλιστα,
970 1708 1044 1750 σὺν
1072 1705 1346 1764 ὅπλοφοροῦσι
1372 1709 1617 1764 τριακοσίοις

153 1776 360 1830 ἐπέμπετο.
429 1775 524 1817 ἀλλ’
556 1774 667 1817 οὔπω
695 1781 769 1835 τοῦ
789 1776 902 1831 Ἰσὰχ
919 1778 982 1818 ἐπὶ
1000 1776 1069 1818 τὸν
1086 1773 1208 1818 τόπον
1226 1774 1440 1828 ἐλθόντος,
1478 1775 1614 1818 πυθό-

244 1896 278 1930 2.
301 1893 561 1939 διατρίβοντα]
585 1894 684 1928 Fort.
700 1890 992 1939 ἐνδιατρίβοντα.
1129 1895 1162 1928 8.
1187 1890 1225 1935 ἐξ
1240 1892 1375 1938 ἔθους]
1400 1893 1454 1927 Ita
1469 1892 1615 1928 Tollius.

244 1940 332 1973 cod.
357 1936 520 1980 ἐξέθους.
669 1941 723 1974 17.
748 1939 999 1984 ὶπποκομίαν]
1025 1940 1120 1974 Fort.
1146 1937 1381 1982 ἱπποκόμοις.
1427 1938 1491 1972 nisi
1522 1940 1614 1974 forte

243 1984 469 2028 ὶπποκομίας
490 1984 702 2019 scribendum
725 1989 760 2018 et
782 1984 850 2029 τῆς
871 1985 1061 2030 βασιλικῆς
1081 1996 1144 2030 pro
1167 1987 1247 2024 τοῖς
1270 1985 1482 2030 βασιλικοῖς.

243 2089 299 2124 18.
345 2088 532 2133 Postquam
555 2087 768 2122 Andronicus
791 2089 976 2121 nocturnae
997 2086 1169 2121 venationi
1183 2097 1318 2132 operam
1336 2086 1417 2121 dare
1432 2086 1616 2132 principem

150 2134 337 2178 intellexit,
370 2146 412 2168 ex
435 2134 582 2176 Isauris,
615 2135 673 2179 qui
689 2134 853 2167 adversus
871 2133 1053 2178 quemlibet
1069 2145 1142 2166 cum
1158 2133 1231 2178 ipso
1247 2143 1285 2167 se
1299 2132 1498 2167 militaturos
1511 2133 1615 2168 fidem

151 2181 334 2224 dederant,
365 2180 517 2214 delectos
543 2184 670 2224 armat,
700 2184 937 2223 assumptoque
957 2190 1043 2223 equo
1059 2179 1284 2224 pernicissimo
1298 2178 1340 2212 ad
1355 2179 1465 2212 locum
1482 2190 1556 2212 cum
1573 2179 1614 2213 fis

152 2226 258 2261 venit.
302 2226 368 2260 illis
394 2230 505 2259 autem
528 2226 657 2270 longius
677 2225 713 2258 in
735 2225 819 2258 silva
834 2224 953 2258 locatis
967 2224 1159 2269 traditoque
1172 2224 1212 2258 iis
1228 2235 1333 2269 equo,
1364 2223 1438 2269 ipse
1455 2224 1543 2258 mulo
1560 2224 1613 2258 in·-

153 2272 265 2307 sidens
293 2272 335 2307 ad
358 2272 608 2305 tabernaculum
631 2270 784 2305 succedit
807 2270 1031 2314 imperatoris.
1076 2270 1124 2304 ibi
1139 2274 1207 2304 tum
1222 2269 1323 2303 tacite
1337 2269 1466 2312 desilit,
1497 2274 1532 2303 et
1546 2281 1613 2315 pu·-

152 2320 285 2362 gionem
308 2318 427 2351 dextra
448 2318 586 2351 vibrans
610 2317 701 2351 lento
728 2315 942 2362 progreditur
966 2315 1094 2359 gradu:
1126 2327 1212 2350 neve
1235 2315 1544 2361 deprehenderetur
1569 2316 1612 2349 ab

153 2364 265 2410 aliquo
276 2391 287 2407 ‚
317 2364 469 2397 Italicum
494 2375 557 2408 pro
582 2368 744 2397 consueto
759 2372 874 2405 sagum
889 2361 1051 2395 induerat.
1097 2373 1173 2396 mox
1189 2373 1272 2395 vero
1287 2366 1326 2395 ut
1341 2372 1378 2394 se
1393 2362 1541 2405 agnitum
1559 2361 1612 2395 vi-

155 2410 206 2444 dit
230 2409 380 2455 (quippe
393 2410 458 2443 iam
472 2409 603 2453 gladios
619 2409 824 2443 strinxerant
839 2407 896 2452 qui
911 2407 1126 2441 dormientem
1142 2407 1324 2453 principem
1338 2407 1611 2449 circumstabant,

156 2460 260 2500 atque
273 2456 307 2489 in
323 2455 374 2489 his
389 2455 530 2489 Ioannes
543 2455 646 2500 ipsius
662 2466 704 2488 ex
720 2455 828 2488 fratre
841 2464 963 2498 nepos,
993 2453 1050 2499 qui
1073 2453 1198 2499 primus
1213 2458 1252 2485 ut
1270 2453 1362 2486 aiunt
1383 2452 1610 2486 Andronicum

156 2501 402 2545 adverterat),
435 2505 474 2535 ut
495 2501 600 2544 igitur
627 2500 660 2534 id
684 2499 768 2533 vidit
790 2499 1022 2542 Andronicus,
1055 2499 1213 2533 continuo
1228 2498 1261 2531 in
1276 2508 1386 2541 genua
1401 2497 1511 2531 flexus
1527 2509 1611 2531 exo-

155 2557 276 2581 nerare
298 2559 336 2581 se
358 2547 469 2581 alvum
491 2546 678 2588 simulavit,
705 2545 852 2590 indeque
866 2545 987 2579 sensim
1007 2548 1102 2579 retro
1116 2544 1237 2578 cedens
1260 2543 1354 2578 abiit.
1398 2543 1448 2576 ita
1468 2547 1609 2577 conatus

156 2591 205 2625 illi
226 2593 431 2638 consiliaque
457 2592 639 2627 Andronici
660 2602 840 2625 evanuere.
886 2590 982 2625 brevi
1002 2590 1181 2624 interiecto
1205 2594 1358 2634 tempore
1384 2599 1458 2622 cum
1483 2589 1612 2623 maiore

156 2637 346 2672 Isaurorum
360 2649 459 2672 manu
475 2638 519 2672 ad
533 2640 767 2684 imperatorem
781 2639 880 2670 nocte
894 2636 1126 2682 proficiscitur.
1172 2634 1261 2679 quod
1281 2635 1338 2668 ubi
1353 2634 1539 2668 nuntiatum
1556 2637 1610 2668 est

155 2683 327 2727 Augustae
341 2685 385 2719 ab
400 2684 519 2718 Alexio
533 2683 738 2730 imperatorii
752 2681 876 2717 stabuli
896 2682 1071 2727 praefecto
1103 2683 1408 2726 (protostratorem
1432 2680 1468 2713 id
1491 2691 1609 2714 mune·-

157 2728 204 2762 ris
224 2735 350 2764 vocant
375 2730 545 2774 Romani)
577 2729 710 2774 quidam
736 2728 903 2773 extemplo
918 2728 952 2762 in
968 2727 1081 2773 primis
1096 2725 1274 2772 expeditus
1290 2737 1347 2760 eas
1361 2725 1499 2760 insidias
1513 2726 1609 2771 prin—

156 2773 223 2818 cipi
235 2773 438 2810 indicaturus
454 2776 613 2810 mittitur:
644 2786 789 2820 moxque
803 2774 900 2808 lsach
910 2800 922 2817 ‚
953 2774 1010 2818 qui
1024 2785 1045 2807 a
1060 2772 1211 2807 barbaris
1225 2772 1369 2806 ducebat
1391 2783 1518 2816 genus,
1550 2783 1609 2805 ce·-

156 2819 313 2863 teroquin
326 2820 415 2854 fidus
432 2832 506 2855 cum
520 2821 658 2855 maxime
671 2820 863 2866 imperatori
872 2845 883 2862 ‚
914 2831 990 2853 cum
1004 2819 1167 2853 trecentis
1181 2818 1317 2852 armatis
1332 2817 1374 2851 ad
1392 2829 1464 2851 eum
1481 2817 1610 2863 pariter

155 2864 391 2910 proficiscitur.
435 2867 495 2900 sed
518 2867 709 2912 priusquam
731 2867 774 2902 ad
795 2867 904 2901 locum
919 2866 1018 2901 Isach
1034 2864 1244 2910 perveniret,
1273 2874 1312 2897 re
1326 2868 1489 2908 percepta
1502 2863 1610 2906 impe-

214 2917 411 2952 Cinnamus.
1308 2913 1335 2951 9
