1878 3262
639 202 1038 248 HISTORIARUM
1071 206 1119 248 L.
1144 205 1223 249 IV.
1575 205 1671 253 167
1712 231 1713 234 ¹

195 316 427 376 διέφθειρον
451 314 685 376 πράγματα.
754 318 928 378 στρατὸν
953 319 1032 377 γὰρ
1056 317 1166 375 ἣκειν
1184 319 1227 362 ἔκ
1245 318 1469 372 Βυζαντίου
1489 323 1668 378 καραδο-

192 391 354 437 κοῦντες
370 386 449 442 ἤδη
460 420 473 439 ,
503 389 544 438 ἒς
561 388 633 443 τὴν
651 389 799 431 ἐκείνου
817 387 924 443 τάχα
942 391 1171 445 παρουσίαν
1188 389 1261 445 τὴν
1279 390 1512 446 προσβολὴν
1529 391 1663 435 ἀπετί-

190 459 326 498 θεντο.
397 454 452 506 ὥς
480 457 524 499 δὲ
549 457 627 512 ἤδη
654 458 770 513 ἔγγὺς
796 455 894 500 εἶναι
915 457 1124 513 ἠγγέλλετο
1144 460 1186 499 Γ
1183 460 1357 512 ιλιέλμος
1366 491 1378 509 ,
1413 457 1502 501 τότε
1523 460 1573 514 δὴ
1593 461 1664 516 τὴν

190 524 433 582 ἀμφοτέρων
463 525 625 576 ἄκοντες
650 526 880 580 ἀνεδέχοντο
906 524 1056 580 μάχην.
1126 526 1246 584 ἄνδρε
1266 529 1398 569 τοίνυν
1417 526 1490 569 δύο
1511 531 1664 583 δοκίμω

156 602 180 637 5
190 593 240 635 τὰ
260 596 316 643 εἷς
333 593 407 643 τὰς
422 593 560 649 μάχας
577 593 847 648 ἐπιλεξάμενοι
859 626 872 646 ,
905 592 1158 636 Ἰωαννάκιόν
1176 596 1220 637 τέ
1235 614 1323 638 τινα
1342 595 1577 654 Κριτόπλην
1595 600 1663 640 καὶ

185 660 412 719 Παιράμην
445 665 611 721 Πέρσην
644 665 777 720 γένος,
815 662 902 717 ἅμα
928 663 1087 719 Ἴβηρσι
1123 665 1190 705 καὶ
1226 666 1498 720 ΖΙἸασαγέταις
1526 666 1598 723 ἐφ’
1629 661 1664 724 ᾧ

187 731 529 788 ἄκροβολίσεσθαι
569 733 777 787 ἔπεμψαν·
815 732 861 774 οἳ
884 734 951 775 καὶ
979 732 1114 787 ἐπειδὴ
1141 730 1313 786 τάχιστα
1344 740 1428 783 τοῖς
1455 736 1661 789 πολεμίοις
1683 742 1712 777 Ρ
1736 744 1782 779 97

184 801 401 854 συνέμιξαν
427 801 504 859 πρὸ
531 802 643 844 πέντε
670 818 748 844 που
775 803 843 844 καὶ
871 799 1172 859 τεσσαράκοντα
1202 803 1376 843 σταδίων
1402 802 1472 844 τὸν
1495 802 1661 859 χάρακα

184 870 449 923 πηξαμένοις,
487 871 528 913 ἓν
555 875 606 927 τῇ
634 868 803 927 ἐγγύθεν
831 870 1055 930 ἆποπορείᾳ
1081 870 1187 913 κατὰ
1214 869 1343 913 νώτου
1363 870 1502 921 αὐτοῖς
1520 873 1660 916 ἐπιθέ-

129 948 295 992 1Ομενοι
324 938 500 990 πολλούς
527 957 568 982 τε
596 944 677 982 τῶν
702 941 765 982 ἐπὶ
791 944 866 994 τῆς
892 939 1087 997 οὗραγίας
1112 939 1287 982 ἔκτειναν
1316 942 1383 982 καὶ
1405 941 1557 991 ἵππους
1578 946 1659 984 τῶν

182 1006 443 1064 σκευοφόρων
478 1009 650 1063 συχνοὺς
683 1007 866 1063 ἤλασαν,
902 1006 1067 1063 σημεῖόν
1102 1026 1144 1051 τε
1182 1013 1293 1065 σφᾶς
1328 1007 1568 1066 ἀφελόμενοι
1594 1011 1658 1051 ἐπὶ

181 1077 420 1133 Βρεντέσιον
454 1072 599 1133 ἦλθον.
669 1077 774 1119 ἀλλὰ
809 1079 969 1120 Σικελοὶ
994 1075 1140 1120 τούτου
1166 1078 1240 1132 μὲν
1266 1072 1387 1132 ἧττον
1414 1076 1656 1135 ἐφρόντισαν

182 1143 279 1200 (ἅτε
313 1145 390 1202 γὰρ
428 1147 470 1188 ἐν
506 1145 654 1201 πλήθει
680 1144 844 1205 μεγάλῳ
873 1147 1068 1202 αἴσθησις
1095 1147 1263 1200 οὐδεμία
1282 1145 1440 1197 τούτοις
1458 1147 1606 1202 ἐγένετο
1618 1148 1654 1203 ),

178 1213 299 1271 ὀλίγῳ
336 1215 380 1256 δὲ
408 1213 628 1269 (Ρωμαίων
656 1215 1139 1274 ἇπεστρατοπεδευμένοι,
1177 1214 1260 1273 ὅσῳ
1288 1215 1534 1273 ἀμφοτέροις
1560 1217 1655 1267 τοὺς

124 1288 168 1325 15
173 1283 460 1339 χορταγωγοὺς
477 1286 787 1341 ἐπιμίγνυσθαι,
825 1285 895 1327 τὸν
913 1284 1088 1339 πόλεμον
1106 1284 1336 1341 διέγραφον.
1406 1284 1484 1340 ἤδη
1514 1285 1558 1327 δὲ
1587 1287 1654 1327 καὶ

176 1351 224 1394 τὸ
250 1352 438 1394 ναυτικὸν
465 1354 598 1410 ὀλίγον
630 1354 772 1396 λοιπὸν
789 1358 863 1397 τοῦ
880 1354 1038 1408 λιμένος
1056 1353 1309 1396 ἀποσαλεῦον
1321 1355 1466 1396 ἰ’στατο
1486 1352 1656 1404 τούτοις.

177 1421 246 1463 καὶ
282 1423 440 1464 Σικελοὶ
475 1423 548 1477 μὲν
582 1423 624 1465 έν
658 1421 816 1474 τούτοις
842 1417 968 1478 ἦσαν·
1000 1421 1201 1477 “Ρωμαΐοι
1221 1423 1264 1464 δὲ
1281 1423 1348 1464 καὶ
1367 1420 1563 1480 πρότερον
1579 1423 1653 1477 μὲν
1675 1427 1706 1462 Β

175 1493 316 1548 πολλῷ
341 1495 401 1549 τῷ
430 1490 716 1535 διαλλάσσοντι
742 1496 816 1535 τοῦ
832 1496 914 1535 τῶν
931 1493 1133 1546 πολεμίων
1149 1491 1442 1547 ἠλαττονοῦντο
1462 1497 1654 1548 στρατοῦ,

173 1556 264 1602 τότε
283 1560 328 1601 δὲ
346 1559 403 1603 ἔτι
420 1565 576 1615 μᾶλλον
592 1559 753 1619 ὗπέρρει
771 1560 823 1604 τὰ
841 1565 913 1616 τῆς
930 1559 1139 1615 δυνάμεως
1154 1560 1306 1610 αὐτοῖς.
1377 1559 1492 1602 ἄλλοι
1511 1577 1553 1603 τε
1572 1561 1650 1617 γὰρ
1663 1564 1709 1601 .V
1732 1567 1777 1603 76

118 1626 233 1678 Ξθῶς
257 1632 434 1672 πλεῖστοι
461 1629 688 1685 συμμάχων
715 1629 964 1681 ἀπετάξαντο
989 1628 1170 1682 τούτοις,
1206 1631 1271 1672 καὶ
1293 1628 1344 1684 δὴ
1363 1630 1431 1671 καὶ
1449 1629 1575 1687 μοῖρά
1594 1647 1655 1680 τις

175 1698 344 1740 Κελτῶν
370 1698 443 1741 οὗκ
470 1699 635 1755 ἀγεννὴς
661 1703 818 1753 μισθοῦ
838 1698 1062 1754 εΡωμαιόις
1087 1696 1336 1741 δουλεύουσα
1355 1700 1396 1739 Γ
1393 1698 1558 1756 ιλιέλμῳ
1577 1702 1653 1740 λα-

174 1764 407 1822 θραιότατα
431 1767 728 1825 προσεχώρησε.
796 1773 926 1813 ταῦτα
952 1766 974 1811 ὃ
1003 1770 1045 1810 Γ
1042 1769 1216 1822 ιλίελμος
1234 1765 1340 1824 δρῶν
1358 1769 1440 1810 δεῖν
1459 1766 1559 1823 ἔγνω
1576 1768 1650 1821 τὴν

173 1838 249 1876 τοῦ
277 1840 421 1893 καιροῦ
448 1836 719 1894 προαρπάζειν
735 1836 909 1893 ὀξύτητα
921 1869 935 1889 ,
971 1835 1029 1891 μύ
1046 1853 1142 1879 ποτε
1159 1840 1233 1878 τοῦ
1246 1834 1398 1893 χρόνου
1418 1837 1649 1891 διαγενομέ-

267 1944 301 1978 8.
323 1942 421 1988 πρὸ]
445 1944 546 1978 Fort-
569 1941 661 1978 ἀπό.
759 1945 793 1979 9.
818 1942 1052 1991 &nonne-5192]
1076 1943 1164 1979 Cod.
1188 1941 1394 1988 α’ποπορίᾳ.
1490 1943 1547 1979 23.
1570 1942 1649 1978 δια-

266 1987 491 2035 γενομένου]
515 1990 602 2024 Cod.
625 1988 896 2034 διαγινομένου.

174 2092 255 2116 vum
279 2082 405 2127 quippe
428 2082 597 2126 Byzantio
622 2081 805 2117 exercitum
830 2084 1048 2127 expectantes
1075 2092 1251 2126 quousque
1277 2081 1414 2116 adesset
1442 2081 1500 2116 ille
1531 2082 1650 2127 (quod

173 2127 274 2161 brevi
288 2129 440 2163 futurum
457 2129 738 2173 arbitrabantur)
752 2153 763 2170 ‚
793 2129 908 2162 hostes
923 2128 1063 2172 aggredi
1078 2128 1292 2162 distulerunt.
1339 2128 1398 2162 ubi
1414 2132 1496 2161 Vero
1513 2128 1650 2161 Guliel-

174 2184 263 2208 mum
285 2185 392 2219 prope
406 2174 530 2208 adesse
545 2174 691 2208 affertur
701 2200 710 2212 ,
737 2179 808 2207 tum
825 2186 909 2207 vero
924 2174 1025 2207 etiam
1041 2173 1140 2207 inviti
1155 2178 1332 2218 utrumque
1346 2174 1464 2208 ineunt
1479 2173 1648 2219 praelium.

174 2220 260 2253 duos
274 2219 392 2265 itaque
413 2225 588 2265 spectatae
603 2220 636 2253 in
652 2219 740 2254 bello
761 2220 897 2254 virtutis
921 2220 1072 2253 delectos
1093 2219 1208 2260 viros,
1239 2219 1446 2254 loannicium
1471 2219 1649 2265 quemdam

174 2265 363 2311 Critoplem
388 2270 425 2300 et
448 2266 646 2300 Paeramem
669 2266 808 2300 natione
834 2266 992 2308 Persam,
1018 2276 1091 2299 cum
1106 2264 1216 2299 Iberis
1230 2270 1266 2299 et
1281 2265 1486 2310 Massagetis
1502 2265 1545 2300 ad
1559 2265 1649 2299 veli-

174 2311 316 2345 tandum
343 2323 419 2346 cum
443 2313 596 2346 hostibus
622 2312 855 2357 praemittunt.
903 2311 961 2345 ubi
975 2321 1013 2345 se
1025 2311 1067 2345 iis
1083 2311 1197 2345 statim
1210 2311 1440 2353 immiscuere‚
1468 2315 1587 2357 utpote
1602 2311 1647 2345 ad

174 2358 328 2402 quintum
354 2364 388 2392 et
410 2358 700 2403 quadragesimum
729 2357 872 2392 stadium
897 2362 1009 2391 castra
1031 2357 1252 2397 habentibus;
1284 2357 1474 2402 fugientes,
1502 2368 1646 2402 quorum

174 2403 292 2437 brevis
317 2403 363 2437 ad
388 2415 467 2438 suos
491 2410 567 2438 erat
591 2404 741 2446 reditus,
771 2415 792 2437 a
809 2408 908 2448 tergo
923 2403 1106 2447 invadunt,
1136 2404 1260 2437 multos
1275 2403 1318 2437 de
1332 2409 1485 2437 extrema
1501 2402 1648 2437 caedunt

174 2449 250 2483 acie
260 2477 272 2494 ‚
301 2449 531 2495 plurimosque
545 2450 746 2484 sarcinarios
763 2450 901 2494 capiunt
917 2461 1040 2494 equos,
1073 2449 1276 2494 tandemque
1292 2454 1411 2494 erepto
1427 2449 1471 2481 ad
1486 2449 1572 2481 haec
1586 2448 1646 2482 mi-

174 2494 264 2528 litari
278 2495 372 2539 signo
388 2496 612 2530 Brundusium
627 2500 856 2531 revertuntur.
894 2507 1012 2529 verum
1027 2507 1048 2529 a
1065 2495 1189 2528 Siculis
1204 2506 1245 2528 ea
1261 2495 1373 2528 clades
1387 2495 1421 2528 in
1435 2494 1504 2528 levi
1519 2493 1648 2536 habita,

175 2551 249 2574 cum
264 2540 298 2575 in
313 2546 410 2576 tanta
424 2542 636 2576 multitudine
651 2541 709 2575 vix
725 2542 967 2587 perciperetur.
992 2541 1089 2574 simul
1106 2542 1210 2584 at'que
1225 2552 1309 2574 vero
1325 2540 1390 2574 iam
1406 2540 1562 2585 proxime
1571 2539 1646 2573 Ro-

174 2596 292 2620 manos
316 2592 430 2622 castra
454 2588 477 2621 ii
499 2588 700 2631 admovere,
730 2588 781 2621 ita
806 2594 845 2621 ut
867 2587 972 2633 partis
986 2587 1159 2631 utriusque
1178 2586 1394 2629 pabulatores
1411 2586 1644 2629 miscerentur,

175 2631 415 2667 ordinaverunt
428 2634 518 2668 acies
530 2647 540 2667 ι
570 2634 636 2668 iam
652 2645 715 2666 nec
728 2634 846 2680 procul
861 2645 882 2668 a
898 2639 1000 2678 portu
1015 2635 1138 2667 aberat
1151 2632 1283 2666 illorum
1301 2632 1429 2667 classis.
1476 2631 1554 2666 talis
1570 2638 1645 2665 erat

177 2687 289 2711 rerum
318 2679 408 2724 apud
439 2679 574 2716 Siculos
607 2686 726 2714 status.
774 2683 843 2713 tum
858 2691 942 2712 vero
961 2679 1104 2713 maxime
1118 2689 1139 2711 a
1153 2678 1339 2720 Romanis,
1371 2678 1428 2722 qui
1452 2677 1518 2712 iam
1540 2683 1644 2712 antea

175 2722 313 2757 militum
327 2735 465 2760 numero
480 2725 582 2770 longe
596 2726 776 2760 inferiores
791 2725 905 2759 hostili
931 2730 1028 2759 erant
1052 2723 1203 2758 exercitu
1213 2750 1224 2766 ‚
1254 2723 1397 2758 defluxit
1412 2725 1518 2760 robur
1532 2729 1567 2758 et
1580 2735 1643 2757 au-

177 2768 287 2803 dacia.
330 2781 407 2804 nam
423 2776 458 2805 et
471 2772 611 2806 aliorum
626 2771 793 2806 sociorum
808 2782 907 2816 quam
923 2773 1038 2816 plures
1053 2771 1095 2804 ab
1111 2770 1152 2804 iis
1167 2775 1244 2804 sunt
1259 2770 1393 2816 dilapsi,
1417 2775 1452 2803 et
1469 2769 1641 2804 Celtarum

178 2825 244 2847 non
266 2814 424 2857 ignobilis
444 2822 578 2860 turma,
607 2830 696 2864 quae
719 2819 783 2852 sub
806 2819 966 2852 Romanis
990 2816 1156 2860 stipendia
1172 2817 1346 2852 merebat„
1376 2816 1419 2849 ad
1437 2815 1642 2849 Gulielmum

178 2859 402 2901 occultissime
425 2863 594 2900 transivit.
624 2904 626 2908 .
640 2875 683 2899 ea
696 2865 754 2900 ubi
769 2864 798 2899 is
814 2863 920 2907 vidit,
948 2863 1109 2898 utendum
1125 2863 1305 2898 occasione
1319 2862 1481 2908 temporis
1497 2859 1642 2905 putant,
