1878 3262
349 207 409 250 IN
430 204 747 249 HISTORIAM
766 204 994 249 IOANNIS
1014 204 1247 259 CINNAM]
1272 203 1474 248 NOTAE.
1546 203 1645 250 379

178 319 462 370 imperatorum
482 315 721 367 eligerentur
739 327 945 363 consensu,
967 314 1017 353 de
1037 328 1115 366 qua
1133 315 1258 354 multa
1283 314 1360 354 viri
1381 314 1487 354 docti
1504 314 1645 353 hacte-

180 388 256 414 nus
292 380 410 425 atque
445 372 626 424 inprimis
665 372 829 410 Iacobus
851 371 1043 410 Pamelius
1070 372 1123 410 ad
1149 372 1270 424 epist.
1295 372 1350 413 52
1379 373 1419 411 S.
1444 371 1643 424 Cypriani,

182 431 351 482 Angelus
372 444 394 468 a
409 430 518 468 Nuce
542 429 594 467 ad
614 429 733 467 Leon.
751 428 836 467 Ost.
855 428 882 466 l.
901 430 929 470 3
958 441 991 468 c.
1011 431 1063 469 21
1090 431 1167 478 50,
1206 428 1468 467 Bellarminus
1480 458 1492 479 ‚
1519 429 1646 467 Baro-

179 488 271 527 nius
290 493 330 526 et
347 487 413 525 alii
431 485 584 525 erudite
605 492 646 525 et
665 486 820 537 copiose
842 484 1125 523 disseruerunt.

292 569 332 608 p.
348 557 431 598 229
451 568 491 596 v,
512 557 553 596 3.
612 550 673 596 ὅτι
695 550 750 606 μή
772 551 950 605 βασιλεῖ]
988 552 1042 590 Et
1062 564 1155 590 sane
1180 558 1311 590 stante
1329 552 1557 604 gravissimo
1578 551 1647 589 illo

182 611 292 663 quod
322 611 522 649 ecclesiam
559 610 763 650 divexavit
796 608 866 647 diu
895 607 1102 647 schismate
1139 608 1298 646 Manu‘el
1332 622 1518 660 magnum
1554 607 1650 646 inde

183 669 258 707 sibi
284 663 421 707 volens
452 679 681 719 comparare
712 665 1044 714 emolumentum,
1081 665 1355 703 Alexandrum
1379 667 1412 704 11
1437 680 1502 718 pp.
1528 665 1650 704 variis

184 725 321 764 officiis
338 725 410 763 sibi
428 724 634 763 conciliare
658 722 832 770 studuit,
863 735 943 773 quo
970 722 1046 760 sibi
1070 722 1142 760 soli
1169 723 1468 773 imperatorium
1488 722 1651 761 titulum

184 788 396 831 assereret,
426 781 618 833 promisso
641 780 759 818 etiam
778 793 860 817 non
875 778 1032 817 modico
1053 778 1199 817 auxilio
1220 785 1260 816 et
1277 778 1447 817 duarum
1467 779 1651 818 ecclesia-

184 853 275 877 rum
291 838 495 891 proposita
515 838 679 884 unione:
707 835 816 888 quod
834 835 926 874 olim
943 848 1041 875 avus
1055 835 1246 874 Manuelis
1266 835 1425 873 Alexius
1444 850 1466 873 a
1480 835 1651 874 Pascha-

183 896 213 934 li
230 896 266 933 11
283 908 349 947 pp.
378 895 554 933 obtinere
583 895 708 932 etiam·
734 892 903 930 annixus
936 894 1088 948 suerat,
1128 906 1217 931 cum
1246 892 1295 930 ab
1316 892 1490 930 Henrico
1511 892 1547 931 V
1576 892 1653 929 im-

186 958 371 1003 peratore
389 952 562 1003 pressius
584 951 649 989 ille
665 955 896 1001 urgeretur,
925 956 973 988 ut
991 956 1132 988 auctor
1154 956 1214 988 est
1233 950 1374 987 Petrus
1394 950 1553 987 Diacon.
1579 948 1606 985 l.
1626 946 1653 987 4

187 1008 336 1047 Chron.
357 1009 441 1047 Cas.
471 1022 504 1046 c.
520 1008 588 1049 46.
647 1008 744 1045 Acta
769 1004 985 1044 Alexandri
1013 1007 1060 1046 A.
1094 1009 1219 1048 1166:
1252 1020 1327 1058 per
1357 1005 1464 1043 idem
1497 1013 1655 1056 tempus

186 1066 393 1104 Emanuel
406 1078 584 1117 magnus
601 1072 638 1102 et
657 1063 833 1101 excelsus
858 1063 1024 1116 Cpoleos
1043 1065 1276 1115 imperator,
1298 1064 1427 1100 sciens
1447 1063 1655 1101 molestias

189 1129 227 1160 et
249 1123 501 1174 gravamina
541 1135 647 1173 quae
671 1119 910 1173 praedictus
942 1118 1180 1158 Fredericus
1214 1118 1436 1157 venerando
1472 1121 1654 1171 episcopo

187 1177 421 1218 Alexandro
444 1185 587 1216 contra
619 1177 738 1216 deum
764 1184 800 1214 et
825 1190 977 1215 omnem
1008 1178 1213 1214 iustitiam
1234 1176 1474 1214 minabatur
1494 1176 1654 1227 inferre,

189 1237 302 1273 misit
322 1234 382 1273 ad
398 1235 536 1273 urbem
553 1235 731 1273 Romam
751 1233 974 1272 Iordanum
991 1235 1152 1286 imperii
1170 1235 1239 1270 sui
1260 1233 1464 1270 seba-stum
1484 1233 1656 1284 fllium-

189 1307 266 1345 que
295 1290 463 1331 Roberti
492 1291 683 1343 Capuani
710 1292 914 1342 principis
953 1289 1013 1329 ad
1040 1291 1337 1328 subventionem
1371 1297 1407 1327 et
1445 1291 1657 1327 servitium

190 1348 366 1387 eiusdem
386 1349 610 1400 pontificis.
676 1349 838 1386 veniens
864 1354 999 1384 autem
1028 1346 1136 1384 idem
1161 1347 1347 1385 seba-stus
1382 1347 1591 1384 humiliter
1618 1358 1659 1382 se

192 1406 412 1444 inclinavit
430 1403 557 1442 eidem
570 1405 758 1456 pontifici
775 1411 812 1441 et
829 1403 980 1441 oblatis
1001 1403 1061 1441 ad
1072 1403 1196 1455 pedes
1222 1407 1307 1442 eius
1324 1405 1488 1455 magnis
1509 1411 1547 1441 et
1560 1417 1660 1454 pre-

191 1464 311 1500 tiosis
338 1461 594 1510 muneribus,
638 1463 778 1499 omnia
803 1474 908 1512 quae
933 1460 1106 1498 habebat
1135 1463 1181 1498 in
1208 1460 1418 1498 mandatis
1444 1459 1660 1512 diligenter

193 1520 388 1571 exposuit.
447 1525 484 1555 et
501 1520 605 1555 inter
624 1525 754 1555 cetera
774 1531 904 1555 unum
924 1518 1204 1555 continebatur
1225 1523 1298 1556 etc.
1355 1518 1532 1554 asseruit
1556 1517 1661 1553 enim

193 1574 305 1629 quod
322 1574 429 1612 idem
449 1577 669 1626 imperator
691 1575 901 1611 ecclesiam
919 1588 1040 1612 suam
1059 1576 1175 1612 unire
1196 1574 1356 1612 volebat
1379 1580 1452 1614 etc.
1517 1573 1662 1611 Nihilo

194 1634 332 1670 minus
356 1631 539 1683 petebat,
577 1639 625 1668 ut
655 1633 758 1683 quia
788 1632 947 1668 occasio
969 1634 1082 1669 iusta
1103 1639 1137 1668 et
1160 1639 1316 1682 tempus
1339 1637 1609 1683 opportunum
1629 1636 1664 1666 et

195 1689 439 1741 acceptabile
459 1703 500 1725 se
523 1688 748 1736 obtulerat,
788 1689 969 1726 Romani
998 1701 1147 1726 corona
1170 1690 1330 1740 imperii
1348 1703 1375 1725 a
1391 1687 1481 1725 sede
1501 1693 1665 1738 aposto-

194 1747 280 1784 lica
305 1744 559 1794 redderetur,
600 1745 793 1796 quoniam
826 1758 906 1782 non
933 1743 994 1782 ad
1010 1743 1216 1782 frederici
1233 1745 1476 1793 Alemanni,
1515 1742 1588 1781 sed
1610 1741 1670 1780 ad

198 1804 264 1841 ius
281 1815 402 1839 suum
430 1808 619 1838 assereret
642 1802 852 1851 pertinere.
910 1799 970 1837 ad
998 1800 1112 1852 quod
1134 1815 1236 1853 opus
1255 1800 1506 1853 jaciendum
1527 1807 1669 1837 tantas

199 1860 298 1897 auri
318 1859 556 1909 argentique
582 1871 674 1908 opes
703 1863 739 1894 et
755 1857 939 1909 sortium
963 1859 1146 1895 virorum
1161 1859 1391 1909 potentiam
1417 1872 1458 1894 se
1483 1857 1669 1908 largitu-

198 1929 289 1954 rum
299 1915 474 1966 firmiter
493 1912 736 1965 spondebat,
767 1912 879 1965 quod
901 1927 981 1951 non
1001 1915 1135 1952 solum
1155 1915 1346 1963 Romam,
1377 1912 1451 1950 sed
1467 1915 1589 1950 etiam
1606 1920 1670 1950 to-

198 1980 285 2010 tam
302 1971 471 2010 Italiam
494 1968 552 2007 ad
568 1970 754 2007 ecclesiae
775 1971 983 2008 servitium
1006 1978 1043 2007 et
1067 1969 1360 2008 restituendam
1383 1970 1463 2008 sibi
1485 1971 1670 2007 ecclesiae

200 2042 390 2068 coronam
409 2027 561 2078 absque
578 2024 703 2064 dubio
722 2027 909 2077 sufficere
919 2033 1094 2078 poterat.
1124 2026 1235 2078 quod
1253 2027 1416 2066 verbum
1433 2028 1525 2064 licet
1543 2027 1668 2064 nimis

202 2085 374 2137 difficile
403 2082 607 2123 videretur
641 2085 676 2120 ei
707 2090 744 2120 et
775 2083 907 2120 multa
940 2081 1225 2121 deliberatione
1251 2098 1354 2135 opus
1373 2083 1536 2132 habere,
1568 2083 1668 2120 utile

202 2150 335 2181 tamen
354 2143 486 2180 visum.
506 2147 575 2190 est,
602 2147 650 2177 ut
658 2140 872 2191 paulisper
887 2139 1029 2178 lzabito
1049 2155 1141 2178 cum
1150 2142 1363 2191 fratribus
1381 2142 1472 2178 suis·
1495 2141 1667 2177 consilio

203 2201 433 2252 episcopum
447 2199 667 2237 Ostiensem
686 2203 722 2233 et
739 2195 991 2233 cardinalem
1006 2198 1076 2235 SS.
1086 2197 1256 2236 Ioannis
1265 2205 1301 2235 et
1309 2199 1440 2245 Pauli
1448 2212 1527 2249 pro
1540 2211 1670 2234 causa

204 2258 298 2308 ipsa
323 2253 547 2292 tractanda
574 2268 593 2290 e
619 2253 742 2290 latere
767 2267 842 2290 suo
870 2267 963 2290 cum
988 2253 1205 2305 praedicto
1235 2254 1391 2292 sebasto
1416 2253 1474 2292 ad
1491 2252 1670 2291 eiusdem

205 2314 462 2364 imperatoris
491 2312 768 2363 praesentiam
805 2308 1036 2350 destinaret.
1104 2311 1142 2348 id
1181 2312 1298 2350 etiam
1327 2317 1466 2362 postea
1501 2309 1672 2348 tentavit

203 2369 365 2407 Manuel
381 2369 426 2407 A.
441 2371 563 2414 1170,
582 2372 630 2406 ut
649 2379 699 2404 ex
718 2366 827 2404 Actis
848 2367 1019 2406 eiusdem
1041 2368 1238 2420 pontificis
1259 2368 1455 2420 colligitur
1475 2367 1582 2419 apud
1592 2367 1672 2405 Ba-

206 2426 376 2465 ronium.
434 2439 473 2465 v.
490 2424 594 2462 infra
612 2437 653 2476 p.
674 2425 758 2464 262
778 2436 835 2474 sq.

317 2518 359 2556 p.
379 2507 462 2547 232
489 2517 529 2542 v.
550 2507 589 2545 6.
644 2498 944 2556 Ἱερόσθλαβον]
976 2502 1225 2542 Hieroslaum
1255 2502 1471 2542 Vladimeri
1496 2502 1539 2540 in
1568 2501 1677 2541 Gali-

210 2565 294 2598 tzae
314 2561 540 2613 principatu
557 2572 830 2599 successorem.
873 2573 914 2598 v.
932 2574 1051 2611 supra
1070 2574 1109 2612 p.
1127 2559 1221 2601 115.
1265 2561 1417 2613 excepit
1432 2560 1498 2598 ille
1514 2559 1677 2598 Andro—

210 2616 344 2655 nicum
369 2618 613 2656 Comnenum
632 2629 653 2654 e
679 2629 833 2654 carcere
850 2615 1043 2654 Manuelis
1063 2617 1285 2668 profugum.
1323 2617 1459 2656 eadem
1477 2618 1559 2656 fere
1576 2628 1678 2668 quae

212 2671 422 2712 Cinnamus
442 2673 564 2713 habet
589 2673 638 2712 de
656 2672 875 2712 Andronici
893 2674 987 2725 suga
1007 2673 1162 2712 Nicetas
1181 2673 1207 2712 l.
1227 2675 1254 2718 4
1273 2687 1313 2712 n.
1334 2677 1371 2718 1.

326 2764 366 2802 p-
382 2751 464 2794 234
483 2766 523 2792 v.
542 2756 607 2796 11.
635 2750 738 2807 πρὸς
761 2755 835 2793 τοῦ
852 2751 1031 2804 παπίον]
1060 2753 1228 2806 Pappiae
1254 2766 1323 2793 seu
1347 2756 1486 2807 papiae
1503 2751 1676 2792 officium

216 2812 303 2845 erat
319 2807 455 2858 palatii
475 2809 676 2859 custodia,
706 2809 779 2848 sub
798 2810 1026 2862 curopalata
1044 2810 1203 2861 scilicet,
1233 2811 1344 2850 cuius
1362 2811 1573 2865 praecipua
1593 2812 1678 2846 erat

216 2864 321 2903 illius
339 2876 448 2916 cura,
476 2871 525 2905 ut
541 2878 592 2906 ex
608 2867 870 2908 Constantino
882 2867 1060 2909 Manasse
1082 2867 1232 2908 discere
1249 2874 1327 2907 est:
