1878 3262
629 604 1360 676 PRAEFATIO

482 742 870 800 PETRI
951 740 1510 799 PosslNl.

265 986 455 1060 Viduae
484 1017 624 1060 Annae
653 1018 889 1062 Comnenae
922 1021 1121 1061 amissum
1151 1026 1192 1060 et
1214 1017 1364 1059 misere
1387 1014 1642 1073 deploratum
1659 1012 1726 1055 vi-

264 1100 356 1126 rum
386 1086 664 1143 Nicephorum
692 1088 911 1130 Caesarem
938 1089 1192 1143 Bryennium
1219 1084 1442 1143 Euripiden
1476 1085 1587 1126 velut
1622 1097 1726 1138 quo-

265 1153 362 1194 dam
381 1155 568 1196 Herculis
593 1156 788 1197 miraculo
809 1157 1039 1210 reddimus,
1067 1156 1166 1197 dum
1188 1154 1375 1197 Alexiadi
1392 1152 1652 1195 Caesarissae
1673 1151 1727 1190 il-

262 1222 342 1263 lius
375 1224 584 1265 turturinis
613 1225 772 1280 passim
799 1227 1011 1281 questibus
1041 1226 1185 1266 acerba
1211 1223 1394 1275 coniugis
1425 1220 1612 1263 Caesaris
1642 1221 1726 1258 sata

261 1291 500 1332 lamentanti
537 1292 677 1348 (quod
701 1309 804 1350 opus
825 1302 919 1335 ante
938 1308 1067 1335 annos
1091 1294 1245 1348 aliquot
1267 1292 1347 1331 luci
1371 1284 1589 1343 dedimus)
1617 1286 1726 1340 Bry—

261 1360 462 1401 ennianos
491 1375 596 1400 nunc
624 1364 941 1404 commentarios
962 1362 1238 1414 adiungimus,
1277 1373 1421 1415 saepe,
1456 1357 1651 1407 multum,
1685 1362 1726 1395 et

259 1428 406 1468 merito
435 1428 578 1469 Annae
606 1429 666 1470 ibi
695 1430 903 1483 laudatos3
939 1438 980 1471 et
1007 1431 1127 1471 nobis
1154 1429 1377 1469 Alexianae
1405 1425 1602 1466 historiae
1632 1424 1727 1463 illu-

259 1492 450 1536 strandae
481 1496 678 1538 studiosis
704 1500 772 1540 vel
803 1514 853 1540 eo
878 1499 1047 1540 nomine
1080 1497 1394 1547 desiderabiles,
1442 1492 1553 1549 quod
1586 1507 1640 1532 ex
1672 1492 1725 1532 iiS

258 1563 471 1604 Gomnena
500 1573 542 1605 et
571 1565 775 1606 scribendi
807 1569 1044 1618 consilium,
1076 1574 1117 1606 et
1139 1565 1366 1618 argumenti
1387 1575 1537 1615 genus,
1565 1568 1606 1600 et
1625 1560 1726 1600 scri-

256 1632 411 1687 ptionis
437 1635 615 1673 formam
645 1648 691 1674 ac
719 1634 891 1675 modum
928 1649 1020 1675 sese
1050 1635 1239 1674 hausisse
1266 1633 1451 1689 professa
1485 1643 1568 1670 non
1596 1629 1725 1668 semel

256 1707 332 1740 est.
401 1715 477 1741 nec
498 1709 635 1742 tamen
659 1702 703 1742 in
725 1704 800 1743 hac
823 1704 940 1758 quasi
960 1701 1174 1743 Alcestidis
1197 1714 1317 1742 scena
1338 1697 1546 1740 invidiose
1571 1696 1723 1748 glorio-

258 1782 326 1808 sas
344 1769 450 1809 mihi
470 1771 716 1826 sumpserim
733 1773 896 1812 mirifici
918 1772 1104 1812 Herculis
1126 1777 1285 1826 partes:
1320 1769 1470 1823 quippe
1498 1765 1562 1805 cui
1585 1764 1724 1820 potius

255 1836 299 1876 in
327 1838 463 1877 sabula
489 1839 561 1878 tali
582 1837 744 1879 Admeti
774 1854 949 1896 persona
971 1839 1189 1880 conveniat
1206 1838 1340 1877 alieno
1357 1833 1557 1875 beneficio
1579 1832 1724 1872 felicis.

258 1904 365 1946 vivit
396 1906 599 1957 Tolosae,
632 1915 672 1947 et
693 1908 850 1948 utinam
870 1907 939 1948 diu
957 1923 1003 1948 ac
1018 1907 1341 1948 fortunatissime
1359 1905 1461 1945 sieut
1481 1901 1627 1954 dignus
1648 1907 1722 1951 est,

258 1973 399 2024 vivat,
434 1975 493 2016 V.
515 1974 560 2015 C.
583 1975 784 2017 Antonius
805 1975 993 2017 Dadinus
1018 1976 1241 2026 Altaserra,
1273 1972 1558 2030 praerogativa
1587 1969 1723 2009 excel-

258 2041 431 2081 lentium
459 2045 699 2084 meritorum
718 2053 833 2085 extra
853 2053 1006 2085 sortem
1027 2052 1067 2084 et
1090 2043 1440 2100 comparationum
1457 2051 1596 2079 moras
1613 2035 1724 2076 iudi-

260 2109 323 2149 cio
355 2110 655 2152 illustrissimae
687 2113 795 2154 illius
820 2112 1067 2154 Academiae
1085 2113 1250 2152 allectus
1270 2111 1314 2151 in
1332 2107 1630 2166 amplissimum
1653 2119 1722 2145 or-

259 2175 401 2217 dinem
427 2187 751 2232 antecessorum,
788 2182 888 2222 iuris
914 2183 996 2222 illic
1020 2181 1228 2235 utriusque
1245 2179 1380 2231 regius
1398 2177 1616 2234 professor.
1683 2173 1720 2212 IS

257 2260 311 2286 ex
327 2260 416 2297 me,
454 2248 617 2302 quicum
638 2250 887 2290 amicissime
907 2251 1095 2300 vivebat,
1131 2263 1223 2289 cum
1242 2247 1406 2303 saepius
1425 2239 1722 2284 confabulando

259 2315 522 2366 cognovisset
555 2325 706 2372 quanto
732 2316 938 2359 desiderio
971 2326 1131 2359 tenerer
1153 2313 1427 2371 antiquissimi
1452 2310 1603 2351 codicis
1626 2309 1721 2349 Ale-

255 2381 406 2423 xiados
424 2383 567 2425 Annae
586 2383 834 2437 Comnenae,
858 2401 981 2441 quem
1000 2401 1024 2427 a
1039 2385 1191 2427 Iocobo
1213 2383 1377 2426 Cuiacio
1397 2379 1579 2437 principe
1597 2379 1721 2418 iuris-

255 2452 532 2492 consultorum
566 2451 618 2493 ad
648 2468 765 2510 spem
796 2453 991 2495 editionis
1015 2455 1116 2495 olim
1136 2452 1329 2494 traditum
1347 2450 1438 2492 viro
1458 2447 1719 2488 nobilissimo

255 2526 296 2558 et
323 2517 602 2562 eruditissimo
634 2521 755 2563 Petro
782 2522 916 2563 Fabro
947 2522 1215 2573 Sanioriano‚
1250 2524 1342 2560 esse
1369 2515 1502 2556 adhuc
1537 2515 1718 2556 TOlOS³0

253 2599 403 2638 magna
432 2589 573 2643 opinio
602 2598 706 2641 erat3
745 2589 820 2631 sed
846 2592 959 2632 cuius
986 2591 1029 2631 in
1059 2605 1184 2630 manu
1211 2596 1342 2644 quave
1367 2585 1410 2625 in
1443 2583 1568 2624 domo
1594 2589 1716 2634 esset,

253 2655 399 2694 frustra
438 2664 525 2695 erat
565 2666 732 2699 eatenus
764 2661 1008 2714 quaesitum.
1075 2673 1188 2708 cum,
1222 2657 1410 2709 inquam,
1446 2653 1564 2693 iSfiUS
1597 2664 1718 2691 meae

256 2736 373 2762 curae
405 2725 610 2776 conscius,
642 2734 683 2766 et
708 2735 874 2783 propter
905 2727 1128 2766 amicitiam
1148 2724 1348 2781 particeps
1369 2729 1500 2771 esset,
1532 2722 1637 2760 sorte
1656 2718 1717 2759 illi

255 2791 444 2844 contigit,
488 2805 573 2832 non
611 2792 739 2834 modo
768 2795 812 2835 in
840 2796 1031 2835 notitiam
1061 2795 1150 2834 eius
1175 2791 1356 2831 hominis
1382 2789 1547 2834 venire,
1588 2800 1716 2843 penes

257 2874 378 2915 quem
397 2859 434 2901 is
455 2859 669 2902 thesaurus
690 2863 992 2914 asservabatur,
1028 2861 1100 2903 sed
1119 2868 1161 2901 et
1180 2867 1337 2901 tantam
1357 2859 1409 2900 ab
1430 2872 1481 2899 eo
1503 2856 1608 2898 inire
1622 2868 1717 2908 gra-
