1878 3262
574 221 1116 267 COMMENTARIORUM
1143 225 1190 267 L.
1208 223 1283 268 111.
1562 225 1659 272 119

200 332 440 392 ἀποχρώσης
468 335 568 392 πρὸς
601 336 646 378 τὸ
676 340 837 390 πλῆθος
867 337 913 379 τὸ
943 342 1135 380 τοσοῦτον
1159 341 1239 380 τῶν
1264 337 1473 391 ε’ναντίων,
1501 340 1657 396 βουλὴν

197 401 429 459 βουλεύεται
452 402 631 459 συνετήν.
698 405 772 455 τὰς
801 405 880 461 γὰρ
915 405 1077 456 εὐθείας
1109 406 1340 449 καταλιπὼν
1368 405 1488 458 ὃὸοὑς
1517 408 1560 450 ἓν
1592 407 1657 460 αἶς

197 470 521 529 προσδοκήσιμος
538 467 602 528 ἦν,
630 473 772 523 νυκτὸς
795 471 957 530 ἀπάρας
977 474 1129 516 ἐκεῖθεν
1149 477 1215 516 καὶ
1236 474 1379 518 λαθὼν
1390 476 1485 526 τοὺς
1497 476 1658 534 φυλάσ-

197 557 343 590 σοντας
374 542 506 597 γέγονε
536 542 631 599 περί
655 558 695 583 τι
725 539 920 599 φρούριον
941 541 1100 598 ἔγγιστα
1122 547 1195 586 τοῦ
1217 545 1449 601 Σαγγαρίου
1472 549 1660 600 ποταμοῦ

163 611 462 663 ὅδιακείμενον,
507 608 603 667 ὅπερ
627 606 821 662 Ἅτζούλα
846 614 1046 662 καλεῖται,
1094 611 1242 666 ἀπέχον
1263 614 1440 663 Νικαίας
1463 616 1558 670 περί
1575 632 1654 657 που

193 678 245 720 τὰ
274 676 461 721 διακόσια
487 680 616 733 μίλια.
684 679 838 721 ἐκεῖθεν
867 679 908 721 (5²
943 674 1067 730 αὖθις
1100 670 1263 737 ἆπάρας
1289 680 1423 737 ἤπειγε
1456 683 1559 739 πρὸς
1580 683 1654 738 τὴν

193 748 369 788 Νίκαιαν
398 746 476 803 πρὸ
505 751 580 789 τοῦ
609 746 704 797 τοὺς
724 746 935 804 Τούρκους
964 749 1189 791 αῗσθέσθαι
1222 754 1296 804 τῆς
1317 751 1465 792 ἐκείνου
1486 749 1652 808 ἐφόδου.

193 815 287 856 ἀλλ’
309 815 348 857 οἱ
370 819 546 872 Τοῦρκοι
567 814 790 870 πυθόμενοι
814 816 887 871 τὴν
909 818 1061 859 ἐκεῖθεν
1081 819 1288 874 λαθραίαν
1310 817 1500 872 διάβασίν
1523 837 1565 862 τε
1587 823 1655 862 καὶ

192 881 363 937 δύναμιν
397 884 435 925 οἶ
466 885 539 938 μὲν
566 882 738 940 ἐπῄεσαν
758 886 1009 940 τεταγμένοι,
1045 885 1204 941 ὀλίγους
1224 887 1268 928 δὲ
1288 891 1368 929 τῶν
1391 887 1540 930 ἱππέων
1561 890 1656 939 ἐξα--

138 954 467 1003 1οποστείλαντες
486 954 549 994 ἐπὶ
572 953 618 995 τὸ
640 953 795 1008 ἅσχολῆ
814 958 957 996 τοῦτον
974 956 1042 997 καὶ
1063 955 1319 1011 βραδυτέραν
1342 955 1469 998 αὐτοῦ
1489 958 1655 1013 πορείαν

190 1019 466 1075 ποιήσασθαι,
514 1021 562 1064 οὗ
588 1020 695 1064 πάνυ
726 1026 800 1064 τοῦ
829 1023 1061 1076 σκέμματος
1089 1022 1240 1076 ἔτυχον.
1319 1021 1550 1080 φθάνουσιν
1584 1019 1656 1067 οὖν

188 1094 332 1132 τοῦτον
362 1090 400 1132 οἱ
428 1084 760 1147 προπεμφθέντες
790 1090 838 1132 οὗ
868 1090 1008 1148 πόρρω
1041 1093 1238 1142 Νικαίας,
1284 1093 1351 1133 καὶ
1382 1091 1656 1143 ἀλαλάξαντες

134 1199 145 1204 ,
189 1156 354 1200 κωλύειν
382 1165 468 1209 τοῖς
495 1157 736 1212 τοξεύμασιν
769 1160 981 1215 ἐπειρῶντο
1014 1159 1088 1213 τὴν
1119 1158 1264 1202 τούτου
1299 1161 1477 1216 πορείαν.
1546 1161 1583 1202 οἳ
1611 1163 1657 1203 δὲ

189 1230 278 1283 περὶ
309 1226 432 1269 αὐτὸν
460 1234 630 1283 γενναῖοι
667 1227 799 1279 ὄντες,
836 1230 871 1269 εἲ
899 1230 965 1270 καὶ
997 1227 1147 1283 ὀλίγοι,
1194 1227 1290 1269 ἀλλ’
1326 1226 1438 1281 ὅμως
1463 1227 1656 1285 ἐξώρμων

134 1300 177 1335 15
188 1295 292 1337 κατὰ
314 1299 394 1338 τῶν
416 1294 613 1351 Τούρκων
635 1297 702 1337 καὶ
722 1295 796 1345 τὰς
818 1297 975 1343 ἐκείνων
1000 1294 1131 1352 ὁρμὰς
1153 1295 1399 1338 ἀνέστελλον.
1454 1298 1655 1347 δείσαντες

1675 667 1776 705 Ρ80

1680 714 1776 751 V58

221 1363 234 1378 2
295 1364 307 1378 (
415 1365 425 1379 ἱ
495 1363 508 1379 2
542 1363 553 1378 ἱ
649 1363 662 1379 ἱ
754 1367 774 1376 συ
861 1363 871 1378 Ι
1037 1369 1055 1376 —o
1176 1363 1186 1378 Ι
1398 1363 1409 1379 Ι

189 1365 212 1404 ὁ
270 1381 307 1405 οι
337 1381 428 1420 περι
459 1381 581 1405 αυτον
607 1382 666 1418 μη
700 1380 772 1405 του
793 1368 979 1418 πληθους
997 1381 1078 1406 των
1100 1369 1295 1421 Τουρκων
1316 1369 1556 1421 φθασαντος
1578 1383 1650 1407 κυ-
1673 1374 1704 1409 Β

188 1436 380 1474 κλωθεῖεν
401 1429 505 1487 ὃμοῦ
525 1433 592 1474 καὶ
614 1430 762 1490 ἆλῷεν,
797 1432 867 1474 τὸν
888 1431 1207 1488 Χρυσόσκουλον
1238 1433 1340 1489 πρὸς
1368 1433 1516 1484 αὐτοὺς
1537 1436 1652 1477 ἔκπε-

186 1498 410 1557 πόμφασιν.
480 1499 501 1542 ὃ
534 1502 577 1542 δὲ
605 1499 805 1554 ὁμιλήσας
836 1501 998 1550 ἐκείνοις
1026 1503 1092 1542 καὶ
1123 1502 1264 1550 πείσας
1287 1500 1482 1557 χρήματα
1515 1506 1654 1556 λαβεῖν

188 1570 255 1609 καὶ
297 1573 586 1624 παλινοστῆσαι
633 1568 772 1611 ἄδειαν
815 1567 973 1619 τούτοις
1020 1569 1217 1625 παρέσχεν
1260 1570 1394 1611 ἐλθεῖν
1435 1569 1537 1626 πρὸς
1580 1571 1684 1624 τὴν,

131 1641 177 1676 20
185 1638 376 1679 Νίκαιαν.

328 1705 403 1750 17.
470 1707 511 1746 Γ
507 1703 683 1759 ενόμενοι
715 1706 757 1747 δὲ
790 1707 879 1762 περὶ
910 1706 962 1747 τὰ
993 1703 1143 1760 ταύτης
1166 1702 1385 1762 προάστεια
1407 1703 1537 1760 ὅρῶσι
1553 1705 1654 1747 λαὸν

188 1771 250 1815 ὅτι
280 1778 463 1815 πλεῖστον
491 1774 595 1815 κατὰ
627 1773 840 1831 φάλαγγας
869 1776 1120 1830 τεταγμένον.
1190 1773 1261 1824 οὓς
1292 1774 1497 1828 οἰηθέντες
1531 1778 1651 1816 πολε-
1686 1823 1688 1826 y

279 1892 312 1925 6.
345 1886 491 1935 ἤπειγε]
525 1888 727 1935 ἥπείγετοὶ)
911 1895 966 1928 10.
1000 1889 1158 1937 ἄσχολῆ]
1193 1888 1388 1936 οἷσχολεῖνί)
1418 1888 1652 1936 ἅσχολῆσαιὶ)

277 1937 362 1971 ibid.
387 1937 568 1982 πορείαν]
596 1937 712 1972 Malim
734 1936 804 1983 τὴν
826 1938 992 1983 πορείαν.

188 2048 356 2083 quaquam
371 2038 454 2071 satis
470 2050 681 2073 numerosum
696 2039 760 2073 sibi
774 2039 894 2074 adesse
908 2039 1068 2081 videbat,
1099 2042 1225 2083 quanto
1249 2042 1326 2072 erat
1350 2049 1437 2084 opus
1458 2038 1502 2072 ad
1522 2041 1652 2071 tantam

187 2084 334 2117 hostium
348 2084 591 2118 multitudinem
608 2090 726 2129 aperto
743 2086 856 2119 Marte
872 2085 1104 2130 superandam,
1124 2085 1288 2118 rationem
1303 2085 1382 2118 belli
1398 2083 1652 2118 administrandi

186 2140 270 2163 sane
285 2129 487 2174 prudentem
501 2129 587 2163 iniit.
633 2130 751 2163 vitatis
775 2130 861 2164 enim
883 2131 985 2164 rectis
1011 2135 1048 2164 et
1071 2130 1212 2174 publicis
1233 2131 1298 2164 viis
1323 2130 1382 2163 ubi
1405 2129 1597 2174 exspectari
1611 2139 1652 2161 se

187 2174 340 2216 sciebat,
369 2181 472 2208 noctu
495 2176 587 2209 vasis
611 2175 759 2210 collectis
785 2176 1022 2214 inobservatus
1043 2176 1179 2209 transiit
1204 2175 1246 2209 ad
1261 2175 1466 2220 praesidium
1480 2174 1651 2218 quoddam

186 2220 371 2265 proximum
388 2221 555 2265 Sangario
571 2220 678 2262 amni,
709 2222 801 2265 quod
816 2223 942 2255 Atzula
957 2221 1098 2264 dicitur,
1130 2221 1256 2255 distans
1271 2220 1403 2254 Nicaea
1426 2220 1561 2254 circiter
1584 2220 1651 2253 du-

187 2269 286 2299 centa
300 2266 412 2300 millia.
470 2267 559 2300 unde
574 2277 690 2301 rursus
705 2278 844 2300 movens
859 2267 1012 2300 Nicaeae
1030 2278 1069 2300 se
1083 2266 1232 2299 admovit
1248 2270 1427 2311 antequam
1442 2265 1552 2299 Turci
1567 2276 1650 2300 sen-

188 2311 295 2344 tirent
307 2311 415 2356 ipsius
431 2312 685 2357 profectionem.
731 2312 766 2346 hi
791 2323 892 2357 porro
919 2312 1036 2345 audito
1051 2311 1187 2346 tandem
1203 2311 1274 2345 eius
1291 2312 1418 2345 furtivo
1434 2310 1580 2344 transitu
1595 2310 1649 2344 in-

189 2356 345 2400 dicioque
359 2358 475 2391 habito
490 2357 618 2391 numeri
633 2357 805 2402 copiarum
821 2357 892 2391 eius
909 2357 984 2390 acie
996 2356 1164 2390 instructa
1177 2357 1426 2401 sequebantur,
1457 2356 1650 2401 praemissis

190 2402 359 2446 equitibus
380 2403 495 2447 paucis
519 2403 577 2446 qui
604 2403 696 2435 eunti
708 2403 918 2436 facesserent
931 2402 1104 2446 negotium
1120 2408 1155 2436 et
1169 2403 1418 2436 festinationem
1433 2401 1650 2446 properantis

189 2453 412 2482 morarentur.
459 2447 495 2481 hi
521 2458 588 2481 non
613 2447 750 2480 multum
774 2449 1003 2492 profecerunt.
1049 2448 1197 2481 assecuti
1211 2447 1297 2481 enim
1313 2458 1432 2491 agmen
1447 2447 1650 2481 Botaniatae

189 2504 256 2526 non
271 2492 372 2536 longe
387 2493 538 2535 Nicaea,
566 2493 769 2527 iaculatione
789 2493 826 2526 in
847 2492 928 2527 illud
954 2493 1060 2527 multa
1084 2493 1212 2526 eminus
1227 2504 1300 2526 cum
1317 2493 1463 2527 barbara
1479 2493 1650 2526 vocifera-

188 2539 280 2573 tione
300 2538 414 2580 facta,
445 2538 568 2573 morari
592 2542 748 2583 coeptum
772 2537 838 2572 iter
863 2539 1082 2572 conabantur.
1131 2543 1168 2571 at
1183 2538 1386 2572 Botauiatae
1407 2538 1529 2571 milites
1551 2537 1650 2583 pauci

191 2583 324 2628 quidem
350 2584 419 2623 illi,
459 2590 608 2619 ceterum
635 2585 766 2626 sortes,
806 2584 934 2629 impetu
958 2584 994 2617 in
1009 2584 1142 2618 Turcos
1156 2584 1248 2617 facto
1266 2583 1331 2617 vim
1346 2594 1461 2618 eorum
1474 2595 1649 2628 represse-

191 2633 281 2663 runt.
327 2630 459 2664 veritus
474 2635 586 2664 tamen
603 2630 798 2664 Botaniates
813 2641 857 2663 ne
871 2629 1003 2663 taudem
1019 2629 1172 2673 paucitas
1194 2640 1329 2663 suorum
1354 2629 1649 2663 circumveniretur

190 2675 234 2707 ab
259 2675 506 2709 abundantibus
530 2687 667 2710 numero
692 2675 849 2709 barbaris
873 2675 964 2710 misit
988 2675 1033 2708 ad
1047 2686 1108 2708 eos
1125 2675 1411 2719 Chrysosculum,
1442 2675 1501 2720 qui
1516 2677 1650 2708 locutus

192 2731 266 2753 cum
288 2720 370 2764 ipsis
383 2721 487 2755 facile
502 2722 671 2766 persuasit
683 2727 722 2755 ut
735 2720 884 2766 pecuniis
900 2720 1051 2765 acceptis
1066 2725 1159 2755 retro
1181 2720 1335 2756 redirent
1362 2721 1481 2766 sicque
1505 2719 1650 2756 Romani

191 2776 345 2800 securum
360 2766 550 2800 habuerunt
564 2767 729 2811 Nicaeam
745 2778 852 2812 usque
865 2766 1030 2811 reliquum
1046 2766 1123 2800 iter.

286 2812 339 2846 17.
385 2811 455 2845 Ubi
473 2823 574 2858 porro
590 2813 634 2847 ad
648 2813 722 2858 ipsa
733 2812 887 2846 ‘Nicaeae
901 2812 1060 2846 suburbia
1076 2815 1333 2858 processerunt,
1364 2811 1484 2846 vident
1497 2811 1649 2845 multitu-

193 2856 302 2890 dinem
317 2856 486 2900 ingentem
501 2869 562 2903 per
575 2859 762 2904 phalanges
777 2858 976 2894 ordinatam.
1020 2869 1122 2903 quam
1143 2869 1217 2894 cum
1238 2858 1402 2893 infensam
1428 2857 1492 2892 sibi
1516 2860 1552 2890 et
1571 2867 1648 2890 mox
