1878 3262
676 185 1074 231 HISTORIARUM
1106 186 1154 230 L.
1188 186 1246 230 ΙΙ.
1625 187 1688 233 87

961 282 974 294 s

229 308 301 358 λης
326 305 604 359 προνοοῦντος.
644 299 747 344 ἔνθα
773 302 838 343 καὶ
864 301 953 359 ρηξὶ
978 307 1064 352 τοῖς
1088 300 1226 352 ἄλλοις
1250 299 1383 344 ἐλθὼν
1407 300 1449 352 ἒς
1471 300 1594 344 ταῧτό
1621 305 1689 344 καὶ.

227 372 278 414 τὰ
318 369 451 414 εῗκότα
488 371 550 412 ἐπὶ
576 374 634 426 τῷ
669 368 855 428 ζωοδόχῳ
876 373 1063 426 Χριστοῦ
1087 371 1249 421 τελέσας
1271 368 1416 428 τάφῳ,
1450 375 1531 413 τῶν
1556 369 1688 414 ἄλλων

228 438 284 490 ὡς
310 438 463 482 δυνατὰ
489 436 644 495 ἑκάστῳ
671 437 838 493 ἐγεγόνει
863 439 926 480 ε’πὶ
953 437 1027 492 τὴν
1047 441 1224 495 πατρίδα
1248 437 1533 493 στελλομένων,
1566 439 1687 490 αὐτὸς

188 510 191 512 ’
227 509 302 551 σύν
324 509 443 550 ναυσὶ
465 514 553 557 ταῖς
574 507 801 564 εἰρημέναις
820 507 971 548 ἐκεῖθεν
995 506 1138 560 ἀχθεὶς
1161 508 1434 565 Θεσσαλονίκῃ
1456 508 1687 565 προσέσχεν,

177 577 330 620 ,δὲ’νθα
355 575 401 619 τὸ
428 574 612 632 δεύτερον
631 575 808 629 βασιλέα
826 592 868 617 τε
895 572 970 617 εἶδε
991 576 1058 616 καὶ
1082 573 1210 630 λόγων
1236 570 1289 617 αὖ
1310 577 1378 618 καὶ
1402 574 1561 630 ὁμιλίας
1581 577 1686 618 ἓκοι-

225 643 415 700 νώνησεν.
483 642 504 686 ὅ
548 644 591 686 δὲ
622 643 815 697 βασιλεὺς
838 647 919 685 τῶν
954 641 1080 684 πάλαι
1113 645 1525 699 προομολογηθέντων
1549 645 1687 699 ἅνεμί-
1709 649 1738 683 Β

225 731 400 768 μνησκεν
425 712 557 770 αὐτῷ·
590 705 695 767 ἦσαν
721 713 765 754 δὲ
790 716 940 763 ταῦτα,
976 710 1083 761 ὅπως
1103 711 1277 754 Ἰταλίαν
1315 705 1372 761 εἷς
1395 711 1508 755 ἕδνον
1532 718 1584 770 τῇ
1606 718 1689 768 βα-

226 784 347 826 σιλίδι
373 779 627 824 ἀνασώσαιτο
652 778 806 837 Εἷρήνῃ
819 812 832 832 ,
865 779 915 835 ἣν
940 781 1006 822 καὶ
1033 779 1154 830 αὖτός
1178 782 1344 836 ξυγγενῆ
1369 775 1495 822 οὖσαν
1519 786 1579 838 τῷ
1600 787 1682 836 βα-
1706 790 1736 823 V
1759 789 1803 824 39

225 855 333 893 σιλεῖ
351 847 636 905 κατηγγύησεν.
705 846 854 906 ὃρκίοις
879 843 950 891 οὖν
976 845 1175 905 δευτέροις
1197 847 1320 899 αὐτός
1338 866 1381 891 τε
1402 850 1470 890 καὶ
1494 851 1691 907 Φρεδερί-

169 928 216 962 10
227 937 298 970 κος
322 919 374 961 τὰ
400 919 516 976 σφίσι
543 918 760 973 δεδογμένα
784 915 1055 967 πιστώσαντες
1086 922 1159 972 τῆς
1177 915 1386 972 Ῥωμαίων
1411 916 1690 960 ἀπαλλάττον-

224 1005 292 1030 ται
317 992 403 1043 γῆς.
470 984 676 1043 Κορράδῳ
700 986 774 1040 μὲν
799 979 870 1027 οὖν
893 986 1073 1028 ἐνταῦθα
1098 986 1211 1036 τέλος
1237 986 1356 1040 ἴσχον
1379 986 1431 1028 τὰ
1455 983 1688 1043 πράγματα.

224 1061 283 1113 τῷ
311 1057 353 1098 δὲ
379 1057 600 1111 Γερμανῶν
624 1053 711 1111 ρηγὶ
735 1056 778 1096 ἐκ
797 1056 1078 1109 Παλαιστίνης
1101 1055 1332 1112 ἄναγομένῳ
1355 1054 1429 1097 σὺν
1453 1056 1607 1106 ναυσίν,
1643 1054 1693 1097 a‘a'

226 1126 372 1166 πολλαὶ
406 1123 518 1179 παρὰ
555 1122 631 1173 τὰς
664 1124 748 1165 ἐκεῖ
775 1122 1016 1166 σαλεύουσαι
1046 1123 1171 1173 ἀκτὰς
1194 1127 1353 1177 μισθοῦ
1377 1129 1461 1174 τοῖς
1483 1124 1686 1177 βουλομέ-

223 1210 307 1243 νοις
332 1192 575 1249 παρέχονται
600 1190 673 1246 τὴν
697 1193 926 1248 περαίωσιν,
961 1190 1096 1234 τοιάδε
1122 1192 1212 1234 τινὰ
1237 1192 1433 1242 ξυνέπεσε.
1500 1196 1591 1246 νῆες
1615 1194 1687 1234 E«—
1724 1222 1728 1227 -

136 1270 144 1277 ’
165 1263 337 1305 ’15κελαὶ
371 1262 433 1302 ἐπὶ
468 1262 706 1317 καταδρομῇ
742 1265 814 1315 γῆς
844 1259 1053 1314 Ῥωμαίων
1079 1262 1255 1310 ἕξιοῦσαι
1289 1258 1483 1317 πρότερον
1509 1259 1689 1302 ἐνταῦθά

223 1347 301 1371 που
326 1333 401 1371 τοῦ
426 1327 624 1384 πελάγους
658 1329 860 1385 ἐφέροντο.
936 1328 1104 1379 ταύταις
1121 1327 1331 1383 Ῥωμαίων
1355 1327 1499 1378 στόλος
1523 1346 1684 1386 περιτυ-
1709 1333 1739 1366 C

219 1397 328 1452 χών,
364 1391 413 1439 οὗ
440 1395 461 1438 ὅ
487 1395 737 1453 Χουρούπης
763 1400 979 1454 κατῆρχεν,
1015 1400 1070 1447 εἷς
1088 1404 1208 1453 χεῖρα
1232 1392 1351 1451 ἦλθε.
1419 1395 1521 1454 τύχῃ
1547 1398 1594 1439 δέ
1614 1415 1691 1439 τινι

221 1467 463 1521 μαχομένων
508 1470 588 1507 τῶν
626 1464 780 1507 στόλων
817 1465 971 1522 ἀμφοῖν
1013 1467 1198 1508 συνέπλεε
1237 1463 1394 1515 τούτοις
1431 1467 1498 1506 καὶ
1541 1463 1563 1507 ὅ
1600 1464 1689 1522 ῥήξ.

223 1534 562 1592 ε’πικρατεστέρων
589 1535 632 1575 δὲ
657 1538 708 1590 τῇ
732 1531 845 1590 μάχῃ
872 1538 952 1576 τῶν
972 1532 1182 1587 Ῥωμαίων
1209 1533 1287 1589 ἤδη
1313 1533 1579 1589 γεγενημένων
1591 1534 1685 1590 παρ’

166 1603 358 1659 Ξοόλίγον
393 1597 497 1658 ἦλθε
534 1606 608 1644 τοῦ
643 1601 794 1644 ἁλῶναι
821 1604 887 1644 καὶ
923 1602 1046 1652 αὐτὸς
1080 1604 1122 1653 ἐξ
1148 1604 1282 1652 αἲτιάς
1304 1603 1479 1644 τοιᾶσδε.
1548 1602 1685 1656 ἐπειδὴ

222 1679 311 1721 ταῖς
337 1674 514 1713 Σικελῶν
540 1670 727 1726 καθάπερ
755 1671 907 1727 εἴρηται
934 1672 1110 1724 ξυνέμιξε
1138 1673 1302 1721 ναυσίν,
1346 1670 1469 1723 ἐκβὰς
1492 1670 1566 1724 τὴν
1590 1669 1686 1712 ἑαυ-

224 1744 298 1782 τοῦ
322 1739 530 1793 Σικελικὴν
555 1738 789 1794 εἷσεπήδησε
815 1738 1005 1796 τριηρην,
1037 1742 1102 1781 καὶ
1131 1742 1165 1781 εἷ
1189 1740 1245 1794 μὴ
1274 1739 1375 1792 ταχὺ
1403 1743 1476 1780 τοῦ
1501 1737 1686 1780 κινδύνου

225 1810 370 1858 συνιεὶς
395 1811 475 1850 τῶν
494 1805 709 1861 Ῥωμαίοις
735 1810 1001 1862 συμμαχίδων
1026 1807 1132 1858 τινὸς
1158 1815 1303 1863 σημεῖα
1330 1809 1487 1849 ἐνέθετο
1516 1805 1687 1863 φθάσας

319 1939 351 1974 7.
376 1935 500 1984 αύτῷ]
523 1937 623 1971 Fort.
647 1934 775 1972 αὐτόν.
872 1938 928 1974 17.
952 1935 1006 1976 εἰς
1022 1937 1151 1982 χεῖρα]
1174 1935 1289 1971 Malim
1306 1937 1444 1980 χεῖρας.
1534 1937 1591 1972 21.
1616 1934 1686 1981 τὴν

315 1981 480 2028 ἑαυτοῦ]
503 1983 604 2018 Fort.
627 1983 706 2029 τῆς.

222 2102 366 2134 strante.
411 2100 590 2143 postquam
616 2094 691 2130 aliis
707 2095 754 2130 ibi
780 2095 978 2130 coniunctus
992 2095 1149 2140 regibus,
1172 2095 1216 2130 ud
1230 2094 1402 2130 vivificum
1418 2095 1546 2131 Christi
1567 2095 1683 2141 sepul-

224 2156 317 2178 crum
354 2144 446 2178 iusta
480 2141 701 2183 exsolvisset,
734 2141 881 2182 ceteris,
912 2147 1012 2187 prout
1044 2142 1163 2186 cuique
1185 2141 1312 2175 libitum
1341 2147 1439 2185 erat,
1469 2142 1503 2176 in
1539 2142 1683 2187 patriam

225 2190 371 2224 remissis
382 2216 391 2234 ‚
414 2190 488 2234 ipse
502 2189 618 2222 iisdem
633 2192 755 2221 vectus
770 2187 910 2220 navibus
923 2187 1002 2220 inde
1019 2187 1295 2221 Thessalonicam
1309 2187 1460 2232 appulit,
1491 2188 1547 2221 ubi
1565 2193 1599 2221 et
1622 2188 1685 2222 im-

224 2242 414 2281 peratorem
443 2235 530 2269 vidit
553 2235 681 2273 denuo,
703 2238 740 2266 et
764 2243 837 2266 cum
853 2244 893 2266 eo
909 2243 1109 2276 congressus
1126 2233 1376 2277 collocutusque
1391 2238 1455 2267 est.
1498 2234 1683 2278 imperator

226 2293 310 2315 vero
336 2293 378 2315 ea
404 2281 447 2314 de
469 2281 588 2325 quibus
613 2279 752 2324 primum
777 2278 918 2312 invicem
946 2285 1172 2312 convenerant
1194 2279 1243 2312 ini
1268 2279 1300 2312 in
1317 2280 1510 2313 memoriam
1535 2279 1684 2322 reduxit,

225 2338 313 2371 quae
328 2332 424 2360 erant
438 2325 641 2360 huiusmodi:
663 2330 703 2358 ut
720 2324 877 2358 videlicet
897 2324 1024 2358 Italiam
1039 2324 1073 2358 in
1089 2324 1201 2358 dotem
1216 2324 1411 2359 restitueret
1423 2325 1562 2365 Irenae,
1585 2335 1683 2369 quam

223 2372 282 2406 iue
297 2372 362 2406 sibi
377 2378 555 2416 cognatam
579 2370 776 2415 imperatori
798 2369 1030 2414 desponderat.
1076 2370 1183 2404 altero
1198 2370 1302 2414 igitur
1317 2371 1525 2405 sacramento
1544 2370 1686 2403 firmatis

225 2417 287 2460 iis,
313 2418 356 2451 de
383 2419 504 2462 quibus
527 2428 715 2451 convenere
730 2426 883 2456 rursum,
907 2415 1085 2449 Conradus
1113 2422 1148 2449 et
1162 2416 1363 2450 Fredericus
1388 2417 1493 2449 esolo
1511 2416 1686 2449 Romano—

224 2474 299 2497 rum
315 2475 504 2497 excessere.
550 2468 653 2507 atque
669 2473 742 2495 eum
757 2461 857 2494 finem
873 2472 960 2505 quae
974 2461 1164 2495 Conradu'm
1180 2467 1335 2506 spectant
1350 2462 1548 2495 habuerunt.
1589 2462 1684 2496 Ger-

226 2506 402 2542 manorum
412 2515 523 2543 autem
539 2509 611 2552 regi
627 2520 669 2541 ex
685 2506 877 2541 Palaestina
899 2507 1082 2540 revertenti
1099 2519 1172 2541 cum
1197 2507 1358 2550 navibus,
1382 2518 1469 2551 quae
1483 2518 1604 2551 magno
1618 2518 1681 2540 nu-

227 2565 319 2588 mero
342 2555 377 2588 in
402 2554 468 2588 inis
493 2554 664 2588 fluitantes
687 2553 876 2592 littoribus,
898 2552 978 2586 dato
993 2553 1112 2596 naulo,
1136 2552 1339 2587 excedentes
1359 2552 1437 2586 inde
1453 2553 1684 2587 transmittere

229 2600 356 2639 soient,
380 2600 462 2634 taiia
487 2600 692 2634 acciderunt.
739 2609 813 2631 cum
837 2609 942 2632 naves
967 2598 1121 2641 Siculae,
1145 2609 1232 2642 quae
1246 2598 1386 2643 primum
1401 2597 1445 2631 ad
1462 2597 1683 2632 incursandos

230 2644 316 2678 fines
332 2645 501 2680 Romanos
517 2646 713 2687 exiverant,
735 2644 833 2688 pleno
849 2649 920 2677 tum
935 2655 1083 2688 aequore
1096 2645 1284 2684 ferrentur,
1306 2643 1341 2677 in
1364 2654 1423 2677 eas
1437 2643 1552 2678 classis
1566 2643 1684 2678 incidit

232 2684 478 2731 Romanorum,
511 2691 564 2725 cui
589 2696 746 2736 praeerat
769 2690 970 2734 Chumpes,
1011 2700 1193 2733 manusque
1225 2700 1298 2723 cum
1322 2689 1474 2724 hostibus
1500 2689 1681 2723 conseruit.

233 2733 310 2768 dum
339 2737 552 2771 committitur
576 2736 742 2780 utrimque
762 2740 932 2769 certamen
947 2762 958 2775 ,
982 2746 1082 2779 quum
1101 2734 1215 2768 nescio
1229 2746 1296 2779 quo
1313 2746 1392 2769 casu
1408 2739 1444 2769 et
1456 2735 1531 2780 ipse
1545 2747 1619 2769 cum
1640 2734 1682 2767 iis

234 2780 311 2813 vein
325 2781 476 2824 fuceret,
505 2783 735 2828 superioribus
751 2782 817 2815 iam
831 2781 931 2815 factis
947 2780 1118 2822 Romanis,
1139 2781 1218 2824 quin
1235 2785 1415 2826 caperetur
1428 2792 1546 2826 parum
1561 2779 1682 2813 abfuit.

235 2832 409 2871 postquam
432 2828 537 2871 enim,
559 2834 598 2862 ut
621 2827 782 2870 diximus,
804 2826 928 2862 Siculis
955 2827 1096 2861 navibus
1123 2826 1301 2862 adiunctus
1326 2830 1401 2870 est,
1429 2837 1493 2861 sua
1515 2835 1683 2870 egressus,
