1878 3262
309 203 408 250 366
753 199 957 243 CAROLI
991 199 1071 243 DU
1105 199 1317 244 FRESNE

310 313 416 351 inter
438 316 478 348 et
498 315 656 348 nostros
673 309 818 349 initum
840 308 868 352 4
889 308 946 349 Id.
967 307 1064 361 Aug.
1085 308 1130 347 A.
1152 309 1276 359 1165,
1293 310 1336 348 in
1355 322 1434 362 quo
1454 323 1586 349 caesus
1605 314 1643 348 et
1661 308 1770 348 dele—

310 375 374 406 tus
398 366 711 405 Christianorum
734 366 931 405 exercitus
958 365 1118 419 ipseque
1149 372 1288 418 captus
1308 366 1556 418 Calamanus,
1597 366 1704 418 quod
1731 372 1772 405 et

307 424 374 461 hic
392 429 581 462 narratur
601 436 622 460 a
642 423 844 464 Cinnamo.

420 494 460 532 p.
481 483 563 523 216
583 493 621 518 v.
639 482 680 521 7.
734 477 960 531 Ῥενάλδον]
1000 479 1056 517 De
1085 484 1244 530 accepta
1274 492 1296 516 a
1317 477 1496 516 Renaldo
1524 476 1771 516 Antiocheno

304 536 483 589 principe
507 536 618 574 clade
653 541 693 573 et
731 543 779 575 ut
803 542 941 589 captus
973 535 1094 574 suerit
1119 549 1142 573 a
1164 535 1368 586 Megedino
1398 534 1584 586 Halapiae
1607 534 1772 572 Sultano

306 594 358 636 Ag
380 596 487 635 1160
515 598 634 644 agunt
655 593 800 644 Tyrius
819 595 845 632 l.
869 596 921 636 18
950 606 982 631 e.
1002 595 1078 641 28,
1119 593 1318 630 Robertus
1348 591 1397 630 de
1421 592 1556 630 Monte
1583 591 1632 630 A.
1652 592 1772 638 1162,

305 652 481 688 Sanutus
505 649 531 689 l.
559 653 584 691 3
603 655 707 701 part.
722 653 746 692 6
771 664 803 690 e.
823 653 892 692 20.
949 655 1152 701 praeterea
1174 648 1435 687 consulendae
1456 647 1642 700 epistolae
1661 647 1774 699 prin-

306 707 437 758 cipum
454 707 496 744 in
515 706 620 744 Gest.
649 706 718 744 Dei
737 721 776 759 p,
802 709 909 749 1176
934 708 1038 748 1178
1062 709 1168 748 1179
1195 712 1235 744 et
1263 712 1360 745 tom.
1392 705 1419 747 4
1447 705 1598 746 Hister.
1631 705 1774 742 Franc.
1829 729 1832 731 >

307 777 348 815 p.
371 766 453 806 689
476 766 558 806 692
577 769 617 801 et
633 762 727 805 694.

421 833 460 859 v.
484 822 524 861 8.
588 816 827 873 Totmitsoeg]
857 820 1000 871 Tyrius
1018 817 1044 857 l.
1067 819 1117 859 19
1138 830 1172 855 c.
1197 821 1235 867 9,
1255 818 1280 857 l.
1301 821 1357 860 20
1380 832 1413 856 c.
1433 821 1501 861 30.

422 889 462 916 v.
487 879 551 918 12.
586 872 776 929 Τερόζην]
808 877 906 914 Nam
923 882 963 913 et
978 875 1170 926 pugnavit
1189 875 1231 912 in
1248 874 1326 914 hoc
1342 875 1489 927 praelio
1509 874 1646 924 Toros,
1667 872 1776 924 quod

311 945 402 971 cum
434 933 660 971 dissuadere
689 939 788 971 esset
817 933 1001 980 adorsus,
1033 932 1201 970 aliorum
1227 932 1402 971 obtinuit
1430 931 1640 970 sententia:
1681 943 1776 968 mox

309 984 465 1028 videns'
483 989 659 1027 hostium
687 990 914 1040 praevalere
942 1001 1108 1037 cuneOS,
1157 995 1384 1028 nostrorum
1413 1001 1509 1028 vero
1537 1000 1558 1026 e
1585 999 1775 1026 converso

311 1046 411 1084 acies
431 1046 645 1095 corruisse,
678 1047 768 1096 suga
800 1046 918 1085 saluti
940 1045 1147 1083 consulens
1175 1045 1322 1084 bellicis
1350 1059 1391 1084 se
1418 1045 1565 1084 exemit
1592 1043 1777 1083 tumulti-

309 1103 396 1141 bus.
453 1102 576 1141 verba
597 1109 692 1140 sunt
714 1103 834 1154 Tyrii.
952 1104 954 1106 ’

423 1172 467 1200 v.
486 1162 549 1200 17.
610 1155 803 1199 Παιόνων
824 1156 923 1211 ῥήξ]
953 1157 1052 1197 Vide
1072 1158 1246 1196 Nicetam
1262 1158 1287 1198 l.
1308 1156 1334 1199 4
1352 1173 1391 1197 n.
1413 1162 1451 1208 1,
1470 1172 1521 1197 ex
1537 1172 1615 1209 quo
1629 1186 1638 1204 ,
1670 1162 1718 1196 ut
1737 1161 1778 1194 et

313 1215 524 1262 Cinnamo,
552 1213 757 1253 historiam
773 1229 907 1265 suam,
938 1215 1011 1253 sub
1036 1227 1080 1252 ea
1107 1221 1286 1267 tempora
1310 1215 1502 1254 incertam
1532 1221 1573 1254 et
1598 1227 1778 1253 mancam

309 1272 499 1311 resarcire
518 1278 683 1323 possunt
702 1272 892 1324 Hungari.

421 1343 460 1381 p.
483 1332 566 1370 217
587 1342 627 1369 V.
649 1329 689 1370 4.
752 1330 952 1380 Τιτελίου]
982 1327 1113 1367 Hodie
1139 1329 1251 1367 Τιίιιῖ
1273 1341 1399 1381 prope
1429 1327 1673 1368 confluentes
1690 1327 1777 1365 Tis-

309 1398 374 1423 sae
394 1392 434 1424 et
455 1385 635 1426 Danubii.

422 1456 464 1486 v.
487 1445 550 1485 17.
610 1442 832 1495 Πετρίκον]
873 1443 996 1481 Forte
1022 1444 1235 1480 Petrowar
1285 1454 1355 1480 seu
1396 1443 1558 1480 Pietre-
1574 1441 1620 1481 V
1613 1438 1777 1489 (credin,

309 1499 499 1550 oppidum
526 1498 759 1537 Sclavoniae
787 1500 978 1538 Savianae
1013 1499 1191 1538 validum
1230 1498 1281 1536 ad
1317 1499 1461 1537 Istrum
1489 1498 1680 1537 fluvium:
1722 1498 1779 1536 sic

308 1556 413 1593 enim
433 1555 584 1594 dictum
602 1556 765 1605 volunt,
795 1556 907 1606 quasi
932 1561 1109 1594 castrum
1136 1568 1187 1593 ex
1216 1555 1340 1607 petris
1369 1568 1438 1594 seu
1463 1555 1660 1608 lapidibus
1678 1568 1779 1592 con-

306 1611 469 1650 fectum.

419 1681 459 1719 P.
480 1669 563 1711 218
583 1680 622 1707 v.
642 1667 706 1710 14.
764 1664 918 1723 μακρός
939 1664 1040 1722 γάρ]
1070 1668 1134 1706 Sic
1151 1667 1335 1706 Graeculi
1362 1667 1576 1720 scriptores
1606 1667 1778 1719 impera-

307 1723 435 1763 toriae
466 1724 777 1764 Alamannorum
808 1731 848 1763 et
881 1738 1127 1764 summorum
1153 1725 1386 1777 pontificum
1414 1724 1623 1777 primariae
1646 1723 1688 1761 in
1712 1731 1798 1756 ‘ec-

308 1780 421 1819 clesia
442 1781 625 1831 dignitati
643 1781 772 1820 solent
790 1782 1006 1829 oblatrare,
1045 1794 1143 1832 quos
1170 1794 1323 1833 semper
1342 1780 1455 1820 anxit
1475 1782 1524 1820 ab
1543 1782 1589 1819 iis
1607 1773 1796 1819 traansla-

308 1843 398 1876 tum
425 1851 447 1875 a
472 1838 629 1876 Graecis
656 1838 697 1876 in
717 1839 912 1884 Francos,
940 1839 988 1877 ab
1005 1839 1167 1881 Oriente
1196 1839 1238 1876 in
1256 1839 1530 1886 Occidentem,
1558 1836 1794 1881 imperato-

308 1894 392 1933 riae
427 1894 640 1932 maiestatis
673 1896 838 1934 culmen.
895 1896 1027 1935 locum
1054 1895 1236 1949 Procopii
1260 1895 1382 1934 habes
1409 1896 1436 1935 l.
1459 1900 1479 1938 1
1507 1885 1644 1934 Gor-Ch·
1702 1887 1794 1927 Vide

309 1951 464 1991 dissert.
487 1954 543 1993 27
568 1951 619 1990 ad
641 1952 859 1992 loinvillam
880 1966 921 2004 p.
941 1956 1035 1996 316,
1586 1955 1596 2001 j·

423 2022 464 2058 p·
490 2012 572 2051 219
599 2022 637 2046 v-
665 2012 706 2051 7.
777 2005 997 2062 ἐμπόριον]
1042 2008 1268 2059 Legendum
1298 2005 1506 2060 ἒμπὲριον,
1550 1999 1792 2053 ifflperium,

311 2074 450 2101 vocem
477 2064 581 2103 enim
608 2065 787 2104 Latinam
814 2066 1036 2117 exprimere
1061 2065 1192 2105 voluit
1218 2065 1444 2106 Cinnamus.
1528 2057 1606 2104 itai
1623 2053 1790 2107 ἕμπετος

312 2131 387 2170 pro
419 2119 594 2168 impetu&
624 2121 729 2161 <lixit
751 2123 933 2161 Urbicius
949 2137 988 2175 p·
1005 2126 1075 2165 70,
1600 2122 1632 2171 si
1652 2166 1667 2178 Ἰ

427 2176 521 2215 V·9·
565 2171 675 2226 παρθῖ
702 2174 776 2226 τήν
802 2180 846 2219 ἐν
862 2176 1016 2235 Ῥώμῃ]
1044 2177 1270 2217 Radevicus
1297 2177 1325 2216 l.
1343 2178 1371 2219 4
1400 2190 1433 2215 c.
1462 2175 1536 2220 ult,
1560 2166 1785 2218 ‹femmae-

310 2230 415 2270 rico:
456 2231 733 2281 imperatorem
759 2231 1253 2287 constantinopolitanum
1288 2233 1458 2273 Manuiil
1487 2227 1602 2278 filtro
1626 2223 1786 2283 &gnici-

314 2289 419 2324 tiam
441 2293 478 2324 et
495 2288 724 2324 societatem
741 2289 830 2324 eius
849 2294 1083 2339 expetentem
1090 2293 1212 2339 flexit
1219 2322 1231 2343 ‚
1276 2299 1322 2330 ut
1355 2305 1396 2329 se
1424 2280 1505 2340 nq'n
1523 2281 1787 2327 Roma.·2...sed

314 2345 538 2382 N'eoromae
553 2350 662 2382 vocet
680 2345 971 2395 imperatorem.
1462 2341 1467 2363 ‘

168 2405 198 2440 P
220 2406 289 2442 470
423 2413 464 2439 v.
486 2403 551 2442 12.
609 2398 934 2453 διεκαπηλεύθη]
965 2399 1065 2439 Vide
1088 2398 1331 2438 Frontonem
1350 2396 1548 2436 Ducaeum
1576 2400 1628 2435 ad
1649 2399 1780 2436 Pulla-

312 2456 369 2496 dii
388 2455 488 2495 Hist.
506 2457 757 2506 Lausiacam,
787 2457 855 2495 ubi
874 2457 1001 2495 multa
1023 2456 1071 2494 de
1089 2469 1187 2495 voce
1207 2450 1459 2507 καπηλεύειν.

424 2527 466 2555 v.
487 2514 550 2556 15.
609 2512 887 2567 ῖππευομένῳ]
918 2512 1064 2551 Nimias
1083 2526 1175 2551 sane
1194 2525 1315 2564 nugas
1336 2510 1411 2562 agit
1428 2509 1653 2560 Cinnamus,
1682 2508 1780 2549 dum

313 2570 484 2623 principi
510 2583 582 2608 suo
608 2570 775 2609 ridicule
801 2570 1060 2609 adblanditur
1099 2575 1140 2608 et
1163 2569 1272 2608 velut
1305 2566 1485 2606 ecclesiae
1520 2565 1780 2604 Graecanicae

315 2633 435 2678 caput
480 2640 561 2665 non
595 2627 1031 2679 Constantinopolitano
1077 2626 1277 2665 duntaxat
1313 2621 1583 2676 patriarchae,
1635 2622 1705 2661 sed
1737 2628 1780 2662 et

314 2696 467 2722 summo
495 2683 601 2720 orbis
632 2683 841 2722 Christiani
874 2682 1051 2735 pontifici
1071 2682 1334 2734 Byzantinum
1362 2681 1640 2732 imperatorem
1660 2691 1780 2732 prae-

313 2751 460 2792 ponere
481 2739 615 2777 audet.
674 2745 792 2790 atque
819 2740 913 2778 inde
942 2739 1189 2792 praeclarum
1213 2737 1360 2776 scilicet
1385 2750 1505 2789 supra
1526 2737 1779 2775 Germanicos

316 2796 513 2848 Augustos
531 2798 827 2847 praerogativae
853 2795 958 2835 elicit
986 2795 1280 2847 argumentum,
1323 2794 1431 2845 quod
1454 2794 1511 2833 illi
1539 2791 1780 2844 obequitanti

315 2865 439 2906 papae
462 2851 614 2906 pedites
640 2853 791 2904 adsint,
819 2854 1076 2907 sraenumque
1098 2852 1186 2904 equi
1211 2850 1483 2904 prehendant,
1514 2848 1622 2902 quod
1641 2850 1778 2889 innata
