1878 3262
279 220 373 266 132
565 200 568 205 ’
716 215 1022 261 NICEPHORI
1052 215 1321 260 BRYENNII

278 336 413 389 μέντοι
443 332 510 375 καὶ
535 329 832 389 ξυστρατεύσας
854 331 965 390 αὐτῷ
985 333 1052 376 καὶ
1077 338 1166 383 ταῖς
1189 329 1399 390 ἑταιρείαις
1416 330 1608 392 πρότερον
1629 328 1725 376 σύν-

276 419 431 460 τροφον
465 398 594 455 σχιόν,
638 400 712 455 οὗχ
744 396 863 456 ἧττον
895 403 962 444 καὶ
998 402 1043 444 σέ
1080 401 1296 455 ἐπίσταμαι
1329 400 1438 452 ἄξιον
1473 402 1568 445 ὄντα
1602 404 1729 444 παῖδα

228 483 258 517 Β
283 468 463 513 τοιούτου
485 466 650 526 πατρός.
719 469 787 512 διὰ
810 474 939 513 ταῦτα
958 471 1044 512 ἐπεί
1059 488 1109 524 με
1133 469 1230 520 θεὸς
1253 472 1309 520 εἷς
1329 469 1373 512 τὸ
1399 473 1600 524 βασίλειον
1621 469 1730 525 ῧψος

278 537 471 595 ἀνήγαγε,
505 536 711 592 βούλομαί
727 555 790 581 σοι
813 539 1000 595 γενέσθαι
1022 539 1108 580 ἀντὶ
1125 538 1277 595 πατρὸς
1298 537 1575 595 φιλοστόργου.
1603 540 1730 595 γένοιο

279 603 350 651 οὖν
380 606 430 649 σὺ
464 607 586 660 κάμοὶ
619 607 705 656 υἱὸς
736 606 947 663 εὐγνώμων
980 607 1079 649 ἄνθ’
1110 607 1200 649 υἱοῦ
1228 605 1458 662 ἀγνώμονος
1465 639 1478 658 ,
1516 605 1762 664 ὑπερείδωνό

277 676 350 730 τὴν
373 676 415 717 ἐκ
441 679 514 717 τοῦ
537 673 670 731 γήρως
699 675 922 718 ἀσθένειαν.
992 677 1059 717 καὶ
1088 679 1158 717 νῦν
1190 676 1263 729 μὲν
1294 675 1366 730 τὴν
1393 675 1494 729 μετὰ
1524 678 1730 728 βασιλείαν

278 745 468 801 δευτέραν
489 743 609 798 τιμὴ-ν
631 742 835 797 λάμβανε,
873 745 977 801 φημὶ
1014 744 1063 798 δὴ
1095 743 1167 798 τὴν
1202 748 1274 786 τοῦ
1305 745 1517 800 καίσαρος,
1564 743 1654 797 μετ’
1682 743 1729 785 οὗ

277 813 380 854 πολὺ
402 813 446 854 de*
466 814 533 854 καὶ
557 810 744 865 διάδοχος
768 810 861 866 ἡμῖν
875 813 1138 867 χρηματίσεις
1160 816 1231 866 τῆς
1251 813 1458 866 βασιλείας
1473 810 1743 866 Ῥωμαίων.”“

276 886 405 923 ταῦτα
429 877 713 930 διεξελθόντων
734 884 814 922 τῶν
834 881 1060 937 πρέσβεων,
1103 882 1228 935 μηδὲν
1254 879 1458 935 μελλήσας
1479 881 1623 930 ἐκεῖνος
1646 881 1731 935 (καὶ

274 950 353 1005 γὰρ
376 943 426 1004 ἦν
447 948 552 1004 εἴπερ
580 965 639 997 τις
660 947 782 998 ἄλλος
805 949 1016 1004 ἀγχίνους)
1056 949 1179 998 εὐθὺς
1212 948 1448 1006 ἀπεκρίνατο
1474 949 1546 999 τὰς
1568 946 1730 1002 συμβά-
1744 955 1787 995 1'0

276 1033 358 1066 σεις
388 1017 540 1058 ἐθέλειν
573 1018 640 1057 καὶ
671 1017 742 1070 τὴν
778 1015 934 1074 εἰρήνην
959 1016 1211 1069 ἀσπάζεσθαι
1233 1020 1299 1059 καὶ
1323 1017 1391 1059 τὸν
1412 1015 1585 1070 πόλεμον
1603 1034 1730 1059 κατα-

225 1088 255 1123 C
279 1089 397 1127 λῦσαι
418 1082 612 1140 ἐμφύλιον
635 1085 701 1125 καὶ
725 1085 796 1137 τὴν
817 1085 930 1142 παρὰ
949 1086 1147 1139 βασιλέως
1172 1086 1291 1139 τιμὴν
1315 1085 1518 1139 δέχεσθαι.
1585 1083 1731 1139 βούλε-

276 1158 378 1195 σθαι
401 1154 445 1194 δὲ
465 1152 523 1206 μὴ
548 1151 670 1192 αὐτὸν
685 1149 809 1204 μόνον
827 1159 959 1206 τυχεῖν
979 1158 1059 1195 τῶν
1079 1159 1150 1209 τῆς
1172 1152 1329 1210 εῗρήνης
1350 1158 1504 1206 καλῶν,
1542 1153 1645 1196 ἀλλὰ
1663 1155 1731 1196 καὶ

274 1221 370 1270 τοὺς
390 1216 745 1273 ξυμμετασχόντας
765 1220 876 1279 αὐτῷ
898 1226 971 1263 τοῦ
990 1221 1104 1278 ἔργου
1115 1254 1129 1273 ,
1175 1220 1422 1278 στρατηγούς
1444 1239 1485 1264 τε
1511 1224 1577 1263 καὶ
1604 1239 1731 1279 στρα-

274 1288 422 1338 τιιότας
445 1289 512 1330 καὶ
535 1286 754 1343 ἄρχοντας,
803 1283 859 1331 ὧν
885 1289 930 1332 τὸ
953 1291 1156 1347 ξυμφέρον
1176 1291 1394 1347 προδοῦναι
1416 1290 1503 1332 ἴσον
1527 1290 1638 1348 αὐτῷ
1658 1294 1730 1332 τοῦ
1743 1299 1786 1335 15

275 1359 473 1411 ἀσεβῆσαι
495 1354 746 1409 νενόμισται·
792 1360 1009 1413 φιλαυτίας
1026 1358 1102 1414 γὰρ
1129 1357 1187 1413 εἴη
1211 1357 1402 1412 ἐσχάτης,
1447 1357 1474 1413 ἢ
1495 1362 1651 1411 μᾶλλον
1674 1361 1730 1401 εἲ-

273 1431 359 1468 Ξιεΐν
383 1425 700 1482 ἀπανθρωπίας,
750 1426 943 1480 ζητοῦντα
965 1426 1010 1467 τὸ
1034 1424 1180 1468 ἑαυτοῦ
1201 1427 1407 1483 συμφέρον
1427 1426 1472 1468 τὸ
1495 1431 1575 1468 τῶν
1599 1426 1731 1469 ἄλλων

273 1496 507 1551 προδοῦναι.
578 1493 650 1534 οὐκ
672 1492 804 1543 ἄλλως
827 1488 897 1536 οὖν
918 1494 990 1548 τὴν
1015 1495 1223 1537 υἱοθεσίαν
1243 1493 1463 1548 λαμβάνειν
1485 1497 1552 1537 καὶ
1572 1495 1645 1549 τὴν
1667 1513 1728 1537 τι-

273 1561 380 1616 μήν,
416 1564 450 1604 εἰ
476 1560 534 1616 μὴ
564 1559 758 1617 πρότερον
785 1562 836 1603 τὰ
866 1564 1022 1604 ἐκείνων
1055 1564 1382 1620 ἐξασφαλίσαιτο.
1446 1561 1634 1615 βούλεται
1658 1558 1729 1605 οὖν

273 1628 467 1688 πρότερον
497 1633 555 1687 τῷ
585 1633 750 1683 βασιλεῖ
770 1634 994 1684 βεβαιῶσαι
1030 1631 1082 1673 τὰ
1111 1632 1214 1688 παρ’
1250 1631 1376 1674 αὐτοῦ
1405 1632 1544 1688 σφίσιν
1569 1632 1786 1682 ἐκείνοιςΞΟ

364 1770 397 1807 9.
421 1767 618 1816 μελλήσας]
641 1770 694 1805 Ita
717 1771 756 1804 P.
778 1782 839 1816 pro
864 1769 1032 1815 μελήσας.
1105 1771 1159 1806 14.
1182 1770 1267 1817 καὶ]
1291 1771 1370 1806 Hoc
1386 1767 1512 1806 addidi.
1583 1773 1637 1808 16.
1653 1769 1726 1818 εἴη]

364 1813 490 1850 εἶναι’.)
517 1833 521 1835 -
625 1817 681 1853 20.
705 1815 757 1860 τῷ
778 1817 940 1860 βασιλεῖ]
973 1816 1041 1852 τὸν
1059 1814 1239 1862 Boaulia?
1648 1826 1654 1835 ¹

273 1944 308 1974 et
324 1938 511 1973 meminisse
524 1938 620 1973 iuvat
634 1949 687 1972 me
702 1937 826 1972 socium
840 1937 873 1971 in
891 1937 1160 1983 expeditionibus
1174 1949 1215 1973 ac
1231 1940 1501 1974 contubernalem
1512 1941 1726 1987 sodalemqne

271 1986 392 2027 fuisse3
423 1996 486 2019 nec
502 1984 608 2025 minus
622 1994 818 2029 persuasum
833 1984 939 2018 habeo
955 1988 989 2018 te
1005 1984 1135 2028 dignum
1151 1984 1228 2019 talis
1245 1986 1350 2030 patris
1364 1985 1563 2031 minimeque
1578 1987 1727 2032 degene-

271 2042 343 2065 rem
358 2042 434 2065 esse
456 2030 582 2072 filium3
614 2041 701 2074 quae
725 2042 799 2063 cum
822 2029 873 2063 ita
895 2025 984 2074 sint,
1016 2030 1169 2074 quoniam
1198 2042 1250 2064 me
1274 2031 1357 2065 deus
1380 2032 1423 2066 ad
1444 2031 1572 2078 imperii
1596 2033 1726 2068 culmen

273 2077 409 2120 evexit,
441 2076 584 2109 caritate
608 2074 887 2120 indulgentissimi
911 2075 1018 2120 patris
1041 2081 1077 2109 te
1094 2075 1212 2110 volens
1226 2077 1430 2122 amplector;
1462 2089 1567 2123 quare
1581 2078 1724 2112 vicissim

271 2130 416 2167 aequum
440 2121 542 2156 suerit
565 2121 742 2165 concipere
767 2125 802 2155 te
828 2132 963 2166 quoque
984 2118 1019 2154 in
1034 2130 1087 2155 me
1102 2121 1261 2156 affectum
1277 2133 1318 2156 ac
1332 2133 1464 2157 sensum
1479 2124 1526 2168 pii
1541 2123 1600 2158 filii
1613 2124 1724 2169 potius

270 2179 371 2212 quam
394 2167 520 2211 ingrati
544 2168 689 2213 superbe
712 2166 955 2201 contemnentis
981 2166 1207 2201 infirmitatem
1228 2169 1412 2202 senectutis
1433 2180 1538 2204 meae.
1585 2173 1621 2203 et
1635 2179 1724 2203 nunc

268 2212 451 2247 secundum
477 2223 496 2245 a
521 2223 573 2246 me
595 2212 731 2246 honoris
746 2213 854 2247 locum
870 2213 932 2246 sub
951 2212 1112 2257 imperiali
1128 2213 1263 2257 fastigio
1279 2213 1412 2259 accipe,
1444 2215 1550 2249 dictus
1566 2225 1587 2247 a
1603 2226 1655 2248 me
1669 2215 1724 2249 iu-

269 2259 366 2293 terim
384 2258 530 2301 Caesar,
561 2257 638 2291 dum
652 2258 751 2304 paulo
769 2262 848 2304 post
863 2257 959 2292 nobis
974 2257 1009 2291 in
1022 2258 1160 2303 imperio
1176 2259 1358 2294 succedens
1373 2260 1407 2293 in
1421 2260 1561 2294 solidum
1575 2259 1722 2305 accipias

267 2304 508 2339 haereditatem
530 2302 650 2347 regni,
683 2304 776 2338 cuius
803 2316 890 2337 nunc
914 2303 1062 2348 pignoris
1085 2304 1161 2338 loco
1183 2310 1282 2350 parte
1307 2317 1374 2339 non
1389 2305 1515 2339 modica
1529 2305 1689 2349 dignaris.
1701 2306 1721 2322 ”

268 2350 353 2384 talia
369 2360 442 2383 cum
457 2348 561 2392 legati
575 2349 810 2394 protulissent,
842 2350 922 2382 nihil
950 2349 1006 2383 ille
1029 2355 1222 2392 cunctatus,
1253 2356 1327 2385 erat
1349 2350 1433 2385 enim
1457 2351 1573 2395 siquis
1589 2351 1672 2386 alius
1686 2352 1722 2387 in

270 2395 454 2441 propositis
469 2396 569 2428 rebus
585 2394 696 2428 statim
712 2406 752 2428 ac
767 2394 902 2440 penitus
917 2394 1142 2440 percipiendis
1157 2396 1279 2438 velox,
1308 2397 1419 2430 subito
1435 2396 1629 2441 respondit:
1661 2409 1722 2432 ac-

271 2441 383 2487 cipere
399 2452 436 2474 se
451 2451 538 2484 quae
554 2440 784 2474 offerebantur
797 2451 838 2474 ac
852 2441 983 2475 modum
999 2441 1248 2486 compositionis
1263 2442 1426 2487 probare,
1443 2453 1506 2475 nec
1518 2453 1644 2477 moram
1658 2455 1724 2489 pe·-

269 2497 330 2520 nes
357 2497 394 2520 se
418 2486 493 2520 fore
522 2485 602 2530 quin
628 2497 658 2519 m
730 2485 824 2520 finito
840 2485 932 2519 civili
947 2486 1035 2519 bello
1053 2487 1198 2522 delatum
1211 2488 1254 2521 ab
1270 2488 1472 2532 imperatore
1484 2487 1643 2522 honorem
1655 2488 1720 2523 -ad-·

267 2532 430 2566 mitteret.
477 2531 568 2565 velle
594 2536 672 2565 aute
730 2529 798 2566 non
820 2543 858 2566 se
878 2531 984 2566 solum
1001 2532 1067 2565 frui
1083 2533 1177 2567 bonis
1193 2533 1305 2578 pacis:
1336 2532 1396 2566 sed
1414 2536 1448 2566 et
1466 2534 1663 2579 participari
1678 2546 1720 2568 ea

269 2586 392 2621 cupere
411 2578 454 2611 ab
478 2577 519 2610 iis
540 2577 596 2621 qui
610 2589 722 2610 secum
738 2577 772 2611 in
787 2577 914 2622 negotii
931 2577 1080 2623 periculo
1096 2578 1254 2619 fuissent,
1287 2577 1426 2611 ducibus
1445 2579 1592 2613 nimirum
1608 2579 1720 2614 militi-

265 2622 397 2666 busque
411 2627 446 2655 et
460 2633 573 2655 eorum
590 2623 784 2667 praefectis,
815 2633 955 2668 quorum
973 2623 1135 2657 utilitates
1150 2623 1340 2669 prodidisse
1356 2623 1478 2657 crimen
1494 2624 1594 2659 nihilo
1609 2625 1718 2660 levius

265 2667 439 2711 impietate
462 2667 524 2700 sibi
546 2669 648 2702 foret.
695 2668 837 2714 improbi
863 2668 948 2703 enim
970 2668 1179 2716 privatorum
1206 2667 1452 2703 commodorum
1478 2671 1578 2704 studii
1604 2670 1716 2712 fuerit,

265 2712 314 2746 sic
328 2711 473 2757 propriis
489 2712 671 2746 rationibus
689 2714 865 2748 consulere
876 2742 886 2758 ‚
917 2718 955 2748 ut
971 2715 1112 2749 aliorum
1126 2725 1204 2760 spes
1217 2725 1258 2747 ac
1273 2715 1524 2749 commoditates
1541 2716 1717 2760 negligan-

262 2762 330 2792 tur.
375 2757 425 2790 ita
439 2757 540 2801 igitur
555 2769 631 2791 sese
646 2759 790 2793 oblatam
807 2759 1020 2804 adoptionem
1036 2760 1208 2805 accipere,
1239 2759 1268 2792 si
1291 2761 1380 2803 prius
1397 2760 1440 2794 de
1454 2766 1546 2794 statu
1562 2767 1599 2795 et
1612 2771 1714 2806 prae-

262 2802 337 2837 miis
362 2802 618 2837 commilitonum
644 2813 685 2839 uc
711 2805 876 2838 sociorum
901 2816 1033 2838 suorum
1058 2811 1184 2839 certum
1207 2805 1331 2849 aliquid
1347 2806 1517 2851 fixumque
1531 2811 1713 2841 statuatur.

260 2849 363 2894 igitur
385 2859 525 2894 aequum
552 2859 692 2884 censere
712 2854 792 2885 ante
819 2850 926 2886 omnia
940 2850 1175 2895 imperatorem
1189 2851 1359 2897 promissis
1377 2857 1411 2887 et
1424 2852 1622 2899 pignoribus
1637 2851 1714 2887 ido-
