1878 3262
267 185 332 216 xu
477 173 524 216 G.
554 172 727 217 TOLLI
759 172 1070 217 PRAEFATIO
1104 173 1178 216 AD
1214 174 1535 219 LECTOREM.

265 287 398 330 mium
414 287 589 331 videbor
606 287 809 329 retulisse.
879 288 1071 330 omnibus
1089 288 1201 330 enim
1217 289 1338 331 bonis
1357 297 1398 330 et
1413 290 1645 332 amantibus
1664 305 1740 332 eo-

265 372 379 409 rum,
415 358 486 413 qui
518 356 684 398 laudem
714 357 880 411 assequi
911 371 967 398 ex
993 355 1142 398 studiis
1172 359 1450 409 connituntur,
1487 360 1739 401 satisfecisse

264 439 333 467 me
361 441 435 482 pro
468 424 751 466 mediocritate
783 439 878 466 mea
906 439 1040 482 spero.
1110 426 1147 466 si
1180 427 1251 481 qui
1279 427 1541 482 supercilium
1567 426 1739 468 induere

264 495 428 545 volent,
465 502 506 534 et
536 495 579 534 in
606 493 710 535 vitia
730 501 818 534 tam
840 508 1003 534 cernere
1028 501 1211 546 acutum,
1244 508 1369 550 quam
1385 502 1455 534 aut
1473 496 1632 550 aquila,
1668 503 1740 536 aut

264 576 433 619 serpens
461 561 730 619 Epidaurius,
765 562 827 602 illi
862 577 981 604 suam
1013 563 1093 603 sibi
1115 563 1396 603 austeritatem
1413 564 1739 618 saevitatemque

263 631 397 683 magis
416 633 505 671 fore
523 631 628 692 vitio
649 630 797 682 sciant,
835 645 957 687 quam
979 645 1159 674 errorem
1185 639 1255 671 aut
1280 633 1443 688 lapsum
1459 631 1625 683 iuveni3
1659 632 1738 685 cui,

264 700 432 741 subacto
458 697 644 740 nondum
672 697 726 739 ad
749 699 1029 740 remotissima
1055 713 1239 755 quaeque
1259 714 1334 756 per
1356 707 1534 740 aetatem
1555 700 1738 753 ingenio,

263 775 309 808 ut
329 775 391 808 est
410 781 543 808 errare
561 768 668 808 inter
687 768 879 808 homines
899 768 1160 818 facillimum,
1196 768 1254 808 ita
1276 769 1433 825 primus
1459 783 1620 824 quoque
1642 776 1739 811 ante

267 850 413 877 omnes
441 836 608 879 veniam
637 835 1015 892 indulgentiamque
1045 843 1237 876 meretur.
1307 835 1482 889 accedit,
1513 835 1624 892 quod
1640 851 1738 893 pars

266 918 416 957 magna
446 905 581 961 operis
614 903 867 945 conficienda
900 905 1023 945 fuerit
1057 903 1234 946 vixdum
1257 905 1430 945 firmatis
1458 919 1513 945 ex
1540 906 1664 958 longo
1690 918 1737 945 ac

266 973 513 1026 gravissimo
543 974 689 1016 morbo
720 974 891 1021 viribus.
960 973 1083 1015 simul
1119 987 1298 1029 namque
1325 972 1491 1031 prodire
1522 986 1545 1013 e
1575 973 1738 1020 funebri

267 1042 386 1097 quasi
413 1043 540 1093 lecto,
571 1049 612 1084 et
639 1056 809 1088 manum
829 1040 1053 1087 admovere
1071 1043 1234 1088 tabulae
1254 1042 1391 1100 potui,
1424 1042 1588 1085 exercui
1607 1056 1675 1089 me
1696 1049 1739 1084 et

268 1108 512 1163 defatigavi,
541 1125 594 1156 ne
616 1125 695 1166 quo
716 1112 819 1162 alio,
847 1118 891 1156 ,ut
907 1111 1093 1159 nonnulli
1109 1118 1266 1159 metum
1285 1109 1582 1161 admovebant,
1617 1110 1739 1172 prae-

265 1179 482 1230 veniente,
519 1180 657 1224 oleum
685 1187 726 1220 et
754 1193 922 1236 operam
947 1187 1068 1236 atque
1095 1178 1261 1235 aliquod
1290 1180 1477 1234 fortassis
1495 1177 1594 1219 inde
1609 1179 1739 1221 meri-

265 1254 355 1290 tum
384 1246 614 1304 perderem,
683 1262 789 1288 nunc
817 1262 918 1299 vero
949 1262 1068 1305 spem
1096 1255 1281 1294 nostram
1299 1255 1517 1302 utcumque
1541 1239 1735 1299 exsecuti,

267 1314 413 1357 damus
434 1317 501 1356 hic
519 1317 595 1359 fibi
616 1315 812 1374 quidquid
833 1317 912 1361 hoc
933 1317 1027 1356 libri
1048 1324 1118 1358 aut
1137 1316 1289 1361 laboris
1311 1324 1397 1368 est,
1431 1323 1556 1371 utque
1581 1330 1736 1376 aequus

265 1397 312 1424 ac
330 1385 464 1430 libens
484 1387 640 1435 fruare,
676 1385 977 1428 humanitatem
995 1392 1109 1432 tuam
1128 1398 1334 1442 rogamus.
1400 1385 1495 1426 vale
1511 1385 1657 1436 lector,
1695 1392 1737 1425 et

264 1461 462 1508 quantum
502 1453 608 1493 mihi
647 1451 715 1494 dei
748 1454 1000 1508 benignitate
1038 1454 1150 1494 vitae
1190 1452 1383 1510 deinceps
1419 1451 1599 1504 dabitur,
1633 1451 1736 1500 illud

221 1556 224 1562 .
260 1536 385 1566 omne
418 1522 582 1578 publico
609 1535 679 1568 me
707 1522 841 1576 bono,
877 1522 916 1568 si
936 1535 1015 1578 qua
1035 1520 1238 1585 prodesse
1256 1530 1424 1586 potero,
1459 1520 1578 1566 crede
1600 1529 1736 1563 trans.-

257 1603 495 1637 mlSSl-lrumo
