1878 3262
234 235 301 287 '28
539 253 542 257 ·
615 267 620 272 -
660 236 967 281 NIGEPHORI
999 236 1270 281 BRYENNII

235 359 383 399 ποῦντο
407 353 459 396 τὰ
475 352 576 411 πρὸς
593 351 662 395 τὸν
683 349 871 407 πόλεμον.
941 350 962 393 ὅ
987 352 1030 394 ds*
1050 351 1406 409 Στραγγολίπιςτὸ
1424 349 1562 407 βάθος
1584 351 1700 394 αὗλι-

238 423 401 478 ζόμενος
429 427 502 478 τῆς
529 420 703 479 ε’ρήμου,
739 423 894 478 ἐπείπερ
925 419 1024 477 ἕγνω
1060 421 1134 476 τὴν
1166 421 1258 462 κατ’
1284 420 1409 463 αὐτοῦ
1432 423 1701 478 ἐκστρατείαν,

236 500 322 543 τοῖς
346 492 441 546 μετ’
473 492 598 534 αὐτοῦ
620 488 1002 546 κοινολογησάμενος
1028 491 1094 531 καὶ
1121 490 1324 546 ξυμφέρον
1347 487 1446 531 εἶναι
1468 492 1606 546 κρίνας
1627 508 1700 532 νυ»

237 561 331 611 κτὸς
356 567 440 611 τοῖς
458 560 692 617 Ἀγαρηνοΐς
717 560 937 601 ἐπιθέσθαι
961 560 1028 600 καὶ
1053 559 1259 615 Πέρσαις,
1286 559 1511 616 ταχυπορίᾳ
1539 557 1699 616 χρησά-

237 647 357 685 μενος
383 631 446 672 ε’πὶ
474 631 589 671 δυσὶν
611 627 781 685 ἡμέραις
807 630 1030 670 ἐπιτίθεται
1049 631 1100 684 τῇ
1120 628 1233 684 τρίτῃ
1260 626 1403 677 νυκτὸς
1433 626 1570 676 αὐτοῖς
1591 628 1735 684 (ἔφυ-5

240 698 397 748 λάκτως
422 702 613 754 σκηνοῦσι
634 699 701 740 καὶ
726 698 853 752 μηδὲν
875 697 1208 754 προσδεχομένοις
1231 694 1380 747 κακόν,
1409 697 1477 738 καὶ
1502 702 1702 757 κατατρυ-

237 772 384 810 ποῦται
418 766 587 817 τούτους
619 766 780 825 ῥᾳδίως.
849 767 1032 808 ἐντεῦθεν
1064 766 1173 815 λείας
1196 763 1256 806 ὅτι
1286 764 1474 819 πλείστης
1497 762 1704 820 γενόμενος

238 836 434 893 ἐγκρατὴς
468 838 535 878 καὶ
567 834 761 892 ἁρμάτων
788 837 855 876 καὶ
875 836 1012 876 ἵππων
1040 832 1254 890 κυριεύσας
1277 837 1437 875 πολλῶν
1463 833 1592 875 οῧκέτι
1617 836 1705 875 λοι-

117 911 151 946 V
175 911 219 947 13
242 906 317 947 πὸν
352 907 442 961 περὶ
475 905 548 958 τὴν
582 906 840 960 Καρβωνῖτιν
861 904 1038 958 ηὐλίζετο
1053 935 1066 954 ,
1104 903 1196 944 οὐδὲ
1217 904 1423 959 λαθραίας
1443 903 1608 944 ἐποιεῖτο
1631 900 1706 951 τὰς

185 979 219 1017 Ι)
243 975 443 1023 ἐπιθέσεις
473 971 528 1024 ὥς
562 973 695 1030 φυγὰς
723 974 790 1014 καὶ
822 971 996 1029 λῃστής,
1035 972 1141 1013 ἀλλὰ
1179 976 1363 1028 φανερῶς
1387 975 1467 1013 τῶν
1489 969 1705 1027 ὑπαίθρων
1716 977 1762 1012 10

237 1043 504 1093 ἀντεποιεῖτο,
539 1042 916 1098 προσρυϊσκομένων
941 1041 1051 1098 αὐτῷ
1072 1042 1138 1082 καὶ
1158 1045 1238 1082 τῶν
1261 1039 1348 1082 ὅσοι
1372 1040 1439 1081 διὰ
1463 1039 1707 1095 κακουργίας

238 1111 327 1154 τότε
364 1109 548 1152 θάνατον
582 1111 807 1160 ἐδεδίεσαν,
844 1108 999 1151 δούλων
1022 1126 1063 1151 τε
1087 1109 1159 1150 οὐκ
1182 1109 1325 1165 ὀλίγων
1346 1110 1413 1150 καὶ
1434 1112 1515 1150 τῶν
1536 1105 1705 1163 χαιρόν-

239 1197 322 1223 των
345 1186 432 1228 ταῖς
455 1177 677 1235 ἁρπαγαῖς,
705 1176 761 1227 ὥς
783 1179 824 1219 ἐν
844 1182 994 1234 βραχεῖ
1007 1181 1064 1235 τῷ
1082 1175 1216 1234 χρόνῳ
1238 1175 1408 1231 δύναμιν
1427 1171 1706 1233 ἀθροισθῆναι

212 1287 214 1290 ,
240 1249 431 1304 μεγίστην
454 1250 544 1304 περὶ
569 1244 692 1288 αὐτόν
700 1279 713 1298 ,
749 1247 821 1287 οὐκ
846 1245 998 1288 ἐλάττω
1023 1250 1103 1287 τῶν
1128 1246 1240 1288 πέντε
1266 1244 1489 1302 μυριάδων.
1557 1244 1610 1286 τὰ
1632 1244 1706 1298 μὲν

243 1317 339 1359 κατ’
370 1317 515 1358 ἐκεῖνον
542 1316 703 1372 ἐφέρετο
728 1317 845 1371 τῇδε·
875 1313 897 1356 ὃ
922 1315 966 1356 δὲ
989 1313 1242 1368 Μουχούμετ
1260 1313 1318 1368 μὴ
1343 1313 1508 1369 ἐνεγκὼν
1527 1312 1580 1354 τὰ
1603 1315 1704 1366 ξυμ-
1717 1318 1761 1354 15
1817 1344 1821 1349 .

243 1384 376 1440 βάντα
393 1386 564 1441 μετρίως
585 1384 680 1434 τοὺς
700 1384 773 1438 μὲν
798 1385 893 1425 δέκα
916 1383 1165 1439 στρατηγοὺς
1189 1380 1525 1439 ὑποστρέψαντας
1559 1379 1707 1422 ἀπετύ-

244 1458 381 1512 φλωσε
394 1486 407 1505 ,
436 1454 530 1503 τοὺς
567 1454 610 1494 δὲ
637 1452 706 1494 τὸν
732 1453 913 1494 κίνδυνον
939 1450 1250 1508 ἀποδράσαντας
1276 1449 1526 1508 στρατιώτας
1548 1453 1707 1506 θριαμ-

240 1521 399 1577 βεύσειν
436 1523 623 1576 ἠπείλησε
653 1523 880 1576 γυναικείας
911 1521 1273 1578 περιβεβλημένους
1307 1517 1475 1571 στολάς,
1510 1518 1632 1569 αὐτὸς
1663 1508 1707 1560 δὲ

239 1590 343 1648 πρὸς
369 1588 683 1645 ἀντιπαράταξιν
709 1591 999 1640 καθωπλίζετο.

118 1665 150 1700 P
173 1663 220 1699 23
379 1658 425 1703 9.
440 1652 448 1658 ’
475 1658 589 1700 Ἀλλ’
615 1657 653 1698 οἱ
672 1657 745 1710 μὲν
767 1661 1010 1713 στρατιῶται
1029 1655 1103 1706 τὰς
1122 1655 1269 1697 ἐκείνου
1289 1651 1570 1708 ἓνωτισάμενοι
1591 1653 1763 1696 ἄπει-20

239 1727 315 1777 λὰς
339 1730 623 1784 προσχωροῦσι
647 1730 705 1782 τῷ
728 1726 1051 1782 Στραγγολίπιὸι.
1118 1722 1318 1778 τοσαύτης
1342 1717 1413 1764 οὖν
1438 1723 1707 1779 προσγενομέ-

237 1813 311 1851 νης
333 1796 466 1853 ἐκείνῳ
490 1796 557 1837 καὶ
581 1792 822 1849 τηλικαύτης
846 1792 1054 1848 δυνάμεως
1061 1825 1074 1845 ,
1115 1793 1276 1850 ἀγείρας
1303 1792 1462 1834 ἅπαντα
1484 1790 1553 1833 τὸν
1579 1808 1706 1848 στρα-

333 1916 365 1950 1.
391 1913 678 1959 Στραγγολίπις]
702 1914 747 1948 V.
772 1911 1060 1957 Σταγγρολίπης.
1197 1912 1281 1946 ibid.
1304 1909 1348 1946 τὸ
1375 1907 1522 1956 βάθος]
1540 1906 1635 1944 κατὰ
1659 1907 1703 1945 τὸ

329 1958 487 2006 mistos?
628 1962 685 1997 21.
708 1957 1021 2005 προσγενομένης]
1047 1958 1092 1993 V.
1115 1955 1418 2004 προσγινομένης.

237 2063 446 2100 ministrandi
479 2063 644 2098 rationem
672 2063 880 2097 imminentes
909 2073 953 2096 ex
983 2064 1058 2096 tuto
1077 2061 1113 2096 in
1137 2060 1348 2095 occasionem
1369 2060 1420 2094 rei
1441 2059 1622 2105 gerendae.
1665 2061 1704 2093 at

238 2109 474 2154 Strangolipes
501 2110 663 2143 interiora
687 2109 875 2143 solitudinis
889 2108 1044 2142 obtinens
1060 2107 1197 2152 cognita
1213 2106 1428 2152 expeditione
1443 2111 1561 2140 contra
1577 2116 1615 2139 se
1629 2115 1705 2138 sus-

239 2161 341 2201 cepta
352 2183 361 2200 ‚
395 2156 635 2188 communicato
662 2156 874 2200 probatoque
901 2155 970 2188 suis
997 2154 1135 2187 consilio
1149 2179 1160 2196 ‚
1193 2159 1380 2186 nocturnae
1412 2150 1606 2197 irruptionis
1627 2154 1705 2196 post

241 2202 471 2236 continuatum
488 2201 589 2235 biduo
606 2201 673 2235 iter
687 2227 696 2244 ,
728 2201 831 2234 tertia
858 2201 988 2234 demum
1011 2204 1112 2233 nocte
1126 2199 1327 2244 improvisus
1341 2197 1507 2242 Agarenis
1522 2196 1705 2241 Persisque

241 2254 333 2287 metu
351 2246 488 2292 procul,
519 2258 666 2291 curaque
682 2248 769 2280 omni
785 2246 1015 2281 desidentibus
1030 2246 1117 2279 intra
1133 2257 1197 2278 sua
1210 2244 1427 2278 tabernacula
1450 2243 1704 2288 superveniens,

241 2293 342 2328 facile
360 2293 436 2326 illos
452 2292 559 2325 vertit
573 2292 608 2325 in
624 2294 736 2336 fugam
747 2320 757 2337 ,
788 2293 984 2337 praedaque
1001 2292 1079 2325 inde
1095 2291 1223 2336 potitus
1239 2291 1379 2336 plurima
1390 2315 1400 2332 ,
1432 2299 1651 2332 curruumque
1667 2292 1705 2321 et

242 2350 404 2383 equorum
421 2338 566 2382 adeptus
581 2338 711 2382 copiam
725 2364 734 2380 ,
761 2350 828 2372 non
842 2339 907 2371 iam
923 2338 986 2372 sibi
1001 2337 1262 2371 delitescendum
1277 2336 1311 2369 in
1328 2334 1543 2369 Carbonitide
1558 2333 1704 2378 putavit,

239 2389 301 2419 aut
316 2384 451 2418 furtivis
467 2384 636 2427 fugacium
651 2384 815 2417 latronum
833 2395 925 2417 more
940 2383 1186 2417 incursionibus
1207 2381 1436 2426 grassandum.
1482 2380 1543 2412 sed
1566 2379 1704 2423 prodire

240 2431 352 2476 palam
369 2430 588 2474 obtinereque
604 2441 753 2474 campum
768 2430 855 2463 iusto
873 2429 1023 2463 exercitu
1040 2440 1140 2462 ausus
1161 2433 1235 2472 est,
1269 2425 1511 2460 confluentibus
1534 2426 1575 2458 ad
1593 2426 1703 2470 ipsum

241 2476 405 2520 undique,
436 2475 494 2520 qui
521 2475 756 2509 maleficiorum
781 2475 906 2509 conscii
931 2481 1070 2509 mortem
1095 2475 1130 2508 in
1153 2473 1321 2519 suppliciis
1336 2471 1512 2512 timebant,
1543 2476 1602 2504 aut
1617 2481 1703 2516 quos

238 2522 367 2565 alioqui
392 2521 583 2555 delectabat
606 2527 704 2567 rapto
731 2520 870 2562 vivere,
903 2525 996 2553 tanto
1019 2532 1155 2554 numero
1172 2526 1210 2553 ut
1226 2518 1318 2552 brevi
1335 2523 1487 2561 tempore
1502 2517 1625 2550 milites
1639 2517 1702 2551 sub

241 2566 345 2609 signis
362 2578 427 2599 non
444 2567 618 2611 pauciores
633 2567 875 2612 quinquaginta
890 2566 1031 2600 millibus
1049 2566 1200 2604 haberet,
1236 2563 1366 2597 interim
1383 2562 1575 2596 Muchumet
1588 2562 1703 2596 mode-

241 2616 315 2646 rate
332 2624 398 2645 non
416 2613 528 2645 ferens
545 2624 631 2657 quae
647 2613 857 2656 contigerant
872 2612 988 2646 decem
1005 2612 1145 2648 ducibus
1159 2612 1200 2644 ab
1213 2609 1336 2644 infelici
1354 2608 1566 2652 expeditione
1583 2619 1704 2642 rever-

241 2657 287 2692 sis
304 2658 419 2690 oculos
436 2657 543 2698 eruit,
575 2658 787 2703 militesque,
817 2658 874 2703 qui
890 2658 975 2691 male
991 2660 1243 2702 pugnaverant,
1274 2654 1460 2690 minabatur
1484 2654 1703 2698 ignominiose

241 2704 474 2737 traducturum
499 2714 535 2736 se
559 2705 778 2737 muliebribus
804 2704 847 2737 ad
870 2703 1046 2737 ludibrium
1062 2703 1155 2736 stolis
1169 2701 1313 2734 indutos.
1360 2700 1432 2744 ipse
1444 2700 1576 2734 interim
1591 2711 1703 2734 armn-

241 2750 301 2784 bat
314 2749 571 2792 instruebatque
586 2759 622 2781 se
637 2750 681 2782 ad
698 2761 767 2783 rem
784 2761 845 2795 per
863 2760 901 2783 se
919 2760 993 2782 cum
1008 2746 1254 2791 Strangolipide
1269 2746 1461 2789 gerendam.
1686 2760 1688 2762 ’

334 2795 366 2829 9.
416 2794 576 2827 Ceterum
607 2794 664 2838 qui
695 2796 777 2838 fuga
807 2807 848 2828 ex
878 2793 993 2839 priore
1021 2794 1150 2838 proelio
1172 2791 1297 2825 servati
1320 2796 1418 2824 erant
1438 2791 1578 2834 milites,
1610 2793 1700 2824 metu

239 2839 439 2884 ignominiae
455 2851 496 2874 ac
513 2839 672 2872 minarum
693 2840 918 2873 Muchumetis
933 2839 1054 2884 passim
1070 2839 1113 2872 ad
1125 2837 1405 2882 Strangulipidem
1423 2836 1700 2880 transsugiebant,

242 2886 300 2932 qui
315 2885 439 2920 fiducia
454 2885 541 2920 tanti
559 2885 780 2931 supplementi
795 2885 978 2919 contractis
993 2884 1027 2918 in
1042 2895 1141 2918 unum
1157 2883 1262 2930 copiis
1277 2883 1343 2918 iam
1357 2883 1508 2919 omnibus
1522 2882 1702 2927 occupavit
