1878 3262
294 181 396 228 226
783 175 1008 233 IOANNIS
1045 175 1276 223 ClNNAMl

293 293 365 337 τὸν
388 286 618 347 Χαλοῦφην
642 286 768 332 αὖτοῦ
791 286 922 331 ἔλιπεν
955 285 1043 343 ἅμα
1067 285 1361 347 στρατεύματι,
1382 284 1745 346 συμπαρεσόμενόν

295 378 336 403 τε
361 363 420 417 τῷ
444 355 641 415 Στεφάνῳ
674 360 742 400 καὶ
774 357 828 400 τὰ
862 357 1169 414 παραπίπτοντα
1201 357 1585 414 συνδιοικησόμενον.
1652 354 1675 399 ὃ
1701 356 1746 399 δέ

292 429 356 470 ἐπὶ
380 427 454 482 τὴν
482 424 699 479 εΡωμαίων
730 420 870 482 ἦλθεν.
938 426 985 467 οὗ
1012 424 1114 466 πολὺ
1148 423 1195 468 τὸ
1220 423 1393 479 μεταξύ,
1426 428 1493 469 καὶ
1517 422 1749 478 πυθόμενος
1806 480 1807 486 ¹

246 504 275 538 B
296 494 317 538 ὃ
339 499 420 538 τῶν
444 493 608 537 Οὕννων
630 493 704 552 ῥὴξ
725 495 787 537 ἐπὶ
814 494 1009 548 Οὗννικῆς
1028 492 1236 550 Στέφανον
1260 493 1375 536 εἰσέτι
1399 493 1609 551 διατριβὴν
1621 498 1748 535 ποιεῖ’-

294 567 420 614 σθαι,
462 560 651 616 δυνάμεις
685 562 741 605 ἔτι
777 566 932 617 μᾶλλον
966 562 1127 618 ἀγείρας
1162 560 1324 619 πολέμῳ
1361 560 1408 603 τὸ
1444 566 1524 604 πᾶν
1548 563 1781 618 διακρῖναιό

293 632 489 687 ἠπείγετο,
557 631 599 672 ἓν
633 631 678 673 δὲ
701 628 831 688 τούτῳ
864 632 1005 672 πολλοὶ
1038 633 1119 672 τῶν
1144 629 1218 672 σὺν
1243 626 1439 687 Στεφάνῳ
1464 629 1527 671 ἐπὶ
1550 629 1620 672 τὸν
1644 628 1749 686 ρᾔα

289 698 596 754 μετατιθέμενοι
628 696 815 742 ἑκάστοτε
849 702 1078 753 ψιλοῦσθαι
1112 702 1255 740 τοῦτον
1288 698 1461 740 ἐποίουν.
1536 694 1561 739 ὃ
1582 697 1701 753 γνοὺς
1726 694 1749 738 ὅ

293 765 522 824 Χαλούφης
540 767 697 820 Ιβουλὴν
722 771 920 824 προσῆγεν
946 767 1056 824 αὐτῷ
1080 770 1151 820 τῆς
1180 766 1374 820 Οὖννικῆς
1399 765 1661 824 ἀποσχομένῳ
1685 764 1751 806 ε’πὶ
1807 767 1810 770 ’

295 837 465 891 Σίρμιον
499 834 733 891 ἀφικέσθαι.
800 840 873 890 τῆς
903 836 982 892 γὰρ
1017 836 1197 877 ἐνταῦθα
1218 832 1359 891 χώρας
1382 832 1461 875 ὕπὸ
1485 837 1650 887 βασιλεῖ
1667 849 1751 874 κει-

287 904 414 957 μένης
438 903 579 953 ἐξεῖναι
602 903 714 960 αὐτῷ
735 902 841 958 ἔλεγε
864 904 956 945 κατ’
979 903 1161 954 ἐξουσίαν
1185 900 1245 952 οἷς
1266 901 1317 943 ἂν
1337 900 1526 956 βοῦλοιτο
1552 902 1749 957 ἓγχειρεῖν.
1763 909 1807 944 10

295 969 351 1020 ὥς
376 971 421 1013 δ’
451 972 626 1027 ἷσχυρῶς
646 972 790 1021 ἐκεῖνος
813 971 1011 1023 ἄνέιέυεν,
1046 969 1068 1013 ὃ
1093 971 1136 1012 δὲ
1160 969 1294 1013 τοιάδε
1314 967 1469 1012 ἐνενόει.
1533 967 1752 1024 σκηψάμε-

292 1056 362 1088 νος
392 1037 615 1095 γρᾶμματα
647 1039 691 1081 ἐκ
722 1040 921 1094 βασιλέως
954 1038 1062 1093 ἣκειν
1097 1038 1209 1095 αὐτῷ
1239 1040 1303 1080 ἐπὶ
1328 1038 1397 1080 τὸν
1414 1037 1572 1093 Ἴστρον
1598 1035 1752 1094 ἐχώρει,

294 1112 378 1156 τοῖς
398 1111 527 1148 ταῦτα
549 1107 778 1160 κομίζουσιν
800 1105 1073 1162 ἐντευξόμενος
1094 1105 1275 1149 ἐνταῦθά
1295 1123 1373 1148 που
1388 1105 1500 1163 παρὰ
1513 1105 1581 1148 τὸν
1594 1105 1753 1161 Ἴστρον

294 1175 371 1216 δέει
397 1177 456 1232 τῷ
480 1175 526 1215 ἐκ
562 1178 643 1216 τῶν
684 1174 847 1217 Οὕννων
886 1176 1096 1232 διατριβὴν
1131 1175 1394 1228 ποιουμένοις.
1461 1171 1595 1227 ἐπειδή
1621 1190 1662 1215 τε
1686 1173 1754 1215 ἒν-

157 1251 189 1287 V
210 1249 277 1287 103
300 1246 438 1285 ταῦθα
468 1241 646 1298 ἐγένετο,
689 1240 1014 1299 περαιωσάμενος
1048 1244 1112 1284 ἐπὶ
1145 1245 1314 1299 Σίρμιον
1336 1237 1487 1296 ἦλθεν.
1564 1241 1684 1299 ὀλίγῳ
1710 1241 1753 1283 δὲ
1765 1245 1808 1281 15

241 1317 274 1351 C
295 1310 463 1366 ὕστερον
488 1311 556 1352 καὶ
581 1310 789 1367 Στέφανος
813 1311 928 1367 ἔγγὺς
953 1309 1104 1353 ἁλῶναι
1128 1317 1213 1360 τοῖς
1236 1311 1440 1364 πολεμίοις
1463 1309 1596 1352 ἐλθὼν
1622 1308 1755 1366 φυγὰς

293 1380 336 1429 ἐς
362 1377 484 1420 αὐτὸν
507 1379 780 1435 παραγίνεται.
846 1377 999 1421 τούτων
1022 1377 1200 1428 ἀκούσας
1220 1378 1411 1434 βασιλεὺς
1431 1375 1662 1434 στράτευμα
1683 1375 1756 1418 λό-

290 1463 366 1502 γου
394 1446 505 1496 ἄξιον
540 1447 603 1488 ἐπὶ
628 1447 797 1503 Σίρμιον
827 1445 1010 1501 ἔπεμψε,
1044 1447 1090 1489 τὸ
1116 1448 1189 1500 μέν
1213 1463 1252 1489 τι
1287 1446 1360 1501 τὴν
1377 1443 1521 1502 χώραν
1546 1445 1658 1503 αὐτῷ’
1681 1462 1756 1500 τη·-

292 1519 418 1571 ρῆσον
438 1512 622 1572 (ὑποψίᾳ
645 1515 723 1570 γὰρ
751 1515 791 1564 ἒς
815 1515 910 1566 τοὺς
926 1514 1104 1564 Οὕννους
1128 1516 1271 1571 ἐχρῆτο
1297 1518 1428 1570 πολλῇ
1447 1512 1557 1568 μήτι
1581 1515 1648 1555 καὶ
1674 1512 1756 1555 πά·-

294 1586 357 1624 λιν
393 1583 707 1638 νεωτερίσαιεν),
743 1582 790 1623 τὸ
826 1583 870 1624 δὲ
903 1585 971 1624 καὶ
1003 1587 1062 1639 τῷ
1097 1580 1344 1639 εὖπροσώπῳ
1379 1586 1452 1635 τῆς
1485 1584 1566 1623 τῶν
1602 1581 1811 1625 οἶκείων20

292 1650 519 1707 ἀσφαλείας
544 1651 611 1691 καὶ
636 1648 833 1706 Στεφάνῳ
858 1650 930 1704 τὴν
952 1651 1153 1706 σωτηρίαν
1175 1647 1591 1706 πραγματευσόμενον.
1656 1644 1756 1706 ἦρχε

294 1719 342 1760 δὲ
367 1719 534 1772 ταυτησὶ
559 1721 631 1772 τῆς
655 1722 848 1774 στρατιᾶς
873 1719 1048 1772 Μιχαὴλ
1074 1719 1276 1772 ἐπίκλησιν
1298 1720 1339 1758 Γ
1335 1722 1486 1774 αβρᾶς,
1516 1715 1562 1767 ὃς
1586 1718 1654 1759 καὶ
1679 1718 1757 1778 αὖ·

295 1786 368 1836 ττός
391 1786 591 1841 βασιλέως
613 1783 747 1841 γήμας
772 1786 993 1843 ἀδελφιδῆν
1018 1785 1216 1840 σεβαστὸς
1239 1785 1314 1828 σὺν
1338 1789 1397 1844 τῷ
1420 1782 1627 1843 Χαλούφῃ
1653 1785 1758 1828 τετί-

391 1917 446 1952 18.
466 1912 536 1959 μέν
557 1914 617 1959 τι]
641 1912 729 1950 cod.
751 1912 820 1959 μέν
842 1925 912 1951 τοι.

298 2028 396 2074 phem
411 2027 458 2062 ibi
473 2039 548 2061 cum
565 2028 716 2063 exercitu
733 2028 912 2073 relinquit,
937 2031 976 2063 ut
990 2028 1167 2074 Stephano
1180 2028 1341 2071 adesset,
1366 2030 1402 2063 et
1416 2030 1516 2074 prout
1529 2039 1585 2064 res
1601 2029 1756 2074 postula-

299 2080 377 2107 rent
399 2074 537 2117 negotia
552 2085 619 2108 una
633 2086 707 2108 cum
724 2086 764 2108 eo
781 2074 970 2119 expediret.
1020 2075 1094 2120 ipse
1111 2076 1243 2110 interim
1266 2075 1300 2108 in
1314 2075 1400 2109 fines
1412 2075 1638 2109 Romanorum
1651 2076 1758 2110 venit.

303 2131 369 2152 non
385 2119 488 2152 multo
504 2123 582 2163 post
597 2145 607 2159 ,
631 2120 688 2153 ubi
713 2120 846 2164 accepit
860 2120 1096 2164 Hungarorum
1112 2132 1172 2154 rex
1188 2121 1393 2166 Stephanum
1409 2121 1518 2159 adhuc
1531 2121 1564 2154 in
1578 2120 1757 2164 Hungaria

300 2164 444 2206 morari,
475 2164 654 2197 maioribus
677 2166 860 2199 contractis
889 2166 1015 2210 copiis,
1051 2178 1122 2200 rem
1147 2172 1252 2200 totam
1289 2166 1375 2200 bello
1409 2166 1590 2200 decernere
1618 2167 1754 2202 statuit.

301 2210 435 2244 interea
458 2209 569 2243 multis
596 2211 720 2254 ubique
736 2211 778 2245 de
794 2212 961 2256 Stephani
986 2212 1136 2245 exercitu
1161 2212 1204 2246 ad
1221 2223 1335 2255 regem
1350 2210 1602 2254 deficientibus,
1626 2211 1758 2247 minue-

301 2257 423 2289 bantur
448 2255 536 2288 illius
557 2255 668 2295 vires;
704 2268 770 2300 quo
796 2258 953 2301 cognito,
986 2257 1182 2302 Chaluphes
1207 2257 1378 2291 consilium
1395 2256 1426 2290 ei
1449 2255 1561 2297 dedit,
1587 2261 1622 2291 ut
1635 2258 1757 2291 relicta

301 2300 479 2342 Hungaria
493 2300 527 2333 ἰιὶ
543 2301 755 2334 Sirmiensem
779 2313 897 2345 agrum
923 2304 1141 2337 concederet:
1175 2303 1209 2336 in
1230 2303 1295 2336 ista
1309 2301 1395 2335 enim
1410 2301 1547 2346 regione
1561 2302 1757 2348 imperatori

301 2346 453 2386 subdita,
476 2358 578 2391 posse
602 2347 693 2380 illum
709 2347 823 2381 aiebat
838 2360 899 2392 pro
913 2349 1052 2382 arbitrio
1068 2360 1156 2393 quae
1175 2348 1279 2381 vellet
1299 2346 1414 2381 moliri.
1460 2347 1519 2380 sed
1534 2347 1590 2381 illo
1606 2349 1758 2393 pertina-

301 2392 374 2426 cius
399 2396 580 2432 renuente,
604 2392 673 2425 tale
689 2393 768 2436 quid
785 2394 1054 2428 comminiscitur.
1099 2394 1214 2428 literas
1227 2392 1436 2437 imperatoris
1451 2392 1579 2437 fingens
1603 2394 1667 2428 sibi
1679 2406 1757 2428 esse

301 2438 422 2471 allatas
433 2462 443 2478 ,
467 2447 588 2470 versus
605 2438 727 2471 Istrum
745 2438 922 2482 profectus
938 2445 992 2472 est
1005 2467 1015 2484 ‚
1050 2443 1088 2473 ut
1103 2451 1162 2473 eos
1177 2438 1235 2484 qui
1256 2438 1330 2472 illas
1345 2437 1529 2472 attulerant
1543 2438 1656 2484 ibique
1672 2450 1757 2485 prae

302 2483 542 2526 Hungarorum
573 2488 664 2516 metu
687 2484 933 2527 substiterant,
972 2485 1179 2519 conveniret.
1236 2487 1410 2529 postquam
1443 2495 1484 2516 eo
1513 2485 1690 2529 pervenit,
1719 2484 1756 2519 in

303 2528 518 2562 Sirmiensem
534 2528 706 2572 regionem
722 2530 867 2564 traiecit.
921 2541 982 2563 nec
1006 2530 1109 2564 multo
1128 2534 1206 2575 post
1219 2529 1412 2574 Stephanus
1426 2540 1500 2563 cum
1513 2541 1620 2575 prope
1634 2530 1758 2565 fuisset

305 2579 423 2618 captus
450 2575 492 2607 ab
517 2574 689 2616 hostibus,
725 2575 858 2619 fugiens
884 2575 925 2608 ad
951 2575 1041 2610 illum
1067 2575 1218 2609 accessit.
1264 2574 1419 2608 ubihaec
1434 2575 1571 2609 rescivit
1586 2575 1756 2620 princeps,

303 2618 458 2652 idoneum
482 2619 665 2653 exercitum
693 2619 846 2654 Sirmium
864 2620 987 2662 mittit,
1017 2626 1088 2654 tum
1111 2626 1149 2654 ut
1163 2624 1380 2654 conservaret
1395 2620 1459 2654 sibi
1475 2620 1643 2665 regionem
1657 2621 1756 2656 istam

301 2664 504 2707 (verebatur
519 2663 605 2697 enim
627 2665 768 2699 maxime
796 2678 839 2699 ne
854 2666 1007 2710 Hungari
1031 2666 1152 2700 iterum
1167 2677 1221 2699 res
1234 2665 1448 2709 innovarent)
1464 2671 1534 2700 tum
1553 2671 1591 2700 ut
1603 2667 1756 2702 subdito-

299 2720 373 2742 rum
390 2709 562 2742 securitati
585 2713 621 2742 et
651 2710 817 2755 Stephani
840 2711 939 2745 saluti
961 2711 1162 2745 consuleret.
1208 2716 1366 2755 praeerat
1392 2710 1467 2744 istis
1482 2712 1587 2756 copiis
1605 2712 1756 2747 Michael

298 2759 520 2799 cognomento
539 2755 692 2796 Gabras,
718 2756 774 2800 qui
799 2761 833 2790 et
849 2756 921 2801 ipse
937 2768 979 2790 ex
1003 2758 1108 2790 fratre
1123 2756 1290 2790 Manuelis
1307 2757 1431 2801 neptim
1448 2768 1584 2792 uxorem
1598 2757 1754 2798 duxerat,

300 2805 336 2836 et
366 2799 495 2835 sebasti
518 2800 646 2835 honore
669 2812 745 2836 cum
769 2802 945 2848 Chaluphe
972 2802 1085 2837 fuerat
1110 2802 1265 2838 donatus.
1310 2803 1469 2848 princeps
1496 2814 1579 2839 vero
1594 2802 1754 2849 Procopii
