1878 3262
625 199 1017 245 HISTORIARUM
1051 201 1098 243 L.
1130 199 1164 243 Ι.
1568 197 1631 242 25

172 316 299 373 {kern
325 312 502 374 τράπεζά
525 332 568 359 τε
603 315 715 374 αὐτῷ’
750 315 1016 373 παρετίθετο,
1062 315 1130 357 καὶ
1165 310 1193 369 ἦ
1225 311 1338 368 κλίνη
1364 314 1507 355 τοῦτον
1533 307 1633 365 εἶχεν

170 385 227 437 ὥς
251 384 531 443 ἅριστήσοντα.
601 386 888 441 προβαίνοντος
921 385 966 425 δὲ
1001 386 1075 426 τοῦ
1107 383 1273 440 ἀρίστου
1311 383 1451 431 παῖδες
1484 383 1633 437 ιάτρῶν

170 456 351 497 ἐνταῦθα
376 451 675 512 περιεστηκότες
698 451 754 504 ὥς
777 453 824 496 τὸ
848 453 1024 506 ἐπίθεμα
1049 449 1174 504 εἶδον,
1209 447 1480 493 ἔπυνθάνοντό
1505 466 1547 492 τε
1558 448 1633 503 τὴν

169 527 244 566 τοῦ
267 521 500 580 τραύματος
525 523 657 565 αι’τιάν
682 523 749 564 καὶ
773 518 978 576 μαθόντες
1008 524 1061 576 τῇ
1084 537 1126 562 τε
1151 521 1324 576 τραπέζῃ
1351 519 1626 576 ἐπεμέμφοντο
1650 527 1682 561 V
1709 528 1748 562 11

138 594 238 638 ὁκαὶ
264 593 400 647 ἠξίουν
428 592 572 634 αὐτίκα
597 595 669 646 τῆς
688 590 825 647 χειρὸς
851 589 1063 631 ἅπεῶσθαι
1097 592 1239 630 τοῦτο·
1284 588 1307 630 ὃ
1333 589 1377 630 δὲ
1401 587 1637 644 προσφῦναί

168 678 211 703 τε
237 661 283 703 τὸ
308 665 471 717 τραῦμα
496 661 676 702 ἐνταῦθα
701 661 904 701 διετείνετο
927 659 1093 700 καὶτοῦ
1113 660 1257 698 λοιποῦ
1277 658 1403 710 μηδὲν
1429 655 1547 712 ὄγκου
1561 656 1626 696 καὶ
1650 669 1682 703 1)

171 733 398 786 φλεγμονῆς
422 730 510 785 πέρι
537 727 664 770 δεινὸν
690 725 944 784 ὑφορᾶσθαι.
1013 726 1106 768 ἀλλ’
1137 724 1226 781 ἄρτι
1253 724 1354 781 πρὸς
1378 724 1502 766 ὕπνον
1515 724 1632 766 κατέ-

171 800 326 855 δαρθεν
351 795 592 854 ἀριστήσας,
624 798 691 838 καὶ
717 795 856 838 ὀδύναι
884 797 1058 852 δριμεῖαι
1087 794 1297 848 ἀνέβαινον
1312 793 1460 850 αἴφνης
1483 794 1550 834 καὶ
1564 791 1633 847 ὅγ-

170 883 240 917 κος
265 867 453 908 ἀνίστατο
488 869 562 919 τῆς
590 863 738 923 χειρός.
808 862 942 921 συνῄει
979 881 1020 906 τε
1047 867 1127 914 πᾶς
1160 861 1181 905 ὃ
1207 866 1288 905 τῶν
1315 864 1465 918 ιάτρῶν
1490 859 1635 911 κύκλος

116 946 159 981 10
170 936 236 977 καὶ
271 934 380 991 ἀγών
415 934 624 991 προῦκειτο
657 934 746 990 περὶ
780 937 854 975 τοῦ
887 933 1100 990 πρακτέου.
1169 938 1254 981 τοῖς
1277 932 1350 985 μὲν
1387 925 1459 972 οὖν
1482 930 1635 983 τέμνειν

170 1001 296 1046 ἐδόκει
318 1002 388 1045 τὸν
411 1002 542 1058 ὄγκον,
571 1002 667 1052 τοὺς
687 1002 730 1043 δὲ
752 1000 797 1043 τὸ
820 1002 1045 1044 ἀπέπαντον
1066 998 1261 1042 ἐδυσώπει
1293 1001 1359 1041 καὶ
1399 998 1532 1048 ἄλλως
1550 1015 1634 1052 μα-

170 1071 396 1114 λάσσεσθαι
420 1075 538 1113 τοῦτο
562 1071 871 1127 προῦτρέποντο.
929 1070 1022 1112 ἀλλ’
1049 1069 1126 1112 ἔδει
1150 1069 1227 1126 γὰρ
1248 1066 1303 1118 ὥς
1324 1067 1423 1110 ἔοικε
1446 1068 1634 1124 γενέσθαι

170 1145 329 1191 κακῶς,
365 1138 519 1196 ἐκράτει
544 1143 618 1194 τῆς
638 1141 894 1196 χειρουργίας
918 1137 944 1193 ἡ
970 1142 1126 1195 ψῆφος.
1194 1138 1420 1192 τμηθέντος
1444 1141 1540 1192 γοῦν
1565 1135 1635 1191 ὄγ-

168 1226 239 1258 κος
264 1209 443 1261 ἀνέβαινε
469 1210 632 1262 μείζων,
667 1209 734 1250 καὶ
756 1205 783 1263 ἦ
803 1210 892 1265 χεὶρ
916 1207 1158 1263 ὥργανοῦτο.
1227 1208 1294 1248 καὶ
1321 1204 1342 1248 ὃ
1366 1205 1558 1260 βασιλεὺς
1570 1206 1634 1246 ε’λ-
1659 1213 1686 1248 Ρ
1712 1213 1754 1247 14

115 1284 157 1320 15
170 1279 277 1319 πίσιν
302 1277 382 1332 ἤδη
407 1275 592 1319 θανάτου
615 1276 688 1331 τὴν
709 1277 849 1331 ’ψυχὴν
871 1278 1158 1318 κατασειέσθαι
1180 1274 1338 1331 ἤρχετο,
1372 1277 1438 1316 καὶ
1451 1273 1632 1329 μάλισθ’

169 1345 229 1388 ὅτι
249 1346 353 1400 μηδὲ
378 1346 520 1401 πέρατι
545 1345 615 1387 τὸν
641 1344 791 1387 σκοπὸν
817 1344 961 1396 ἔδωκε,
1005 1343 1049 1386 ὃν
1076 1346 1165 1400 περὶ
1193 1348 1266 1398 τῆς
1290 1345 1331 1393 ἔς
1354 1345 1635 1397 Παλαιστίνην

167 1415 382 1468 ἐπιδημίας
402 1412 528 1455 πάλαι
551 1411 752 1468 ὥδινήσας
775 1413 900 1470 ἔφθη.
969 1407 1020 1455 οὗ
1043 1412 1094 1467 δὴ
1119 1413 1230 1455 ἕνεκα
1252 1414 1318 1454 καὶ
1342 1411 1465 1454 εἴκοσι
1484 1409 1636 1453 ταλάν-

167 1499 249 1526 των
273 1482 352 1524 cim)
369 1486 529 1539 χρυσοῦ
548 1483 713 1536 λυχνίαν
735 1482 994 1538 εἰργασμένος
1016 1481 1174 1535 ἔτυχεν,
1223 1479 1420 1536 ἀνάθημα
1451 1484 1510 1538 τῷ
1539 1481 1635 1537 τῇδε

166 1555 253 1608 ναῷ
275 1549 678 1604 κατασκευαζόμενος.
748 1551 883 1605 ἐπειδὴ
907 1555 1003 1606 γοῦν
1030 1551 1071 1592 ἓν
1093 1548 1316 1604 ἀμηχάνοις
1345 1543 1395 1604 ἦν
1407 1580 1420 1600 ,
1454 1546 1636 1603 μοναχόν

111 1628 255 1662 ἒθτινα
275 1621 325 1661 ἐκἸ
340 1620 598 1676 Παμφυλίας
618 1618 748 1675 ἄνδρα
766 1618 1135 1674 μεταπεμψάμενος
1156 1618 1261 1675 ἱερὸν
1285 1616 1473 1674 παιψύχιιο
1503 1616 1634 1672 δεήσει

165 1688 212 1731 τὸ
231 1693 347 1730 θεῖον
369 1686 608 1730 ἱλάσκεσθαι
628 1688 756 1742 ἠξίου.
823 1688 894 1730 τὸν
917 1688 960 1731 δὲ
986 1691 1037 1746 τῇ
1061 1685 1192 1742 δεήσει
1214 1685 1516 1743 προσεσχηκότα
1544 1703 1634 1742 (sw-

166 1759 247 1798 νῶν
267 1756 438 1798 ἀκοῦσαι
462 1756 614 1811 λέγεται
639 1754 820 1818 ᾀδόντων
844 1760 976 1798 τινῶν.
1046 1754 1193 1812 ὡράθη
1220 1754 1242 1797 ὃ
1269 1755 1416 1809 λυχνός
1435 1755 1636 1811 μετηρμέ-

260 1873 315 1908 12.
338 1869 534 1917 γενέσθαι]
557 1872 655 1907 Fort.
672 1872 859 1907 addendum
877 1871 925 1908 οἳ.
1050 1873 1107 1908 22.
1131 1870 1286 1918 λυχνός]
1308 1872 1366 1908 Ita
1382 1872 1412 1907 Ι.
1438 1873 1480 1908 F.
1497 1873 1636 1907 Grono-

258 1918 345 1952 vius.
370 1918 456 1954 Cod.
482 1918 602 1960 λίθος.
628 1924 807 1965 praeterea
820 1919 932 1953 malim
956 1916 1020 1954 καὶ
1041 1915 1062 1954 ὁ
1082 1917 1224 1963 λυχνός.

166 2031 294 2068 arctius
316 2031 480 2066 inclusum
494 2055 505 2074 ,
534 2030 569 2064 in
594 2030 755 2076 reliquum
778 2032 985 2066 transfusum
1008 2033 1062 2065 est
1089 2042 1221 2076 corpus.
1268 2031 1318 2066 ita
1341 2043 1416 2066 cum
1430 2031 1539 2066 nullus
1554 2031 1633 2067 dum

167 2079 304 2113 adesset
330 2078 449 2122 dolor,
482 2081 622 2121 paratur
643 2077 708 2122 ipsi
732 2088 863 2120 mensa,
889 2077 988 2122 eique
1010 2078 1106 2111 velut
1120 2088 1305 2124 pransurus
1321 2078 1498 2112 accumbit.
1544 2078 1635 2113 inter

167 2123 415 2170 prandendum,
440 2123 497 2168 qui
526 2123 791 2156 circumstabant
815 2123 1018 2157 medicorum
1042 2123 1125 2167 filii,
1156 2128 1196 2157 ut
1219 2124 1405 2169 appositum
1419 2125 1635 2170 emplastrum

168 2181 400 2215 conspexere,
431 2168 597 2203 cicatricis
619 2180 753 2202 causam
790 2168 954 2203 sciscitati
985 2173 1022 2203 et
1056 2169 1189 2212 edocti,
1231 2170 1472 2204 removendum
1505 2170 1587 2204 illud
1613 2182 1636 2205 a

166 2226 289 2257 manu,
320 2219 356 2250 et
376 2226 397 2250 a
423 2226 538 2249 mensa
562 2214 794 2248 abstinendum
820 2218 1031 2248 censuerunt.
1079 2220 1197 2249 contra
1221 2214 1280 2248 ille
1306 2215 1371 2249 hoc
1390 2216 1634 2251 medicamento

166 2261 278 2295 coisse
291 2261 413 2295 vulnus
440 2272 503 2295 nec
519 2260 700 2306 quiequam
723 2260 799 2294 mali
827 2260 871 2294 de
895 2265 1028 2294 tumore
1053 2265 1090 2294 et
1110 2261 1370 2295 inflammatione
1393 2273 1468 2295 sese
1482 2267 1636 2296 metuere

166 2307 312 2341 dicebat.
358 2310 438 2352 post
460 2306 635 2352 prandium
659 2317 776 2340 somno
789 2318 828 2340 se
851 2306 966 2349 dedit,
988 2306 1171 2352 statimque
1195 2307 1378 2341 acutissimi
1392 2307 1528 2342 dolores
1552 2309 1636 2342 sub-

167 2353 255 2394 orti,
279 2355 422 2398 totaque
445 2362 567 2386 manus
585 2352 752 2386 intumuit.
800 2353 956 2386 convenit
982 2352 1070 2386 illico
1105 2353 1262 2386 universa
1291 2353 1635 2398 medicorum-turba,

167 2398 315 2443 quidque
330 2399 420 2432 facto
437 2409 521 2443 opus
537 2398 641 2436 variis
663 2398 805 2431 invicem
820 2398 1040 2443 disputavere
1055 2399 1241 2432 sententiis.
1289 2399 1420 2443 quidam
1442 2399 1527 2432 enim
1553 2411 1635 2434 cen-

167 2445 290 2478 sebant
305 2445 521 2478 resecandum
535 2448 698 2478 tumorem
709 2470 719 2486 ‚
748 2444 803 2477 alii
816 2444 963 2478 nondum
977 2450 1155 2488 maturum,
1178 2444 1386 2490 proindeque
1401 2444 1634 2480 emolliendum

165 2489 260 2535 prius
275 2490 456 2525 instabant.
503 2490 564 2524 sed
589 2490 674 2524 enim
691 2490 760 2523 sato
776 2490 991 2524 constitutum
1007 2490 1188 2524 videbatur
1211 2495 1248 2523 ut
1272 2491 1356 2524 male
1371 2501 1427 2523 res
1441 2495 1633 2534 gereretur,

166 2535 316 2580 vicitque
330 2547 444 2570 eorum
460 2536 626 2570 sententia
641 2535 699 2581 qui
713 2535 930 2570 resecandum
946 2541 1148 2570 statuerant.
1195 2541 1337 2582 peracta
1359 2536 1510 2570 sectione
1533 2548 1633 2581 quum

167 2584 279 2615 tumor
293 2581 328 2615 in
345 2582 450 2616 maius
471 2587 675 2626 augeretur,
699 2581 817 2615 manus
843 2582 1039 2627 chirurgicis
1055 2581 1179 2615 vinctis
1204 2581 1352 2625 obligata
1375 2586 1438 2615 est.
1484 2581 1631 2627 impera-

168 2627 254 2660 toris
275 2638 360 2661 vero
393 2628 510 2662 mortis
542 2627 610 2662 iam
642 2627 840 2662 imminentis
871 2632 962 2662 metu
998 2639 1064 2661 non
1098 2627 1229 2661 modice
1269 2627 1458 2661 concutitur
1490 2628 1630 2671 animus,

167 2672 309 2706 maxime
323 2674 413 2718 quod
434 2674 499 2707 iam
513 2677 593 2708 ante
608 2676 806 2718 conceptam
825 2673 935 2708 animo
952 2673 986 2707 in
1001 2673 1225 2707 Palaestinam
1249 2673 1550 2718 peregrinat-ionem
1566 2685 1634 2707 non

168 2717 394 2761 confecisset,
418 2719 513 2753 cuius
539 2719 650 2763 gratia
664 2719 834 2753 lucernam
857 2719 975 2764 viginti
990 2719 1189 2753 talentorum
1205 2730 1248 2752 ex
1263 2729 1347 2752 auro
1370 2719 1550 2754 conflatam
1565 2719 1634 2753 loci

170 2762 296 2807 templo
319 2764 531 2800 offerendam
553 2769 746 2810 paraverat.
794 2776 868 2800 cum
896 2766 964 2800 iam
981 2765 1016 2799 in
1030 2765 1188 2798 extremis
1210 2765 1404 2809 laboraret,
1434 2765 1632 2799 monachum

169 2808 343 2851 quemdam
364 2822 407 2844 ex
436 2810 633 2856 Pamphylia
655 2811 851 2854 oriundum,
881 2812 974 2845 vitae
997 2811 1178 2845 sanctitate
1200 2811 1366 2845 celebrem
1393 2811 1488 2845 iubet
1517 2810 1631 2851 acciri,

171 2852 231 2897 qui
252 2855 407 2890 continua
426 2867 527 2902 prece
552 2857 650 2891 deum
671 2857 830 2903 placaret.
876 2858 992 2892 ferunt
1018 2858 1106 2892 huuc
1121 2856 1298 2892 exaudisse
1313 2868 1416 2893 voces
1431 2856 1629 2891 canentium.
