1878 3262
556 216 1096 261 COMMENTARIORUM
1121 217 1171 260 L.
1196 215 1275 261 lv.
1553 215 1646 262 153

201 331 424 376 ὑπεδείκνυε
450 332 518 375 καὶ
537 335 609 388 τῆς
627 332 819 387 μέμψεως
843 329 1047 376 ἀπελύετο.
1115 331 1186 374 καί
1207 349 1269 382 τις
1295 329 1396 388 ἀνὴρ
1427 328 1648 383 Μακεδών,

201 402 360 458 Πέτρος
388 401 566 455 τοῦνομα
600 403 809 458 Τορνίκιος
841 400 887 443 τὸ
918 400 1125 455 ἐπώνυμον
1133 433 1146 452 ,
1182 399 1388 450 εἰσελάσας
1419 401 1542 454 με’σον
1570 405 1650 443 τῶν.
1671 406 1700 439 P
1725 408 1793 441 101⁷

201 471 401 523 πολεμίων
416 471 608 524 κατέβαλε
626 468 776 512 τούτων
795 466 977 522 συχνούς.
1042 467 1068 523 ἡ
1101 470 1144 511 δὲ
1177 467 1336 526 φάλαγξ
1353 468 1427 510 εἴτε
1450 468 1650 524 ἀγνοοῦσα

199 537 252 580 τὰ
286 535 470 594 δρώμενα
505 539 575 593 (ἓν
600 536 730 581 σκότει
758 537 835 593 γὰρ
860 534 1064 590 συστάσης
1085 542 1157 591 τῆς
1178 534 1408 592 μάχηςόὗχ
1429 535 1513 579 οἷόν
1536 555 1578 579 τε
1600 532 1649 592 ἦν

167 613 190 650 5
203 603 302 662 ὄριῖν
323 607 374 648 τὰ
392 605 578 662 γινόμενα
598 605 786 656 ἅπαντα)
814 604 843 636 *
856 602 926 636 **
949 603 970 646 ὃ
994 605 1037 647 de*
1058 606 1270 660 Κομνηνὸς
1290 607 1356 648 καὶ
1381 600 1503 655 αὖθις
1519 606 1580 647 ἐπὶ
1603 606 1648 647 τὸ

197 673 484 728 συνιστάμενον
517 674 574 717 ἔτι
607 678 688 716 τῶν
719 674 918 728 πολεμίων
950 671 1087 729 ἐχώρει
1119 676 1247 716 παίων
1277 676 1343 716 καὶ
1384 673 1650 727 καταβάλλων

196 742 293 792 τοὺς
322 745 377 793 εἷς
403 750 542 800 χεῖρας
573 741 730 795 ῗόντας,
765 744 831 785 καὶ
856 736 978 792 αὖθις
994 739 1258 799 ὑποστρέφων
1277 742 1379 799 πρὸς
1404 743 1497 792 τοὺς
1525 743 1650 791 ι’ὸίὀτς

197 808 228 841 *
242 808 271 843 *
284 807 313 841 *
335 810 380 853 ὃν
401 829 461 861 τις
478 809 731 864 θεασάμενος
749 815 829 854 τῶν
848 811 891 852 ἐκ
910 815 982 865 τῆς
999 812 1103 860 ἰδίας
1122 811 1268 852 ἐκείνου
1287 809 1492 867 φάλαγγος
1507 809 1644 867 Φράγ-

195 894 278 934 γων
299 878 388 936 ἄρτι
403 880 526 933 με’σον
550 878 703 930 ἐξιόντα
724 884 804 922 τῶν
820 881 1018 933 πολεμίων
1036 880 1103 921 καὶ
1124 880 1292 932 νομίσας
1312 877 1407 920 εἶναι
1432 884 1511 921 τῶν
1528 883 1648 921 πολε-

142 956 186 989 10
195 947 299 1001 μίων
319 946 431 999 τινά,
466 946 656 1003 ἐξελάσας
675 947 815 1005 βάλλει
835 952 894 1005 τῷ
916 946 1055 1002 δόρατι
1074 949 1139 989 καὶ
1155 951 1302 1004 μικροῦ
1319 945 1369 989 ἂν
1388 947 1510 988 αι’·τὸν
1530 949 1646 988 κατέ-

192 1019 344 1069 βαλεν,
391 1018 426 1059 εἷ
455 1017 514 1073 μὴ
552 1015 808 1074 ἕδραιότατος
838 1011 888 1075 ἦν
918 1015 1097 1070 ἱππότης.
1167 1017 1422 1072 ἐπιστραφεὶς
1452 1009 1522 1056 οὖν
1546 1015 1648 1071 πρὸς

191 1083 316 1130 αὐτὸν
349 1084 450 1138 μετὰ
481 1089 554 1127 τοῦ
579 1087 720 1142 ξίφους
740 1083 978 1142 ἐξώρμησεν.
1047 1082 1067 1126 ὃ
1090 1084 1131 1126 δ’
1156 1084 1279 1134 εὐθὺς
1296 1083 1477 1138 ε’πιγνοῦς
1499 1085 1643 1125 ἐκεῖνον
1664 1095 1693 1129 Β

191 1151 323 1206 ἱκέτης
352 1147 402 1210 ἦν
434 1151 621 1204 ἐλεεινός,
657 1151 1010 1208 διαβεβαιούμενος
1039 1150 1094 1202 ὥς
1123 1152 1262 1211 ἀγνοίᾳ
1293 1155 1474 1205 μᾶλλον,
1508 1150 1535 1205 ἢ
1567 1170 1642 1193 κα-

190 1221 358 1281 κουργίᾳ
387 1221 478 1266 κατ’
515 1221 641 1264 αὐτοῦ
670 1220 901 1280 ἐξορμῆσαι.
968 1219 1111 1265 τούτου
1139 1215 1209 1263 οὖν
1239 1220 1392 1277 ἀφῆκεν
1421 1217 1442 1261 ὁ
1468 1227 1644 1276 γενναῖος

135 1295 180 1332 15
192 1289 337 1338 ἐκεῖνος
357 1289 402 1332 τὸ
424 1289 614 1347 ἒᾷκκλημα.

327 1403 406 1447 25.
465 1402 549 1444 ’‘Eu
574 1403 618 1445 δὲ
637 1406 717 1445 τῶν
736 1403 934 1456 πολεμίων
958 1402 1253 1456 συνισταμένων
1275 1401 1316 1444 ἓν
1334 1401 1466 1459 με’ρει,
1501 1400 1642 1445 ἔσπευ-

189 1472 258 1513 δεν
280 1469 336 1521 ὥς
351 1469 436 1513 οἶόν
453 1488 494 1513 τε
514 1474 582 1513 καὶ
599 1471 644 1513 τὸ
663 1471 801 1513 λοιπὸν
822 1475 1052 1528 παραλῦσαι
1071 1475 1142 1525 τῆς
1161 1470 1330 1522 τάξεως,
1365 1473 1431 1512 καὶ
1452 1471 1554 1527 πρὸς
1572 1471 1646 1525 τὴν

187 1541 295 1581 ἰδίαν
316 1539 526 1581 ἀπέστελλε
551 1538 741 1596 φάλαγγα
763 1538 931 1582 κελεύων
948 1540 1006 1594 μὴ
1027 1540 1183 1593 μέλλειν
1207 1539 1299 1580 ἀλλ’
1324 1540 1496 1580 ἕπεσθαί
1513 1540 1551 1580 οἳ
1567 1557 1644 1580 τα-

185 1606 413 1666 χινῶτερον.
480 1607 532 1650 τὰ
561 1609 635 1662 μὲν
670 1610 712 1650 ἐν
742 1610 852 1651 νυκτὶ
879 1608 950 1659 ‘gi-v
974 1608 1120 1664 ὀλίγοις
1140 1607 1373 1664 πραχθὲπα
1393 1606 1489 1664 ἔργα
1508 1605 1644 1650 τοιάδε

274 1762 311 1796 3.
347 1761 442 1806 εἴτε]
466 1756 561 1796 c'i'te?
582 1761 748 1807 interpres
770 1765 895 1808 utpote.
1057 1762 1090 1797 5.
1113 1758 1283 1806 ἅπαντα]
1308 1760 1458 1795 indicavi
1480 1760 1641 1794 lacunam.

275 1807 310 1842 7.
334 1805 484 1851 ἰόντας]
507 1808 584 1842 Hoc
607 1808 731 1842 addidi.
879 1807 964 1841 ibid.
989 1807 1130 1851 ἰδίους]
1153 1807 1304 1841 Iudicavi
1326 1807 1497 1850 lacunam3
1523 1817 1641 1851 quam—

274 1863 375 1897 quam
398 1854 481 1889 fort.
503 1852 551 1887 nil
573 1853 702 1888 excidit
722 1852 785 1888 nisi
806 1847 856 1897 ἦν
876 1859 958 1898 post
979 1850 1238 1897 ὑποστρέφων.

184 1988 274 2024 ensis
299 1988 402 2024 fracti
424 1988 508 2023 vitio
528 1987 680 2023 evenisse
699 1988 964 2023 incommodum:
993 1987 1108 2032 sicque
1122 1987 1219 2033 culpa
1234 1986 1365 2021 solutus
1380 1989 1443 2022 est.
1489 1986 1543 2020 hic
1557 1985 1638 2022 Ma-

184 2035 268 2069 cedo
285 2035 416 2080 quidam
432 2035 551 2068 Petrus
566 2034 697 2068 nomine
713 2040 930 2078 cognomento
947 2033 1128 2067 'I'ornicius
1142 2034 1273 2067 irruens
1287 2033 1320 2066 in
1336 2033 1478 2067 medium
1492 2033 1637 2066 hostium

182 2081 307 2115 multos
331 2093 374 2114 ex
396 2081 438 2114 iis
462 2079 603 2114 deiecit:
635 2080 800 2124 phalange
820 2079 968 2120 interim,
998 2085 1118 2124 utpote
1141 2079 1262 2123 ignara
1277 2090 1391 2112 eorum
1408 2090 1492 2123 quae
1507 2078 1636 2112 fiebant

184 2132 284 2170 (nam
300 2126 472 2160 commissa
487 2126 521 2158 in
536 2125 686 2159 tenebris
701 2137 814 2170 pugna
827 2125 901 2159 fieri
917 2136 983 2158 non
999 2130 1134 2170 poterat
1147 2133 1185 2158 ut
1200 2136 1285 2169 quae
1299 2124 1505 2169 gerebantur
1520 2135 1635 2157 omnes

183 2172 368 2216 viderent)
399 2172 534 2205 immota
558 2171 772 2216 persistente.
817 2176 899 2204 tunc
920 2170 1109 2204 comnenus
1130 2181 1248 2204 rursus
1271 2170 1304 2203 in
1330 2181 1402 2204 eam
1427 2175 1554 2215 partem
1572 2170 1636 2202 ho-

182 2217 308 2260 stium,
339 2228 427 2262 quae
452 2217 560 2250 adhuc
583 2216 691 2251 locum
713 2221 811 2250 tuens
832 2217 866 2250 iu
889 2216 989 2250 armis
1003 2216 1135 2259 stabat,
1166 2215 1263 2250 irruit
1276 2215 1412 2261 pulsans
1429 2221 1463 2248 et
1477 2215 1634 2248 deiicieus

183 2268 350 2307 quotquot
365 2263 406 2297 ad
424 2273 553 2296 manum
569 2263 812 2304 occurrebant,
841 2265 878 2297 et
891 2273 1006 2296 rursus
1021 2262 1064 2295 ad
1079 2273 1157 2295 suos
1171 2273 1209 2295 se
1222 2261 1398 2306 recipiens.
1445 2272 1541 2306 quem
1558 2260 1636 2306 qui-

182 2309 259 2342 dam
289 2321 330 2342 ex
355 2307 461 2353 ipsius
483 2307 647 2352 phalange
667 2308 821 2341 Francus
859 2307 1054 2342 rodeuntem
1070 2319 1089 2341 e
1103 2307 1210 2341 medio
1226 2307 1370 2340 hostium
1387 2317 1461 2340 cum
1479 2306 1636 2348 vidisset,

183 2358 222 2388 et
244 2354 450 2388 existimaret
476 2364 550 2387 esse
574 2352 750 2398 quemdam
773 2365 817 2387 ex
860 2353 1008 2397 ostibus,
1038 2353 1202 2387 adversus
1223 2352 1354 2386 irruens
1380 2352 1476 2386 basta
1492 2351 1634 2396 impulit,

182 2410 370 2445 parumque
382 2399 493 2433 abfuit
508 2399 588 2443 quin
603 2399 781 2439 deiiceret:
810 2399 873 2433 sed
886 2399 944 2432 ille
957 2398 1144 2433 firmissime
1159 2399 1193 2432 in
1213 2409 1298 2442 equo
1314 2398 1438 2433 stabat.
1487 2408 1636 2430 conver-

181 2456 240 2479 sus
254 2445 355 2490 igitur
370 2456 444 2478 eum
458 2445 575 2478 stricto
590 2444 703 2488 gladio
719 2445 868 2489 petebat.
918 2456 1016 2490 quem
1040 2444 1098 2478 ille
1111 2444 1175 2478 iam
1192 2454 1378 2488 agnoscens
1393 2448 1430 2476 ut
1444 2442 1636 2486 ignosceret

181 2489 246 2524 sibi
271 2491 473 2536 precabatur
498 2490 731 2524 miserabiliter
750 2490 942 2534 affirmans,
971 2501 1008 2524 se
1030 2490 1120 2523 nullo
1136 2490 1222 2523 malo
1239 2489 1346 2522 animo
1360 2516 1370 2531 ‚
1401 2498 1493 2521 mera
1507 2487 1636 2532 impru-

181 2535 293 2615 dentlia
309 2536 415 2581 ipsum
429 2536 593 2583 pulsasse.
638 2536 692 2570 cui
714 2535 850 2571 Alexius
865 2547 928 2583 pro
943 2546 1005 2570 sua
1020 2540 1134 2570 cetera
1147 2534 1376 2580 generositate
1390 2533 1490 2567 facile
1505 2533 1636 2578 culpam

182 2592 246 2615 con
271 2581 395 2617 enavit.

273 2671 330 2706 25.
376 2672 462 2706 Cum
490 2675 600 2707 autem
626 2671 801 2706 etiamnum
827 2683 904 2718 pars
926 2671 1070 2707 hostium
1085 2670 1119 2704 in
1135 2670 1252 2705 ordine
1267 2669 1424 2713 duraret,
1456 2680 1584 2703 omnem
1600 2668 1634 2701 in

182 2720 315 2762 partem
336 2717 519 2752 festinabat
542 2718 678 2753 Alexius
706 2729 772 2763 quo
797 2718 869 2753 illas
895 2717 981 2752 aciei
1007 2717 1165 2762 reliquias
1190 2718 1382 2760 frangeret,
1411 2715 1565 2760 misitque
1591 2713 1634 2746 ad

183 2762 383 2807 phalangem
409 2764 578 2809 propriam
602 2764 660 2810 qui
680 2764 838 2798 iuberent
854 2775 920 2798 non
935 2763 1103 2805 cunctari,
1135 2762 1196 2797 sed
1209 2762 1304 2808 sequi
1319 2774 1395 2797 sese
1410 2772 1509 2807 quam
1527 2760 1633 2794 celer—

182 2809 276 2844 rime.
321 2809 406 2843 haec
428 2809 589 2845 hacteuus
608 2811 652 2846 ab
673 2810 790 2846 Alexio
816 2821 877 2858 per
902 2814 1037 2846 noctem
1052 2820 1127 2844 curn
1141 2808 1258 2855 paucis
1273 2814 1383 2854 gesta.
1428 2812 1469 2842 ut
1483 2817 1566 2841 vero
1582 2803 1633 2839 sol
