1878 3262
281 228 304 272 1
312 228 338 272 7
346 227 374 272 8
756 221 884 265 IOAN
891 219 979 263 NIS
1015 218 1244 262 GlNNAMI

278 337 438 395 βαλών,
476 337 511 378 εἴ
529 337 594 378 καὶ
608 332 742 393 χρόνῳ
761 334 926 391 ὕστερον
945 327 1069 382 αὖθις
1087 329 1264 374 ἀπώλεσε
1282 329 1452 387 ταύτην,
1491 330 1564 373 οὐκ
1583 325 1722 389 ὀρθός,

278 407 333 455 ὡς
353 406 502 461 ἐλέγετο
513 436 526 456 ,
562 404 614 446 τὰ
635 403 855 459 δογματικὰ
875 402 1094 460 φωραθείς.

418 474 494 518 17.
565 473 632 514 Τὰ
659 472 731 526 μὲν
755 471 805 525 δὴ
834 476 905 525 τῆς
933 473 1176 525 δογματικῆς
1210 467 1357 520 ἐκείνης
1389 464 1725 524 ἀμφισβητήσεως

276 545 456 584 τοιοῦτον
476 538 614 596 εὕρηκε
634 540 769 597 πέρας.
836 539 1024 593 βασιλεὺς
1047 538 1089 579 δὲ
1108 537 1170 578 ἐπὶ
1190 532 1365 592 Τερόζην
1385 535 1595 579 ἐστέλλετο.
1650 534 1725 577 αὖ-

276 614 350 652 τοῦ
367 609 444 666 γὰρ
464 615 547 658 τοῖς
565 610 659 665 περὶ
672 608 743 662 τὴν
761 605 930 664 ἑσπέραν
949 606 1081 662 ὥσπερ
1100 605 1251 661 εἴρηται
1271 605 1582 658 διησχολημένου
1590 635 1604 657 ,
1635 614 1757 649 και-5

228 687 258 724 Β
281 675 568 734 ροᾳυλακήσας
586 675 607 718 ὅ
623 675 835 733 βάρβαρος
861 673 1002 729 σχεδόν
1021 692 1059 717 τι
1079 671 1239 722 ἁπάσας
1256 676 1336 714 τῶν
1364 672 1404 712 ἓν
1423 673 1586 730 Κιλικίᾳ
1602 689 1726 727 παρε-

278 744 455 804 στήσατο
484 743 648 787 πόλεων.
718 744 844 794 δεινὸς
869 744 945 800 γὰρ
968 743 1074 798 εἴπερ
1094 759 1153 791 τις
1173 741 1318 796 ἐγένετο
1340 737 1510 794 ὀξύτητά
1529 757 1569 781 τε
1587 743 1729 796 καιροῦ

277 812 537 871 προαρπάσαι
557 814 624 854 καὶ
642 810 860 869 πράγματα
879 811 1010 868 ῥάψαι
1030 807 1175 859 ἱκανός.
1226 807 1369 850 τούτου
1388 825 1429 850 τε
1450 808 1499 863 δὴ
1519 808 1632 850 ἕνεκα
1648 811 1729 861 βα-

279 882 412 931 σιλεὺς
438 882 499 923 ἐπὶ
529 881 602 936 τὴν
621 881 757 923 Ἀσίαν
785 879 922 936 ἐχώρει
952 881 1018 921 καὶ
1048 873 1103 920 ὧν
1123 876 1242 927 αὐτὸς
1261 878 1361 933 ἐρῶν
1379 875 1559 933 ἔρχομαι.
1620 874 1730 918 ‘Par-

277 949 453 1003 μοῦνδου
482 953 555 991 τοῦ
576 949 814 1002 Ἀντιοχείας
844 949 1050 1004 πρίγκιπος
1082 947 1124 988 ἐκ
1151 950 1230 987 τῶν
1248 946 1340 1001 τῇδε
1357 942 1728 1000 μεταχωρήσαντος,
1742 955 1786 989 10

278 1019 320 1059 ἓν
345 1019 418 1071 μὲν
444 1021 503 1074 τῷ
530 1018 757 1073 παραυτίκα
775 1014 1043 1067 Κωνστάντζα
1062 1013 1088 1069 ἦ
1110 1014 1234 1056 αὐτοῦ
1251 1013 1400 1069 γαιιιετὴ
1428 1011 1573 1067 ἑαυτήν
1591 1029 1632 1054 τε
1650 1016 1731 1066 βα-

279 1089 387 1128 σιλεῖ’
405 1086 471 1126 καὶ
499 1083 551 1126 τὰ
573 1084 803 1138 Ἀντιοχέων
828 1085 985 1140 ἔχει’ριζε
1011 1082 1250 1140 πράγματα,
1301 1083 1498 1135 βασιλέως
1526 1081 1568 1122 δ’
1599 1079 1732 1122 ἔπειτα

272 1152 469 1209 Ῥογέριον
491 1151 560 1194 τὸν
587 1153 786 1208 καίσαρα,
825 1152 956 1209 ὥσπερ
986 1150 1063 1206 ἤδη
1091 1148 1297 1205 ἐμνήσθην
1312 1181 1323 1199 ,
1362 1150 1430 1206 ἐφ’
1453 1144 1486 1207 ᾧ
1505 1151 1733 1204 ξυνοικῆσαι

278 1221 383 1276 αὐτῇ
401 1221 648 1271 στείλαντος,
687 1224 972 1273 μεταβαλοῦσα
991 1220 1113 1274 ἐκείνη
1134 1222 1245 1274 κοινῇ
1265 1222 1344 1259 τῶν
1357 1217 1586 1270 Ἀντιοχέων
1602 1220 1734 1272 βουλῇ

272 1286 469 1345 Ῥενάλδῳ
491 1289 566 1330 τινὶ
597 1286 729 1343 γάμου
761 1294 942 1329 κοινωνεῖ
944 1319 958 1339 ,
996 1284 1264 1341 ἓννοησάντων
1281 1283 1337 1339 μή
1356 1302 1449 1327 ποτε
1463 1283 1647 1342 Ῥογερίῳ
1664 1301 1731 1340 γε.-
1745 1294 1787 1329 15

277 1356 509 1412 γαμημένης
535 1360 608 1410 τῆς
633 1355 819 1412 γυναικὸς
839 1354 1051 1410 Ῥωμαίοις
1079 1355 1120 1404 ε”ς
1149 1352 1278 1411 φόρου
1298 1353 1512 1408 ἀπαγωγὴν
1530 1353 1644 1395 αὐτοὶ
1663 1353 1734 1394 πέ-

230 1437 262 1472 c
285 1441 421 1469 σωσιν.
489 1417 606 1474 οὗτος
635 1425 678 1465 δὲ
702 1421 723 1465 ὃ
746 1422 975 1476 Ῥενάλδος,
1022 1422 1155 1477 ἐπειδὴ
1189 1420 1372 1475 δεόμενον
1403 1421 1523 1463 αὐτὸν
1546 1421 1736 1474 βασιλεὺς

280 1493 327 1534 οὗ
347 1492 554 1548 προσίετο,
578 1492 743 1541 ἀπειλὰς
763 1493 805 1534 δὲ
822 1496 976 1544 μᾶλλον
994 1492 1173 1533 ἐπισείων
1191 1487 1441 1543 ἒξεδειμάτου
1461 1487 1633 1541 πολλάς,
1655 1491 1736 1531 δεῖν

280 1559 422 1602 ἑαυτὸν
448 1558 669 1614 χρημάτων
686 1558 903 1613 ὑπολαβὼν
919 1557 1053 1602 τοιάδε
1073 1558 1161 1601 τινὰ
1179 1559 1311 1599 ἐποίει.
1380 1562 1479 1606 ναῦς
1496 1555 1735 1611 τεκτηνάμεσ

278 1645 348 1677 νος
363 1628 425 1669 ε’πὶ
443 1627 515 1680 τὴν
533 1628 726 1683 Κυπρίων
745 1628 966 1679 ε’πλωΐζετο,
992 1630 1228 1683 πειρατικιῦς
1246 1643 1288 1667 τε
1307 1632 1390 1675 τοῖς
1408 1626 1587 1667 ἐνταῦθα
1605 1642 1731 1682 προσ·
1743 1633 1789 1670 20

162 1711 195 1745 v
220 1711 263 1746 81
286 1694 504 1752 φερόμενος
533 1696 762 1751 περιουσίαν
786 1696 964 1737 ἐνταῦθα
993 1693 1199 1748 δυνάμεως
1231 1695 1483 1750 ἐξεπορίζετο.
1554 1693 1659 1735 ἀλλὰ
1688 1693 1736 1735 τὸ

276 1765 350 1818 μὲν
378 1768 536 1819 πρῶτον
558 1761 744 1816 Ἰωάννης
769 1762 790 1804 ὃ
818 1767 890 1804 τοῦ
914 1764 1113 1817 βασιλέως
1139 1762 1382 1817 ἀδελφιδοῦς
1403 1761 1475 1815 τὴν
1488 1758 1630 1817 χώραν
1647 1758 1735 1803 τότε

281 1832 448 1882 διέπων,
487 1832 554 1872 καὶ
587 1830 761 1885 Μιχαὴλ
794 1829 814 1871 ὃ
847 1833 1013 1887 Βρανᾶς
1039 1833 1105 1872 καὶ
1133 1834 1213 1872 τῶν
1234 1829 1367 1871 ἄλλων
1386 1828 1471 1870 ὅσοι
1490 1831 1553 1870 ἐπὶ
1573 1833 1736 1886 φυλακῇ

283 1897 432 1955 ταύτης
451 1897 681 1951 ἐτάττοντο,
701 1896 913 1942 ἇπώσαντό
933 1916 974 1942 τε
995 1898 1117 1941 αὐτὸν
1133 1899 1199 1940 καὶ
1218 1902 1351 1947 κακῶς
1369 1898 1546 1940 διέθεντο
1558 1910 1569 1922 ·
1602 1896 1735 1940 ἔπειτα

285 2030 350 2063 iam
373 2027 563 2064 exciderat:
593 2027 652 2064 sed
676 2031 798 2075 postea
811 2040 884 2065 eam
898 2027 1019 2064 iterum
1035 2027 1200 2075 perdidit,
1228 2039 1304 2063 cum
1318 2027 1406 2063 haud
1420 2039 1505 2064 sana
1519 2026 1668 2072 sentire,
1696 2028 1737 2061 ut

283 2074 375 2109 aiunt
385 2101 395 2117 9
425 2075 649 2120 deprehensus
663 2079 766 2111 esset.

377 2120 431 2154 17.
478 2121 580 2154 Hunc
601 2121 700 2154 finem
722 2122 872 2156 habuere
883 2121 961 2155 illae
976 2120 1020 2154 de
1033 2120 1133 2154 rebus
1147 2120 1345 2164 theologicis
1359 2118 1582 2164 quaestiones.
1626 2116 1735 2162 impe-

283 2168 377 2199 rator
390 2165 492 2209 igitur
507 2165 668 2199 adversus
684 2168 851 2201 Tor-osum
866 2166 1099 2212 proficiscitur.
1146 2177 1220 2200 cum
1236 2165 1336 2207 enim,
1363 2170 1402 2198 ut
1415 2174 1516 2208 supra
1530 2163 1653 2196 dictum
1669 2166 1734 2204 est,

285 2210 387 2244 rebus
418 2210 687 2244 Occidentalibus
716 2212 923 2246 detineretur
935 2238 946 2255 ‚
991 2211 1274 2257 opportunitatem
1311 2210 1452 2254 adeptus
1481 2208 1640 2242 barbarus
1667 2208 1735 2242 iste

286 2265 402 2289 omnes
425 2255 530 2288 ferme
556 2255 694 2289 Ciliciae
717 2257 875 2291 civitates
901 2261 1168 2302 expugnaverat.
1212 2256 1347 2290 callidus
1370 2254 1454 2288 enim
1484 2259 1576 2295 erat,
1607 2253 1636 2287 si
1658 2254 1736 2307 quis

286 2300 389 2341 alius,
422 2304 458 2333 et
483 2299 519 2333 in
541 2301 713 2345 captandis
737 2302 966 2336 occasionibus
981 2303 1147 2347 rebusque
1162 2300 1373 2336 conficiendis
1387 2298 1527 2333 maxime
1541 2298 1734 2333 industnus.

287 2346 329 2380 iis
345 2346 461 2390 itaque
476 2345 518 2379 de
534 2346 643 2379 causis
653 2371 664 2388 ‚
690 2346 830 2391 aliisque
841 2373 852 2389 ,
875 2358 959 2392 quas
976 2347 1126 2381 dicturus
1139 2359 1211 2380 sum
1222 2373 1232 2388 ‚
1257 2347 1292 2380 in
1307 2345 1417 2380 Asiam
1431 2343 1524 2378 venit
1538 2344 1735 2393 imperator.

286 2390 472 2425 Raimundo
495 2390 694 2425 Antiochiae
714 2392 864 2436 principe
886 2393 1072 2435 exstincto,
1101 2391 1296 2426 Constantia
1309 2391 1396 2424 illius
1412 2399 1497 2423 uxor
1510 2400 1614 2434 seque
1627 2389 1735 2434 ipsam

289 2435 458 2489 extemplo
485 2440 520 2470 et
542 2437 783 2471 Antiochenum
805 2436 1024 2482 principatum
1046 2437 1239 2482 imperatori
1258 2435 1406 2470 tradidit.
1453 2445 1527 2468 cum
1549 2446 1591 2468 eo
1614 2434 1736 2469 deinde

288 2482 472 2526 Rogerium
497 2481 696 2524 Caesarem,
726 2482 820 2516 cuius
845 2493 946 2527 supra
972 2483 1176 2517 meminimus
1187 2509 1197 2525 ‚
1225 2482 1370 2516 misisset
1383 2480 1556 2525 princeps,
1587 2483 1626 2515 ut
1645 2479 1735 2515 illam

288 2527 353 2561 sibi
370 2538 505 2560 uxorem
521 2526 735 2571 adiungeret,
764 2532 892 2562 mutata
906 2527 1090 2570 sententia,
1115 2527 1276 2562 communi
1290 2525 1570 2560 Antiochenorum
1585 2525 1734 2567 consilio,

290 2571 443 2605 Renaldo
460 2571 589 2606 cuidam
603 2573 659 2607 illa
673 2572 780 2609 nubit.
825 2573 1027 2607 verebantur
1041 2574 1167 2618 quippe
1179 2573 1222 2613 ii,
1238 2584 1280 2606 ne
1294 2571 1324 2605 si
1337 2571 1487 2615 Rogerio
1501 2571 1616 2605 iuncta
1629 2576 1734 2616 esset,

289 2617 514 2650 Romanorum
529 2617 652 2651 fierent
664 2618 858 2663 vectigales.
901 2618 957 2652 liic
972 2623 1081 2652 autem
1096 2618 1288 2660 Renaldus,
1309 2626 1381 2650 cum
1397 2616 1537 2661 supplex
1552 2616 1653 2650 etiam
1667 2627 1734 2650 non

288 2661 520 2696 admitteretur
533 2663 576 2695 ab
591 2662 794 2708 imperatore
806 2689 818 2707 ,
837 2663 896 2697 sed
912 2664 1024 2708 potius
1038 2663 1210 2698 intentatis
1224 2661 1318 2697 minis
1332 2666 1534 2705 terreretur,
1559 2673 1644 2706 opus
1659 2672 1736 2695 esso

289 2707 353 2741 sibi
368 2707 516 2752 pecuniis
530 2711 620 2741 ratus
631 2734 640 2750 ,
673 2709 756 2743 haec
779 2709 987 2753 aggreditur.
1031 2708 1205 2743 fabricatis
1218 2706 1359 2741 navibus
1374 2706 1524 2751 Cyprum
1539 2706 1735 2751 adnavigat,

287 2751 400 2797 ibique
422 2752 591 2797 piraticam
617 2765 777 2787 exercens
789 2780 799 2797 ‚
829 2765 981 2797 magnam
995 2753 1073 2787 inde
1087 2764 1186 2798 opum
1204 2753 1269 2787 vim
1284 2757 1395 2796 parat.
1439 2752 1499 2786 sed
1514 2752 1656 2786 Ioannes
1670 2752 1734 2785 im-

287 2797 456 2844 peratoris
472 2809 515 2831 ex
530 2798 636 2830 fratre
651 2810 754 2842 nepos
767 2824 777 2839 ‚
812 2799 870 2842 qui
885 2804 954 2832 tum
970 2798 1098 2842 regioni
1113 2798 1168 2832 isti
1185 2802 1364 2851 praeerat,
1393 2801 1426 2830 et
1442 2797 1588 2831 Michael
1602 2797 1734 2831 Branas

289 2843 458 2890 ceterique
480 2843 524 2878 ad
549 2843 732 2880 custodiam
754 2843 884 2879 insulae
908 2843 1113 2890 praepositi,
1143 2854 1251 2891 pruno
1265 2843 1355 2879 illum
1369 2843 1568 2889 expulerant
1581 2841 1734 2890 maleque
