1878 3262
244 203 338 250 170
462 206 537 247 AD
565 203 858 247 COMMENT.
883 202 1190 248 NIGEPHORI
1212 206 1480 251 BRYENNII

237 311 375 351 Annae
400 317 439 350 et
464 324 485 349 e
508 311 665 351 Nicetae
688 313 903 352 Choniatae
925 313 1112 364 historia,
1155 327 1195 353 se
1211 315 1382 356 multum
1400 317 1585 357 detulisse
1603 332 1701 358 con-

237 370 332 407 siliis
354 370 484 407 [renes
504 370 700 434 Augustae
719 384 856 409 socrus
872 384 979 420 suae,
998 379 1038 411 et
1055 372 1137 410 eius
1157 372 1402 412 suasionibus
1420 375 1700 428 obtemperare,

236 440 281 463 ac
300 425 454 466 iudiciis
476 428 714 479 morigerum
737 439 777 465 se
796 427 984 480 praebere
1007 429 1266 469 consuevisse

90 518 118 552 P
146 519 212 554 110
346 530 384 568 p.
414 517 441 557 6
468 530 510 556 v
543 519 607 559 13
665 512 744 557 κᾶν
773 513 847 570 γὰρ
876 516 944 557 καὶ
972 513 1016 558 vd
1040 516 1189 558 οἶκεῒον
1219 515 1377 569 θέλημα
1416 523 1490 557 etc.
1537 519 1699 559 videtur

232 571 364 610 deesse
384 572 553 624 aliquid;
590 573 698 624 quod
722 574 763 611 in
783 573 1111 626 interpretatione
1132 573 1348 613 divinando
1368 574 1551 626 supplere
1568 577 1699 615 conati

233 643 378 671 sumus

343 721 382 747 v.
403 710 466 750 19.
525 708 623 747 haec
652 708 707 747 sic
735 708 964 760 legebantur
992 708 1034 747 in
1052 707 1131 747 MS
1158 705 1269 757 ὅπως
1286 706 1367 775 μὲν
1389 724 1465 749 ουν
1489 725 1510 750 o
1535 711 1699 762 Κομνη-

230 761 304 813 νός
319 767 376 821 τῷ
394 760 558 822 ἀδελφῷ
581 764 840 818 προσηνέχθη
863 768 917 821 τῷ
939 761 1101 819 Δούκᾳ,
1131 764 1201 805 καὶ
1223 761 1370 806 τούτου
1393 763 1476 807 ὕπο
1497 768 1549 821 τῇ
1571 766 1702 822 οἰκεία

230 817 402 873 δυναμει
420 836 461 862 τε
490 828 565 862 etc.
587 835 687 873 quae
706 835 785 860 esse
808 822 1129 873 depravatissima
1152 835 1267 860 nomo
1289 823 1499 873 negaverit.
1539 828 1578 860 at
1596 807 1700 861 tole-‘-

230 878 353 916 rabile
377 879 508 917 fuerat
538 880 569 917 si
597 879 873 930 grammaticae
893 879 1035 917 vitium
1057 879 1176 917 solius
1197 884 1307 918 esset.
1363 892 1472 917 nunc
1488 878 1562 916 nisi
1582 879 1700 917 resti-

229 940 370 973 tuatur
403 935 470 973 hic
507 936 619 974 locus
653 949 744 974 eum
771 936 928 975 circiter
955 936 997 973 in
1031 935 1218 982 modum,
1267 947 1436 986 eumque
1462 936 1503 973 in
1529 949 1698 985 sensum,

230 1004 349 1042 quem
377 998 418 1030 et
449 992 703 1031 rescribendo
733 999 773 1031 et
797 992 1100 1044 interpretando
1131 992 1415 1044 expressimuS,
1448 991 1546 1030 haec
1575 992 1698 1031 verba

229 1047 360 1086 labem
387 1049 428 1086 in
463 1048 672 1087 historiam
699 1050 877 1088 inserunt
907 1055 947 1087 et
974 1049 1243 1087 confusionem
1273 1049 1495 1087 maximam.
1551 1061 1624 1100 per
1653 1062 1699 1087 ea

231 1105 337 1143 enim
363 1104 591 1144 conflantur
618 1106 663 1143 in
691 1119 818 1144 unum
849 1105 930 1143 duo
962 1106 1209 1144 Constantini
1227 1106 1357 1144 Ducae
1377 1105 1492 1144 ambo
1512 1104 1710 1157 Porphy-‚

230 1161 422 1212 rogeniti
412 1190 423 1211 ,
466 1175 639 1212 quorum
658 1175 762 1200 unus
781 1161 980 1200 Michaelis
997 1162 1165 1213 Augusti
1184 1163 1306 1201 frater
1316 1162 1426 1219 fuit,
1458 1162 1559 1201 alter
1580 1162 1699 1204 filius.

232 1217 423 1257 horum‘
399 1219 610 1271 ομωνυμία
631 1231 682 1257 ne
701 1219 738 1256 fr
740 1219 835 1256 audi
852 1218 965 1257 nobis
982 1219 1033 1256 sit:
1053 1219 1095 1256 in
1114 1218 1285 1258 decursu
1310 1210 1457 1270 operis,
1489 1217 1556 1256 hic
1580 1219 1699 1257 semel

232 1281 415 1314 accurate
435 1275 679 1314 adstruenda
698 1281 758 1315 est
776 1275 976 1314 distinctio
997 1288 1147 1315 eorum.
1203 1275 1378 1327 primum
1398 1275 1575 1313 omnium
1597 1286 1698 1314 con-

230 1338 311 1371 stat
329 1332 576 1371 Constantini
597 1332 749 1381 Ducae,
780 1333 849 1383 qui
869 1333 1070 1371 Comneno
1089 1332 1267 1370 Isaacio·
1256 1346 1298 1370 m
1317 1331 1483 1383 imperio
1501 1331 1698 1381 successit,

225 1389 352 1428 filium
368 1389 487 1428 fuisse
505 1389 811 1427 Constantinum
829 1389 1012 1427 ultimum
1031 1402 1052 1427 e
1071 1389 1197 1427 tribus
1208 1419 1219 1439 ,
1249 1394 1361 1440 patre
1383 1388 1461 1426 iam
1480 1387 1699 1439 imperante

225 1452 387 1496 natum,
416 1452 546 1484 matre
562 1445 759 1495 Eudocia,
790 1458 841 1484 ex
858 1459 936 1497 qua
952 1445 1058 1484 idem
1079 1446 1360 1484 Constantinus
1382 1445 1481 1483 duos
1500 1445 1579 1483 iam
1603 1445 1699 1483 alios

223 1509 317 1541 ante
335 1503 546 1554 imperium
560 1516 689 1541 mares
708 1508 952 1554 susceperat,
982 1502 1232 1552 Michaeam,
1262 1503 1330 1553 qui
1349 1507 1488 1553 postea
1503 1502 1696 1552 regnavit,

221 1565 262 1597 et
286 1559 572 1598 Andronicum.
628 1558 708 1597 hoc
736 1559 881 1597 diserte
911 1560 1027 1598 docet
1056 1560 1221 1598 Ioannes
1248 1558 1436 1611 Scylitzes
1466 1557 1697 1609 curopalata
1747 1588 1749 1591 .

218 1616 262 1654 in
292 1615 378 1656 vita
409 1616 584 1655 eiusdem
614 1616 863 1654 Constantini
893 1615 1062 1668 Augusti
1086 1630 1170 1668 pag.
1192 1617 1286 1658 818.
1317 1614 1415 1657 edit.
1435 1626 1513 1666 reg.
1533 1620 1696 1654 mortuo

218 1673 478 1711 Constantino
499 1672 676 1711 Eudocia
697 1673 779 1711 eius
798 1686 904 1710 uxor
923 1673 1186 1711 communiter
1209 1685 1300 1710 cum
1324 1671 1453 1709 tribus
1468 1670 1601 1710 liberis
1618 1670 1695 1709 ad-

218 1729 300 1768 huc
315 1729 450 1782 parvis
468 1735 620 1781 septem
641 1742 792 1767 menses
811 1729 995 1794 imperat.
1014 1729 1112 1768 ibid.
1132 1742 1217 1780 pag.
1238 1729 1333 1771 822.
1376 1726 1472 1765 hinc
1491 1728 1695 1766 Romanus

220 1787 410 1837 Diogenes
432 1786 482 1825 ab
498 1785 711 1825 Eudocia'
700 1800 743 1824 m
770 1786 974 1838 coniugem
994 1791 1034 1824 et
1055 1786 1100 1823 in
1120 1785 1402 1836 imperatorem
1421 1783 1599 1835 eligitur,
1627 1797 1695 1823 re-

221 1843 348 1882 dactis
361 1843 502 1895 pueris
520 1843 563 1881 in
583 1856 628 1881 or
631 1842 775 1881 dinem.
834 1856 885 1880 ex
913 1842 1056 1893 quibus
1079 1848 1214 1881 tamen
1230 1840 1503 1879 Andronicum
1524 1840 1612 1892 (qui
1630 1854 1695 1879 se-

221 1899 354 1939 cundo
370 1900 527 1951 genitus
546 1899 707 1939 videtur
724 1899 863 1948 fuisse,
890 1912 981 1938 cum
1006 1898 1180 1937 secundo
1202 1898 1290 1936 loco
1307 1897 1535 1936 nominetur
1553 1911 1577 1935 a
1594 1899 1694 1950 Scy-

220 1957 335 2006 litze)
368 1957 559 2008 Diogenes
585 1956 691 1995 idem
719 1955 794 1994 sibi
819 1968 1084 1994 successorem
1106 1955 1328 2007 designarat
1355 1954 1399 1992 in
1431 1953 1694 2006 expeditione,

223 2014 256 2051 si
290 2013 389 2064 quid
426 2013 500 2065 ipsi
525 2012 758 2051 humanitus
783 2012 1020 2064 contigisset.
1075 2026 1115 2064 p.
1145 2010 1239 2054 824.
1298 2010 1511 2049 deturbato
1543 2022 1566 2048 e
1595 2009 1692 2049 solio

223 2070 394 2121 Blogene
424 2083 544 2121 opera
570 2070 740 2109 maxime
768 2071 926 2108 Ioannis
955 2069 1151 2119 Caesaris,
1190 2067 1290 2122 qui
1290 2068 1411 2106 frater
1442 2066 1690 2106 Constantini

223 2127 354 2165 Ducae
371 2126 539 2191 Augusti
558 2127 708 2176 suerat,
739 2125 909 2166 ΜίοΙιειὲΙ
928 2126 1055 2165 Ducae
1075 2124 1326 2164 Constantini
1341 2125 1465 2163 frater
1483 2129 1584 2163 natu
1601 2136 1690 2161 ma-

222 2183 354 2222 ximus
377 2183 590 2234 imperium
609 2184 782 2235 suscepit
801 2197 887 2236 pag.
907 2183 1004 2226 845.
1060 2182 1127 2222 hic
1145 2187 1233 2220 toto
1255 2181 1412 2234 imperii
1432 2181 1493 2220 sui
1513 2186 1690 2232 tempore

223 2241 525 2279 Constantinum
543 2240 708 2279 fratrem
725 2253 843 2278 suum
862 2245 1089 2292 suspectum
1108 2238 1292 2278 habuisse
1303 2266 1315 2288 ,
1353 2244 1394 2277 et
1412 2235 1591 2276 custodia
1614 2236 1689 2275 de-

222 2297 386 2336 tinuisse
414 2297 590 2335 traditur
615 2297 779 2335 inferius
805 2297 855 2335 ab
880 2296 957 2336 hoc
981 2302 1120 2336 nostro
1144 2294 1370 2347 Nicephoro
1393 2292 1602 2333 Caesarel.
1622 2293 1687 2332 111.

224 2368 308 2407 cap.
335 2357 410 2403 22,
449 2354 517 2392 ubi
546 2353 603 2392 sic
631 2354 860 2404 loquentem
890 2353 1075 2392 Alexium
1103 2353 1347 2392 Comnenum
1376 2349 1617 2391 Botaniatae
1637 2349 1688 2389 de

221 2411 480 2449 Constantino
512 2410 713 2449 Michaelis
753 2410 878 2449 fratre
916 2410 1095 2450 inducit·
1152 2406 1286 2460 οἶδας,
1327 2423 1360 2449 ω
1396 2405 1529 2461 ι’ίριστε
1568 2407 1684 2459 βασι-

218 2470 314 2515 λεῦ,
355 2466 411 2515 οἷς
437 2483 457 2508 ο
486 2466 873 2522 Πορφυρογέννητος
902 2461 1040 2518 οὗτος,
1083 2466 1295 2521 ἐγκρατοῦς
1324 2463 1438 2512 ὄντος
1466 2465 1538 2515 τοῖς
1570 2464 1686 2516 βασι-

219 2523 328 2571 λείας
351 2539 499 2565 τουτου
527 2527 600 2566 τοῦ
623 2524 864 2578 ὁμαίμονας,
895 2520 1016 2565 ουδέν
1035 2539 1071 2564 τι
1087 2522 1295 2564 πέπονθεν
1312 2519 1370 2562 mv
1378 2515 1567 2560 ’ἐκείνου
1585 2535 1683 2574 χρη-

220 2575 329 2620 στόν.
378 2575 467 2620 αλλ’
495 2596 550 2629 ως
574 2580 619 2623 ἐν
648 2581 798 2653 εἱρκτῇ
804 2579 1096 2650 καθειργμένος
1115 2576 1279 2631 ζοφώδη
1301 2578 1415 2630 διῆγε
1435 2573 1506 2617 τὸν
1525 2572 1685 2618 ἅπαντα

217 2635 322 2689 βίον.
374 2638 451 2676 νῦν
481 2639 558 2678 οὐν
584 2637 787 2687 ἕλπίδας’
775 2637 852 2691 ἔχει
871 2635 1043 2692 χρηστάς
1063 2643 1137 2676 etc.
1195 2635 1273 2674 hoc
1292 2639 1372 2681 est,
1401 2635 1505 2682 scis,
1537 2634 1701 2685 optime¹

218 2694 456 2744 imperator,
495 2693 607 2732 lmnc
630 2695 1024 2759 Porphyrogenitum
1053 2693 1215 2745 imperii
1237 2691 1396 2741 fratris
1424 2692 1494 2728 sui
1521 2689 1684 2729 nullum

206 2751 398 2799 fructum
426 2750 596 2800 cepisse.-
636 2766 760 2803 neque
786 2753 889 2790 enim
916 2752 968 2791 ab
998 2752 1069 2790 illo
1093 2750 1177 2789 ullo
1203 2747 1324 2798 benef
1310 2761 1387 2786 clo
1410 2747 1580 2802 affictus
1600 2753 1682 2786 est:
