1878 3262
220 197 324 231 xxvr
454 179 457 182 ’
757 164 832 209 DE
865 152 1129 204 CINNAMO,

224 295 451 343 difficilium
480 283 770 332 enodationem
795 274 1018 335 pertinent,
1072 263 1318 307 contineant.
1384 251 1459 296 sed
1488 257 1530 292 et
1559 245 1670 289 illius

224 368 460 412 versionem
478 351 735 400 tumultuaria
754 343 950 403 quadam,
986 345 1028 378 ut
1049 335 1224 392 ipsemet
1249 330 1416 373 fatetur,
1451 331 1575 376 opera
1595 330 1671 356 ex-

227 444 384 479 aratam
412 437 621 471 recensere
654 430 803 476 operae
827 410 1003 470 pretium
1032 403 1153 452 duxi,
1206 410 1298 438 cum
1333 390 1471 433 multis
1500 387 1545 427 in
1570 383 1672 424 locis

229 501 435 560 scriptoris
460 501 643 537 mentem
666 488 742 530 vix
765 485 819 525 sit
844 482 1072 523 assecutus,
1115 470 1159 511 in
1195 465 1286 506 aliis
1316 460 1437 517 paulo
1468 451 1678 496 obscurior

230 575 345 617 visus
372 569 437 610 sit.
505 575 585 618 qua
609 554 775 614 quidem
798 552 844 592 in
870 540 1169 587 elucubratione
1196 535 1255 575 ita
1279 544 1371 572 sum
1387 530 1599 570 versatus,
1633 523 1679 557 ut

231 641 336 684 nihil
367 629 583 677 laudandis
617 619 846 679 interpretis
885 611 1094 655 conatibus
1129 604 1352 645 detractum
1378 591 1520 637 velim.
1587 599 1681 626 cum

232 723 332 752 vero
354 702 498 747 Codex
515 712 593 739 ms.
613 689 814 739 Cinnami,
847 683 918 740 qui
938 683 1119 721 servatur
1134 674 1180 714 in
1196 666 1441 711 bibliotheca
1464 657 1680 704 Vaticana,

234 779 279 819 in
309 789 385 817 sex
405 772 530 812 libros
556 761 783 808 dividatur,
825 756 869 795 in
889 747 1063 792 totidem
1082 739 1298 782 historiam
1316 736 1442 782 hanc,
1475 728 1683 777 librosque

235 847 280 887 in
298 842 498 885 sectiones
509 867 519 887 ,
555 840 625 874 aut
642 828 773 884 capita
793 836 885 863 sum
902 816 1092 875 partitus,
1127 821 1218 848 cum
1235 806 1280 845 in
1297 801 1476 843 editione
1495 791 1685 836 Tolliana

238 916 283 955 in
301 917 471 967 quatuor
490 910 649 944 tantum
666 898 792 938 libros
817 886 1078 931 divideretur,
1105 888 1278 933 quorum
1297 870 1464 910 ultimus
1485 875 1558 903 sua
1575 858 1687 899 mole

239 990 322 1023 tres
343 978 445 1019 alios
467 975 595 1014 ferme
618 962 792 1008 excedit.
861 956 1010 1012 quippe
1035 951 1080 990 in
1100 960 1178 987 ms.
1201 939 1352 984 Codice
1370 937 1416 976 in
1434 941 1518 974 tres
1537 926 1688 984 pariter

244 1045 523 1098 distinguitur,
566 1045 611 1078 ut
638 1041 776 1075 auctor
804 1034 867 1068 est
892 1021 1082 1068 Allatius,
1117 1013 1187 1070 qui
1209 1015 1419 1068 praeterea
1445 994 1691 1057 principium

245 1114 412 1173 septimi
442 1112 486 1152 in
514 1122 565 1148 eo
591 1103 692 1155 legi,
735 1111 810 1140 nec
848 1094 970 1141 ultra,
1020 1088 1200 1126 annotat.
1268 1072 1379 1132 quod
1414 1067 1511 1110 inde
1541 1066 1693 1103 factum

246 1185 476 1230 existimat,
513 1171 659 1230 “quod
677 1170 745 1210 ille
766 1161 910 1207 Codex
927 1153 1246 1200 exscribebatur,
1289 1135 1379 1184 cum
1403 1130 1695 1179 Constantino-

247 1251 354 1312 polis
377 1259 479 1290 terra
497 1243 682 1296 marique
701 1237 890 1281 obsessa,
927 1221 1142 1267 tormentis
1169 1213 1323 1258 bellicis
1348 1225 1370 1250 a
1390 1196 1699 1248 Mahumetanis.

251 1317 569 1378 oppugnabatur,
599 1317 644 1349 ut
664 1304 887 1357 exscriptor
907 1297 952 1336 in
967 1292 1148 1342 margine
1172 1283 1452 1325 annotaverat.
1495 1270 1563 1310 dei
1581 1271 1698 1323 post-

251 1388 424 1433 modum
453 1385 560 1424 iusto
588 1375 740 1419 iudicio
769 1370 868 1410 urbe
887 1362 1076 1405 hostibus
1095 1353 1266 1401 tradita,
1301 1341 1520 1398 exscriptio
1539 1345 1700 1392 quoque

254 1460 322 1500 illa
343 1461 439 1512 post
456 1451 609 1504 aliquot
625 1443 795 1501 paginas
816 1437 943 1477 finem
966 1426 1131 1475 habuit,
1165 1422 1235 1463 vel
1254 1410 1553 1474 expugnatione
1575 1401 1702 1451 urbis,

256 1528 324 1568 vel
348 1518 590 1566 infortunio,
624 1514 783 1552 utinam
798 1519 882 1546 non
901 1497 1025 1541 caede
1044 1487 1304 1545 exscriptoris
1321 1473 1619 1524 interturbata?
1663 1474 1705 1508 et

259 1607 358 1636 sane
376 1596 471 1647 post
488 1581 692 1627 Manuelis
714 1584 928 1618 excessum
948 1562 1166 1606 historiam
1185 1571 1230 1597 se
1250 1552 1512 1594 concinnasse
1529 1542 1707 1597 ipsemet

259 1668 431 1704 testatur
452 1655 673 1697 Cinnamus
697 1648 724 1686 l.
744 1647 765 1685 1
798 1657 832 1683 c.
851 1642 889 1690 1,
923 1648 1016 1676 cum
1038 1631 1095 1671 ait
1113 1623 1349 1669 manuelem
1366 1629 1439 1659 sua
1466 1616 1598 1652 aetate
1632 1603 1708 1644 de-

260 1734 466 1775 functum,
500 1721 639 1763 relicto
659 1715 744 1756 filiso
764 1708 988 1765 impubere.
1054 1700 1159 1739 hanc
1185 1700 1322 1734 autem
1349 1701 1401 1726 an
1427 1674 1648 1723 absolverit
1668 1678 1711 1712 et

264 1798 319 1840 ad
339 1792 543 1838 Manutius
574 1793 750 1828 mortem
771 1789 898 1820 necne
922 1765 1176 1830 perduxerit,
1211 1760 1290 1801 etsi
1306 1754 1469 1798 videtur
1487 1741 1710 1803 probabile,

266 1882 350 1909 non
379 1872 517 1904 tamen
547 1855 715 1898 omnino
744 1847 790 1890 id
819 1849 994 1890 constat,
1026 1843 1271 1892 quamquam
1292 1823 1420 1867 variis
1446 1820 1490 1859 in
1510 1805 1714 1862 tocis‚'ac

266 1931 507 1993 praesertim
520 1942 560 1982 p.
586 1922 689 1971 150,
716 1918 787 1958 ubi
815 1914 867 1955 de
893 1908 1036 1952 Alexio
1057 1899 1260 1945 Manu'elis
1284 1894 1370 1934 filio
1406 1882 1608 1944 quaedam
1629 1891 1654 1918 a
1671 1889 1717 1916 se

271 1999 444 2043 dicenda
473 2004 513 2037 et
541 1986 764 2033 enarranda
793 1979 1007 2041 proponit,
1047 1984 1150 2028 quae
1177 1968 1221 2008 in
1244 1961 1395 2005 Codice
1412 1954 1613 1997 Vaticano
1634 1958 1719 1986 non

273 2075 448 2113 exstant.
514 2070 731 2112 utcumque
751 2054 823 2103 sit,
851 2048 945 2089 libri
967 2039 1186 2099 epigraphe
1203 2035 1262 2075 ita
1281 2026 1521 2083 concipitur,
1555 2024 1602 2057 ut
1617 2013 1721 2055 vivo

277 2138 409 2180 adhuc
429 2129 642 2177 manuele,
681 2138 727 2164 ac
755 2119 907 2161 nedum
935 2112 1134 2155 exstincto
1165 2102 1352 2146 videatur
1385 2089 1592 2150 apposita,
1627 2092 1722 2120 cum

273 2202 490 2255 Ἐπιτομὴ-ν
511 2209 646 2239 rerum
664 2194 714 2233 ab
734 2190 888 2231 Ioanne
904 2185 1003 2237 imp.
1029 2190 1156 2233 nuper
1178 2171 1275 2212 fatis
1293 2169 1430 2207 functo
1458 2163 1662 2210 gestarum
1682 2153 1724 2187 et

279 2271 483 2318 Manutius
499 2264 666 2309 Ioannis
684 2260 760 2300 filii
777 2253 992 2296 historiam
1010 2247 1163 2287 dicatur
1179 2237 1397 2280 continere.
1462 2237 1559 2266 nam
1577 2220 1614 2260 si
1630 2216 1726 2258 Ma-

280 2343 378 2386 nutit
404 2348 491 2380 tum
519 2329 690 2376 vivendi
716 2328 842 2367 finem
868 2320 1052 2366 fecisset,
1087 2325 1178 2352 cum
1192 2302 1407 2348 historiam
1426 2293 1621 2339 absolvlt,
1658 2289 1728 2324 aut

283 2413 392 2454 illius
425 2406 584 2447 titulum
609 2394 822 2451 adscripsit
852 2388 1095 2432 Cinnamus,
1130 2393 1214 2419 non
1238 2382 1324 2414 tam
1347 2367 1569 2410 Ioannem,
1605 2364 1729 2410 quam

283 2476 520 2523 manuelem
541 2466 764 2523 μακαρίτην
782 2458 1047 2516 appellassett,
1076 2449 1208 2490 solent
1228 2441 1338 2482 enim
1357 2431 1503 2477 Graeci
1523 2427 1636 2468 viros
1652 2434 1731 2477 po·-

286 2548 495 2590 tissimum
520 2541 718 2584 illustres,
754 2529 822 2585 qui
842 2522 951 2567 haud
970 2522 1027 2562 ita
1047 2515 1207 2574 pridem
1228 2507 1508 2550 decesserunt,
1545 2495 1624 2536 τῶν
1651 2503 1733 2541 μα-

290 2616 462 2671 καριτῶν
499 2603 769 2664 appellatione
804 2595 975 2641 donare,
1022 2594 1067 2627 ut
1097 2599 1150 2624 ex
1171 2577 1345 2633 Synesio
1370 2579 1411 2612 et
1434 2567 1525 2608 aliis
1555 2562 1734 2601 constat:

291 2675 638 2741 quemadmodum
653 2669 827 2711 seminas
848 2660 1068 2703 nobiliores
1087 2654 1165 2694 τῶν
1181 2641 1475 2702 μακαριτίδωνς
1502 2642 1625 2687 quam
1643 2623 1738 2664 ulti-

294 2765 407 2794 mam
423 2759 570 2790 vocem
586 2743 780 2796 usurpant
799 2731 912 2775 idem
932 2722 1128 2781 Synesius
1146 2714 1318 2775 epistola
1334 2707 1388 2751 44
1420 2713 1460 2748 et
1469 2700 1741 2752 Pachymeres

295 2824 323 2863 l.
342 2819 368 2862 4
400 2833 434 2860 c.
454 2817 522 2858 23.
