1878 3262
294 217 391 264 218
737 217 943 261 CAROLI
982 217 1063 262 nu
1105 219 1317 262 FRESNE
1349 277 1351 284 Α

463 327 581 365 cuius
601 333 636 364 et
655 327 815 378 imperii
808 327 972 379 fuerat
995 334 1081 366 tam
1097 328 1230 366 nobile
1246 342 1410 381 nomen,

459 383 685 421 monachas
703 384 896 436 effectur
940 387 1074 422 securi
1095 387 1180 422 iam
1201 385 1283 423 duo
1294 386 1455 437 fratres·
1484 420 1485 424 ,

458 442 573 492 regni
588 442 826 492 tranquillis
843 442 1005 493 agitant
1021 440 1274 480 moderamen
1290 442 1479 480 habenis·
1464 472 1477 491 ,

457 512 539 535 non
557 504 688 535 tamen
707 499 867 536 omnino
885 512 965 536 cua
983 505 1108 536 restat
1124 499 1262 536 inulta
1281 501 1478 549 tyrannis.

457 568 630 607 namque
650 554 730 592 Sibi
747 556 878 592 socios·
898 556 1080 593 Romani
1096 555 1222 606 filius
1239 554 1394 594 addens·

458 610 692 660 Armenios,
721 613 892 661 Persas,
932 618 1062 650 terras
1090 613 1267 651 Orientis·
1285 626 1420 651 eorum

455 667 665 705 subtrahit
686 669 852 719 imperio
865 697 876 716 ‚
902 667 1021 719 firro
1040 669 1270 720 populatus·
1287 676 1324 706 et
1343 670 1447 720 igni.

457 732 628 775 tempore
645 726 865 763 Persarum
880 739 980 777 gens
994 724 1155 777 perfida
1173 727 1300 777 coepit
1317 725 1368 763 ab
1390 725 1462 763 illo

456 783 500 818 in
519 781 767 819 Romaniam
785 795 1018 833 consurgere
1034 780 1173 833 caede,
1209 784 1389 834 rapinis,

456 839 616 889 imperii
636 851 706 875 nec
726 837 863 876 adhuc
879 836 1014 890 redigi
1030 839 1106 876 sub
1130 840 1227 891 iurgi
1249 839 1414 889 valeret,

450 908 550 946 gens·
571 895 652 931 nisi
675 895 910 945 Gallorum,
946 909 1050 947 quae
1066 902 1181 947 gente
1196 897 1400 947 potentior
1419 894 1529 932 omni

452 950 613 988 viribus·
633 964 836 989 armorum
849 981 860 1002 ‚
889 959 995 989 ηιιιιι
1015 952 1228 989 stimulata
1245 966 1415 1004 superno

453 1007 561 1043 lianc
582 1007 761 1045 libertati
779 1015 965 1060 superato
986 1006 1162 1046 'redderet
1179 1008 1311 1058 hoste,

453 1077 576 1115 qaae,
606 1065 787 1114 spirante
806 1063 877 1102 deo
891 1093 902 1114 ,
931 1071 1098 1102 sanctas
1116 1067 1271 1116 aperire
1293 1063 1467 1115 sepulcri

452 1126 513 1157 est
533 1120 719 1157 animata
740 1122 831 1159 vias
852 1121 973 1171 longo
993 1122 1078 1158 iam
1102 1128 1269 1173 tempore
1290 1122 1468 1158 clausas.

451 1176 637 1213 consiliis
657 1176 926 1242 qaorzfmfiiit
946 1179 1167 1215 excaecatio
1184 1179 1292 1215 tanti

446 1239 682 1298 perpetrata
701 1234 800 1280 viri,
831 1234 968 1270 miseri
984 1236 1207 1285 capiuntur
1224 1241 1260 1271 et
1280 1233 1383 1271 aula

453 1286 611 1340 depulsi
634 1291 799 1327 meritas
817 1304 883 1341 cob
868 1297 1020 1328 σαηίιιν
1038 1291 1187 1327 solbere
1199 1302 1367 1341 poenas.

445 1345 492 1383 lii
513 1345 663 1397 quibus
678 1348 873 1384 insontem
891 1348 1039 1398 puniri
1057 1347 1366 1391 consuluerunt,

445 1404 588 1454 puniri
608 1410 739 1441 sontes
753 1405 869 1441 vario
891 1405 1137 1441 cruciamine
1160 1401 1370 1441 mandant.

392 1470 431 1509 p.
452 1459 506 1500 56
540 1473 578 1498 v.
599 1462 637 1501 6
695 1457 895 1513 Μαρίαν]
949 1459 1104 1508 Iberos,
1146 1460 1318 1511 Abasgos
1364 1462 1405 1496 et
1439 1454 1584 1495 Alanos
1620 1465 1741 1495 unam

282 1512 525 1565 eandemque
561 1521 717 1566 gentem
746 1529 815 1556 seu
842 1516 1041 1556 nationem
1071 1516 1189 1555 fuisse
1220 1520 1387 1556 testatur
1413 1516 1552 1556 Ioann.
1581 1513 1741 1551 'szetzes

282 1571 311 1606 (3
314 1569 384 1608 hil.
404 1574 429 1613 5
451 1585 482 1610 c.
498 1574 567 1612 17:

437 1624 593 1679 Ἴβηρες
615 1624 659 1667 δὲ
680 1625 748 1667 καὶ
766 1623 955 1682 Ἀβασγοὶ
974 1628 1043 1670 καὶ
1057 1625 1214 1670 Ἀλανοὶ
1232 1630 1279 1675 ἓν
1294 1627 1422 1683 γένος.

278 1696 360 1720 non
387 1684 495 1734 quod
521 1684 624 1721 {beri
651 1683 770 1721 iidem
803 1685 953 1723 suerint
982 1698 1071 1723 cum
1095 1684 1227 1722 Alanis
1262 1691 1302 1723 et
1294 1645 1503 1735 yAbasgis‚
1532 1681 1602 1720 sed
1628 1681 1737 1732 quod

277 1739 483 1777 Iberorum
509 1740 692 1792 princeps
711 1740 954 1791 Abasgorum
978 1747 1018 1779 et
1042 1740 1258 1780 Alanorum
1285 1741 1428 1792 regulis
1447 1751 1630 1790 supremo
1650 1738 1737 1776 iure

274 1796 501 1847 imperaret.
559 1796 668 1847 quod
701 1796 832 1834 innuit
859 1798 952 1835 satis
982 1810 1176 1848 superque
1203 1797 1445 1848 Bryennius,
1475 1795 1572 1834 dum
1600 1795 1738 1832 scribit

274 1853 480 1891 iberorum
497 1865 625 1904 regem
641 1850 910 1919 παγκράτειαν
929 1869 1011 1894 των
1027 1849 1190 1906 Ἰβήρων
1209 1854 1434 1902 obtinuisse,
1463 1852 1621 1890 Alaniae
1640 1864 1736 1890 vero

275 1908 481 1947 dominum
498 1905 796 1958 ἐξουσιάζοντος
820 1910 976 1948 nomine
993 1915 1150 1948 tantum
1168 1911 1303 1951 donat.
1361 1923 1434 1949 nec
1465 1909 1604 1947 abnuit
1633 1908 1735 1945 Tze-

273 1971 378 2015 tzes,
416 1967 483 2017 qui
511 1979 606 2004 mox
632 1965 789 2004 eosdem
812 1966 981 2019 populos
1009 1966 1187 2006 diversos
1216 1974 1255 2006 et
1285 1980 1308 2005 a
1328 1978 1369 2005 se
1392 1966 1561 2007 invicem
1589 1964 1734 2004 divisos

273 2022 390 2060 fuisse
409 2023 485 2060 ait.

445 2079 487 2119 οἷ
499 2076 659 2147 Ἴβηρες
675 2075 967 2130 πρωτεύοντες,
998 2079 1042 2120 οἷ
1058 2076 1242 2132 Ἀβασγοὶ
1265 2076 1458 2132 δευτέρω,

443 2135 486 2175 οἱ
499 2130 654 2175 Ἀλανοὶ
679 2132 719 2174 δ’
739 2131 926 2187 ἐσχήκασι
945 2133 1059 2184 τάξιν
1075 2139 1197 2188 τριῶν
1220 2133 1405 2189 ’ὕστέραν

269 2203 411 2229 verum
435 2204 507 2229 cur
527 2191 692 2229 Mariam
717 2205 766 2229 ex
786 2192 945 2243 Abasgis
967 2192 1176 2231 oriundam
1198 2191 1352 2244 potius,
1390 2204 1509 2243 quam
1533 2203 1584 2229 ex
1610 2189 1730 2228 Iberis

271 2247 379 2285 dicat
413 2260 537 2298 eoque
574 2249 732 2286 nomine
760 2249 992 2300 Scylitzem,
1032 2250 1226 2287 Zonaram
1257 2255 1297 2287 et
1322 2247 1440 2298 alios,
1474 2248 1542 2298 qui
1563 2246 1728 2285 Alanam

269 2304 504 2355 indigitant,
544 2309 676 2355 carpat
693 2304 796 2343 idem
816 2305 1008 2357 scriptor,
1037 2305 1148 2344 haud
1169 2305 1284 2357 plane
1299 2305 1437 2353 video,
1467 2317 1557 2342 cum
1575 2304 1728 2355 Bryen-

270 2360 359 2398 nius
386 2360 531 2399 diserte
559 2361 764 2398 Iberorum
790 2363 890 2412 regis
912 2362 1034 2400 filiam
1053 2363 1170 2400 fuisse
1197 2361 1354 2409 tradat,
1384 2361 1460 2399 nisi
1488 2361 1591 2400 forte
1618 2359 1726 2411 quod

269 2415 474 2458 Iberorum
493 2430 566 2456 rex
586 2416 745 2468 Abasgis
765 2418 882 2456 etiam
898 2418 966 2456 illa
983 2420 1217 2471 tempestate
1239 2390 1468 2469 impeiaret:

439 2477 514 2514 τοῦ
538 2474 696 2521 Τζέτζου
715 2473 880 2526 μητέρος
899 2474 928 2527 ’ἡ
945 2472 1128 2544 Ἀβασγὶς
1146 2492 1172 2526 η
1194 2472 1322 2527 μήτηρ

440 2528 515 2570 συν
531 2533 583 2584 τῇ
606 2531 795 2599 δεσποίνῃ
815 2527 1006 2596 Μαριάμ,
1036 2535 1087 2603 τῇ
1102 2528 1333 2600 Ἀβασγίσση
1354 2529 1471 2583 λέγω,

436 2583 490 2634 ἢν
514 2586 556 2625 oi
572 2586 711 2626 πολλοὶ
725 2582 971 2627 Ἀλανισσαν
991 2588 1116 2659 φρασὶν
1141 2584 1216 2628 ov'x
1235 2583 1504 2657 ἀκριβοῦντες,

437 2637 565 2693 ἦλθεν
583 2643 639 2690 εἷς
660 2640 964 2695 Μεγαλόπολιν,
997 2660 1052 2692 ως
1069 2657 1260 2697 συγγενης
1277 2637 1378 2684 καθ’
1396 2637 1505 2693 αἷμα.

268 2695 434 2744 Iberiae,
465 2710 583 2747 quam
609 2713 682 2736 suo
705 2699 821 2737 etiam
844 2713 941 2739 aevo
959 2701 1194 2752 Auogniam
1220 2698 1488 2749 nuncupatam
1506 2701 1645 2736 auctor
1662 2701 1722 2735 est

269 2752 412 2803 Tyrlus
429 2752 455 2790 l·
477 2757 524 2795 11
545 2767 577 2791 c.
602 2757 665 2801 16,
694 2768 828 2805 regum
844 2757 1082 2796 incunabula
1101 2758 1222 2795 refert
1240 2755 1518 2793 Constantinus
1539 2754 1589 2791 de
1606 2753 1720 2792 Adm.

266 2808 362 2859 lmp.
375 2821 410 2849 c.
421 2807 475 2851 45
486 2810 609 2859 et463
636 2811 826 2861 quosdam
849 2813 964 2851 etiam
981 2819 1156 2851 recenset
1174 2812 1321 2851 iberiae
1341 2825 1408 2863 reg
1410 2825 1448 2849 es
1467 2810 1690 2861 Scylitzes
1677 2823 1721 2848 in

264 2864 443 2904 Romano
466 2865 629 2918 Argyro.
684 2867 788 2906 illius
810 2880 922 2919 vero,
964 2870 1032 2919 qui
1055 2869 1177 2908 hocce
1201 2869 1363 2908 ineunte
1385 2868 1546 2908 vivebat
1577 2865 1720 2916 seculo,
