1878 3262
256 208 320 255 24
731 204 957 250 IOANNIS
991 203 1220 247 CINNAMI

255 340 348 373 τους
373 320 395 365 ὃ
427 319 615 376 βασιλεῦς
645 318 798 369 ἐννοίας
829 316 1028 367 ἐξέπιπτεν
1036 347 1050 368 ,
1085 312 1268 358 ἀναλύειν
1303 315 1344 359 δ’
1373 315 1447 359 οὔκ
1472 313 1572 370 ἔχων
1598 312 1699 370 ἅπερ

255 392 367 447 αὐτῷ
393 389 538 439 δόξειεν
564 389 743 444 ἀρχῆθεν
776 387 817 436 ἒς
848 385 917 428 τὸν
943 384 1147 442 εἰρημένον
1181 383 1328 426 σκοπὸν
1353 383 1534 438 ἔβλεψεν.
1603 382 1696 425 ἄλλ’

254 457 376 501 ἴοικεν
402 457 659 513 ἀνθρωπίνης
690 454 772 512 ἄρα
795 454 969 503 ἐπινοίας
1003 456 1084 494 τῶν
1113 450 1273 494 πάντων
1305 450 1551 508 πραγμάτιον
1573 451 1699 507 ἠρτῆ-

254 530 356 568 σθαι
380 524 518 579 μηδέν.
586 522 697 566 οὔπω
720 522 797 579 γὰρ
834 526 906 576 τῆς
938 522 1116 563 Κιλίκων
1148 521 1362 577 ἐφίστατο,
1405 521 1470 562 καὶ
1498 521 1603 561 δυεῖν
1627 518 1700 572 μὲν

256 592 440 650 ἀφῄρητο
466 591 620 633 παίδων
644 590 690 632 οἳ
697 589 832 648 χρόνῳ
851 593 1046 646 προῆκον,
1086 587 1226 645 ἅτερος
1249 588 1292 631 δὲ
1310 594 1395 629 τοῖν
1417 586 1732 640 ἇπολελειμμέ-ἴ)

253 678 336 702 νοιν
346 692 360 711 ,
394 661 475 701 ἐπεὶ
499 658 602 714 μηδ’
631 658 741 715 αὐτῷ
766 658 988 711 ξυνέβαινεν
1011 658 1051 707 ἐς
1074 656 1119 699 τὸ
1142 660 1260 710 σῶμα
1280 659 1413 704 καλῶς
1434 654 1558 708 ἔχειν,
1585 653 1701 710 ἀπῄει

206 739 235 774 Β
259 728 352 777 τοὺς
383 726 544 783 νεκροὺς
576 726 617 776 ἒς
649 725 870 778 Βυζάντιον
904 726 1164 778 ἀνακομίζων.
1241 723 1432 777 βασιλεὺς
1466 723 1509 764 δὲ
1543 723 1605 764 ἐπὶ
1632 726 1703 776 τῆς

253 796 428 837 Κιλίκων
448 794 517 836 τὸν
533 795 623 847 βίον
646 795 924 851 ξυνεμερίσατο
933 825 947 845 ,
981 795 1048 835 καὶ
1069 792 1274 846 Μανουὴλ
1296 791 1434 833 λοιπὸν
1455 794 1511 840 εἷς
1531 789 1600 832 τὸν
1621 794 1703 844 βα-

251 863 400 912 σιλείας
434 860 557 904 ἄνεισι
596 859 761 918 θρόνον.
839 861 948 911 ἄξιον
983 861 1026 903 δὲ
1062 862 1128 902 καὶ
1163 860 1233 902 τὸν
1267 863 1340 913 τῆς
1371 863 1555 913 τελευτῆς
1579 858 1704 899 αὐτοῦ

252 929 400 987 τρόπον
427 927 711 984 διηγήσασθαι.
791 927 931 979 ἐξιόντι
967 928 1067 985 πρὸς
1102 927 1239 985 θήραν
1272 927 1384 985 αὐτῷ
1419 931 1493 976 σῦς
1527 924 1698 980 ἀπήντα,
1714 938 1758 972 10

249 998 351 1053 μέγα
377 1015 415 1039 τι
435 1001 605 1054 χρῆμα,
650 996 769 1039 ὁποῖα
804 997 935 1038 πολλοὶ
967 995 994 1051 ῆ
1021 998 1198 1038 Κιλίκων
1221 996 1357 1052 τρέφει
1382 999 1434 1050 γῆ
1459 996 1527 1036 καὶ
1552 993 1626 1050 ὄρη
1652 993 1705 1035 τὰ

253 1063 453 1121 Ταυρικά.
511 1063 535 1106 ὃ
553 1066 626 1119 μὲν
648 1060 718 1106 οὖν
743 1063 923 1107 ἀκόντιον
937 1063 991 1114 ὥς
1015 1081 1115 1121 φασι
1135 1062 1413 1120 χειρισάμενος
1435 1061 1596 1104 ἐπιόντα
1609 1065 1705 1104 τοῦ-

250 1149 319 1175 τον
343 1130 560 1189 ὑφίστατο·
605 1131 628 1174 ὃ
653 1133 697 1174 δὲ
721 1136 792 1187 τῆς
817 1135 965 1187 αἰχμῆς
988 1136 1046 1190 τῷ
1070 1133 1219 1190 στέρνῳ
1233 1132 1526 1188 ἒγκρυφθείσης
1549 1130 1705 1183 θυμαί-

249 1218 328 1242 νων
353 1202 414 1242 ἐπὶ
440 1204 491 1256 τῇ
515 1204 646 1256 πληγῇ
671 1200 844 1258 ὠθισμῷ
867 1204 1021 1254 μᾶλλον
1047 1201 1202 1256 ἐχρῆτο,
1239 1198 1294 1249 ὥς
1319 1200 1502 1241 ἐντεῦθεν
1527 1198 1602 1252 τὴν
1624 1202 1705 1251 βα-

250 1268 389 1317 σιλέως
408 1274 526 1324 χεῖρα
552 1268 620 1309 διὰ
645 1268 828 1324 σφοδρὰν
862 1267 935 1322 τὴν
961 1268 1175 1324 ἀντέρεισιν
1211 1271 1284 1309 τοῦ
1323 1267 1475 1316 εὐθέως
1498 1267 1705 1322 ἓκτραπεῖ-
1719 1275 1760 1310 15

249 1351 326 1377 σαν
351 1335 422 1392 ἐφ’
450 1334 500 1389 ῆν
525 1333 755 1392 παρήρτητο
781 1339 1076 1392 παρενεχθῆναι
1100 1336 1305 1392 φαρέτραν
1327 1333 1459 1391 πλήρη
1480 1337 1610 1387 βελῶν
1635 1328 1707 1374 οὗ-

249 1420 338 1445 σαν.
406 1401 530 1453 εὐθὺς
550 1397 620 1445 οὖν
649 1407 812 1460 τραῦμα
837 1401 1100 1458 ἐπηκολούθει
1134 1410 1222 1452 ταῖς
1248 1403 1356 1445 ἀκίσι
1381 1402 1604 1452 ξυσθέντος
1630 1401 1707 1443 αὖ·-

248 1475 322 1512 τοῦ
346 1474 418 1512 τοῦ
444 1470 699 1527 ἔπικαρπίου”
737 1473 805 1513 καὶ
843 1471 974 1528 ἀφρὸς
1008 1472 1081 1525 μὲν
1118 1471 1303 1513 ἐντεῦθεν
1327 1468 1546 1523 ἕξεμύσατο
1580 1468 1708 1526 ὕφαι-

200 1550 231 1584 C
252 1554 351 1592 μος,
393 1536 500 1592 ’ὑμὴν
526 1539 572 1580 δέ
594 1555 653 1588 τις
677 1537 838 1590 λεπτός,
883 1538 928 1581 ὃν
953 1539 1126 1596 ἔκδηρὰν
1152 1539 1189 1580 οἱ
1214 1540 1353 1580 πολλοὶ
1380 1539 1590 1587 ἰδιωτικῶς
1615 1537 1706 1579 ὀνο-

248 1604 439 1660 μάζουσι,
468 1604 702 1661 ,προσήγετο
738 1608 864 1661 δῆθεν
890 1605 1071 1656 συνάξων
1096 1606 1142 1648 τὸ
1170 1606 1373 1661 διεστηκὸς
1407 1607 1475 1646 καὶ
1501 1603 1701 1647 συνουλώ-
1717 1615 1763 1649 20

250 1690 333 1715 σων
354 1672 399 1714 τὸ
422 1677 597 1729 τραῦμα,
627 1671 682 1723 ὥς
702 1674 760 1728 μὴ
783 1678 1013 1731 φλεγμῆναν
1034 1673 1180 1724 ὀδύνας
1199 1675 1340 1729 ἐγείρῃ.
1391 1673 1482 1716 ἀλλ’
1511 1667 1561 1725 ῆν
1583 1674 1713 1724 ἐκεῖνος
1759 1706 1764 1710 .

251 1744 323 1794 τῆς
348 1740 540 1782 εἴσέπειτα
577 1744 801 1798 φλεγμονῆς
825 1742 964 1783 αἴτιον.
1031 1741 1101 1783 τὸν
1137 1741 1213 1797 γὰρ
1241 1745 1313 1794 τῆς
1339 1740 1476 1789 ἀκίδος
1509 1740 1570 1781 ibn
1595 1739 1714 1781 ἔνδον·

250 1812 302 1864 τῇ
334 1802 552 1864 στυφότητι
577 1808 825 1862 ἔναπολαβὸν
860 1809 922 1850 ε’πὶ
957 1807 1002 1850 τὸ
1038 1808 1136 1850 ἄλλο
1174 1809 1363 1864 μετέφερε
1400 1812 1533 1860 σῶμα.
1602 1807 1707 1850 ἀλλὰ

249 1875 473 1928 ταῦταμὲν
496 1874 684 1932 ὕστερον·
730 1874 818 1919 τότε
857 1877 900 1918 δὲ
930 1877 1129 1930 μηδεμίαν
1169 1875 1225 1918 ἔτι
1263 1874 1407 1930 ὀδύνης
1440 1876 1707 1930 συναίσθησιν

340 1970 373 2004 8.
397 1968 678 2015 ξυνεμερίσατο]
709 1970 805 2008 Fort.
832 1968 1132 2016 ξυνεμετρήσατο.
1281 1971 1337 2010 18.
1370 1966 1590 2017 ἐξεμύσατο]
1614 1971 1707 2006 Bek-

386 2013 450 2049 ker
463 2012 668 2059 ἐξεμυζᾶτο.

253 2091 395 2138 animum
427 2095 625 2128 versarent:
661 2104 735 2128 cum
775 2096 889 2129 tamen
921 2106 1010 2140 quae
1040 2097 1142 2130 antea
1173 2094 1371 2131 decreverat
1401 2094 1507 2130 nollet
1542 2095 1707 2137 rescindi,

255 2137 362 2182 priori
376 2138 551 2182 proposito
567 2138 674 2174 stetit.
719 2139 779 2174 sed
793 2140 839 2173 ita
857 2145 1078 2186 comparatum
1095 2144 1148 2175 est
1159 2169 1170 2184 ,
1193 2145 1231 2174 ut
1245 2153 1357 2175 rerum
1379 2141 1488 2175 exitus
1501 2152 1543 2174 ex
1558 2141 1707 2174 humanis

253 2194 320 2216 non
343 2182 509 2227 pendeant
532 2183 689 2217 consiliis.
735 2185 879 2219 nondum
904 2186 989 2220 enim
1006 2187 1166 2231 attigerat
1191 2186 1360 2228 Ciliciam,
1390 2197 1464 2219 cum
1488 2185 1617 2220 duobus
1631 2186 1708 2220 filiis

253 2232 338 2261 natu
352 2227 532 2261 maioribus
549 2229 705 2262 orbatur:
730 2231 948 2274 superstitum
968 2243 1048 2266 vero
1065 2232 1152 2266 alter
1165 2258 1175 2273 ‚
1199 2232 1255 2276 qui
1269 2243 1333 2265 nec
1349 2231 1422 2276 ipse
1437 2230 1612 2264 admodum
1627 2242 1708 2264 cor-

254 2283 339 2318 pore
361 2273 517 2315 valebat,
551 2273 751 2326 Byzantium
775 2275 917 2309 mittitur
939 2277 1080 2310 fratrum
1111 2277 1277 2311 cadavera
1299 2276 1516 2310 deducturus.
1563 2277 1708 2310 moritur

255 2317 355 2351 etiam
378 2316 413 2351 in
442 2318 559 2352 Cilicia
582 2323 784 2362 imperator,
823 2320 1063 2366 imperiumque
1088 2321 1284 2367 adipiscitur
1308 2321 1456 2355 Manuel.
1511 2332 1579 2366 quo
1602 2328 1708 2366 pacto

256 2367 368 2397 autem
395 2362 501 2397 vitam
523 2363 667 2405 finierit,
708 2375 867 2398 enarrare
901 2367 1035 2400 videtur
1064 2379 1188 2412 operae
1220 2367 1373 2412 pretium.
1429 2366 1472 2400 ad
1495 2368 1707 2402 venationem

255 2418 393 2451 egresso
419 2409 537 2442 obvius
552 2409 593 2442 fit
608 2420 691 2453 aper
703 2409 848 2453 ingentis
864 2411 1112 2454 magnitudinis,
1135 2406 1255 2457 Quales
1270 2412 1303 2446 in
1320 2411 1436 2444 Cilicia
1451 2412 1545 2445 multi
1560 2419 1596 2446 et
1611 2424 1707 2446 mon-

255 2454 345 2486 tibus
372 2453 549 2496 Tauricis;
575 2454 825 2496 advenientem,
849 2460 886 2488 ut
908 2457 978 2490 fert
1000 2457 1106 2498 fama,
1132 2459 1202 2492 telo
1226 2457 1312 2502 quod
1336 2468 1435 2490 mauu
1458 2458 1595 2492 tenebat
1611 2458 1708 2491 exci··

255 2498 322 2542 pit:
350 2504 467 2532 contra
487 2499 545 2533 iile
568 2510 725 2533 mucrone
748 2500 782 2533 in
797 2505 914 2545 pectus
938 2502 1059 2535 adacto
1085 2514 1126 2536 ex
1149 2503 1247 2548 plaga
1265 2502 1462 2536 furibundus
1475 2503 1707 2536 vehementius

255 2544 378 2585 instat,
403 2543 484 2577 adeo
508 2547 546 2577 ut
571 2544 647 2578 inde
670 2556 784 2578 manus
807 2545 1035 2589 imperatoris,
1059 2558 1144 2591 quae
1167 2548 1244 2581 dum
1260 2548 1381 2581 fortius
1397 2547 1558 2581 obnititur
1573 2559 1594 2582 a
1609 2552 1706 2581 recto

255 2587 388 2621 deflexa
410 2588 443 2621 in
470 2589 657 2633 pharetram
680 2590 810 2634 sagittis
831 2591 984 2635 plenam,
1016 2603 1112 2636 quam
1129 2605 1170 2627 ex
1190 2594 1324 2627 humero
1337 2603 1532 2636 suspensam
1552 2593 1703 2636 gerebat,

255 2633 449 2678 impegerit,
474 2646 611 2678 quarum
633 2636 824 2680 cuspidibus
848 2636 1023 2670 vulnerata
1039 2639 1286 2683 perstrictaque
1309 2643 1362 2671 est
1377 2649 1456 2682 pars
1473 2649 1574 2682 carpo
1590 2638 1707 2682 proxi-

256 2690 319 2713 ma.
373 2690 414 2712 ex
439 2690 480 2712 eo
501 2679 639 2713 vulnere
666 2685 803 2714 cruenta
817 2681 909 2715 sanie
924 2682 1103 2724 effluente,
1128 2683 1237 2717 tenuis
1251 2684 1462 2726 membrana,
1486 2694 1583 2727 quam
1601 2684 1704 2726 vulgo

252 2723 405 2758 ecderam
430 2729 575 2766 vocant,
611 2725 810 2771 imponitur,
845 2738 931 2771 quae
956 2727 1093 2761 divisam
1119 2733 1256 2772 cogeret
1277 2739 1428 2770 carnem,
1458 2733 1494 2763 et
1518 2729 1706 2762 cicatricem

258 2769 489 2812 contraheret,
513 2781 557 2804 ne
579 2769 781 2806 inflammata
796 2771 930 2806 dolores
949 2773 1155 2814 concitaret3
1180 2773 1239 2807 sed
1264 2774 1347 2807 haec
1364 2774 1425 2808 suit
1440 2779 1558 2817 postea
1573 2774 1704 2807 inflzun-
1726 2797 1730 2804 .

258 2814 408 2849 :nationis
432 2825 552 2850 causa:
584 2827 659 2851 nam
686 2827 850 2852 venenum
871 2829 938 2864 quo
965 2819 1066 2854 telum
1090 2818 1251 2855 infectum
1281 2824 1374 2863 erat,
1396 2820 1471 2865 ipsa
1486 2819 1706 2854 adstrictiune
