1878 3262
556 219 1102 282 COMMENTARIORUM
1130 224 1180 270 L.
1205 224 1240 269 Ι.
1564 225 1630 270 25

165 342 224 396 τῷ
251 339 330 397 βίῳ
363 335 562 394 ἀνάθημα
595 340 638 382 ἐκ
672 341 784 382 δυοῖν
807 345 893 382 τοῖν
914 340 1107 383 ἐναντίοιν
1127 339 1406 397 συγκείμενον·
1439 337 1632 393 ὀξύτατος

164 407 243 465 γὰρ
261 407 318 450 ὢν
339 407 579 463 ξυμπάντων
599 402 656 451 ὧν
678 409 793 451 αὐτοὶ
811 407 1047 462 τεθεάμεθα
1067 411 1135 451 καὶ
1157 408 1509 467 δραστηριώτατος
1524 409 1631 453 οὕτω

165 474 399 536 πρᾳοτάτην
416 479 615 520 ἐδείκνυτο
632 477 707 532 τὴν
727 476 868 532 ψυχὴν
890 475 945 527 ὥς
962 483 1111 534 μικροῦ
1131 481 1211 522 δεῖν
1234 481 1301 521 καὶ
1322 479 1507 534 ἀκίνητον
1529 479 1632 536 πρὸς

164 545 289 602 ὀργὴν
317 544 461 588 ἑαυτὸν
491 547 740 603 ἀποφαίνειν.
809 545 921 588 οὔπω
957 547 1001 588 δὲ
1027 547 1101 601 τὴν
1123 547 1228 603 ἥβην
1249 547 1430 605 ὑπερβὰς
1453 547 1630 602 ἐβιάζετο

130 613 238 668 δτὴν
257 615 413 671 μητέρα
436 616 720 669 συνεκπέμπειν
740 616 807 657 καὶ
820 614 948 657 »αὐτὸν
965 619 1028 672 τῷ
1045 616 1229 674 ἀδελφῷ·
1258 617 1394 670 ἀμέλει
1415 619 1482 659 καὶ
1504 619 1633 668 ξυνεί-
1655 622 1684 657 P
1707 623 1752 659 21

163 700 260 724 πετο
291 682 421 741 τούτῳ
451 690 739 741 στρατηγοῦντι
765 685 833 726 καὶ
851 684 903 726 τὰ
923 688 995 739 τῆς
1017 684 1162 741 ἀρετῆς
1188 686 1265 742 πρὸ
1292 691 1365 740 τῆς
1387 685 1634 741 τελειότητος

163 751 363 794 ἐδείκνυτο
396 754 464 794 καὶ
493 751 618 803 σάκος
648 754 782 810 φέρων
810 754 878 795 καὶ
905 751 1004 810 δόρυ
1034 755 1264 809 κραδαίνων
1292 752 1347 804 ὥς
1368 754 1536 811 ἄριστα,
1564 757 1633 797 καὶ

165 819 234 861 διὰ
252 818 432 875 γλώττης
450 816 500 876 ἦν
521 819 709 864 ἁπάντων
729 820 867 872 εὐθύς.
935 821 988 864 τὰ
1005 823 1080 876 μὲν
1094 817 1166 864 οὖν
1184 822 1289 864 κατὰ
1306 828 1449 865 τοῦτον
1467 824 1634 878 ἀναμει-

161 886 272 930 νάτω
293 888 439 946 μικρόν
452 922 466 942 ,
498 888 519 931 ὃ
542 889 659 946 λόγος
682 891 723 932 δ’
743 891 900 944 ἕχέσθω
919 895 992 945 τῆς
1017 891 1199 947 ἀρχῆθεν
1224 892 1498 942 ἀκολουθίας·
1527 892 1635 934 οὕτω

108 956 241 1013 1ογἃρ
276 956 326 999 ἂν
352 959 455 1000 καθ’
482 959 620 1015 εἱρμὸν
641 961 871 1016 προβαίνων
893 962 950 1009 εἷς
974 960 1049 1010 τὰς
1073 959 1221 1003 ἑαυτοῦ
1242 959 1499 1015 καταντήσειε
1525 960 1633 1018 πρά-

162 1028 244 1076 ξεις
277 1031 438 1082 πρῶτον
466 1029 726 1083 ἐπιμνησθεὶς
756 1030 825 1069 καὶ
856 1033 938 1070 τῶν
972 1032 1123 1071 λοιπῶν
1159 1030 1360 1086 ἀδελφῶν.
1427 1030 1555 1084 ἤστην
1591 1030 1635 1072 δὲ

161 1092 293 1136 τούτω
308 1094 519 1152 Ἀδριανός
537 1114 579 1139 τε
602 1099 668 1138 καὶ
688 1095 948 1153 Νικηφόρος,
985 1095 1046 1139 οἷν
1066 1096 1093 1152 ἦ
1111 1097 1246 1154 μήτηρ
1270 1100 1418 1155 κομιδῇ
1439 1100 1543 1141 νέοιν
1562 1098 1632 1140 ὄν-

158 1179 248 1205 τοιν
270 1163 540 1215 διδασκάλους
562 1164 813 1220 ἐπιστήσασα
835 1165 908 1220 τὴν
932 1164 1137 1221 ἐγκύκλιον
1160 1167 1370 1209 ἐπέταττεν
1401 1165 1633 1210 ἕκπαιδεῦεσ

160 1234 265 1274 σθαι
288 1234 510 1275 παίδευσιν.

103 1306 153 1344 ’15
302 1301 348 1346 7.
409 1301 521 1359 Ἄρτι
540 1302 584 1343 δὲ
602 1303 669 1344 καὶ
690 1305 764 1343 τοῦ
778 1301 997 1357 Διογένους
1006 1300 1217 1356 Ῥωμανοῦ
1232 1307 1313 1345 τῶν
1332 1307 1406 1358 τῆς
1421 1304 1631 1357 βασιλείας
1650 1310 1683 1346 Β

161 1366 312 1410 οἰάκων
333 1371 620 1424 ἐπειλημμένον
643 1374 803 1426 πρῶτος
825 1375 906 1412 τῶν
929 1371 1117 1428 ἀδελφῶν
1138 1372 1345 1427 ΖΙῙανουὴλ
1376 1372 1548 1430 ᾠκείωτο
1570 1378 1630 1431 τῷ

159 1441 327 1491 βασιλεῖ’
349 1440 416 1480 καὶ
446 1438 771 1495 πρωτοστράτωρ
800 1439 903 1496 πρὸς
929 1440 1055 1481 αὐτοῦ
1077 1441 1347 1483 ἀποδέδεικτο.
1418 1440 1530 1483 οὔπω
1553 1458 1627 1484 συ-

156 1505 255 1559 χνὸς
275 1506 482 1563 παρερρύη
505 1506 658 1562 καιρός,
696 1509 765 1549 καὶ
789 1508 1013 1564 στρατηγὸς
1036 1508 1299 1565 αὐτοκράτωρ
1319 1514 1399 1551 τῶν
1422 1508 1533 1567 ἑῴων
1551 1527 1628 1551 τα-

159 1573 326 1629 γμάτων
345 1577 639 1633 προυβέβλητο.
708 1579 952 1632 περαιωθεὶς
969 1571 1040 1619 οὖν
1061 1577 1134 1632 τὴν
1149 1580 1415 1634 Προποντίδα
1431 1581 1522 1635 περὶ
1540 1581 1581 1619 Γ
1577 1596 1628 1621 α-

102 1641 289 1693 Ξολάτας
321 1645 521 1699 ηὐλίζετο,
554 1644 633 1700 ἤδη
663 1649 744 1686 τῶν
769 1644 966 1702 Τούρκων
986 1646 1221 1702 ἀρξαμένων
1243 1646 1295 1688 τὰ
1315 1651 1389 1701 τῆς
1412 1646 1517 1705 ἑῴας
1538 1650 1630 1702 ληΐ-

161 1713 319 1764 ζεσθαι.
387 1715 490 1764 τίνες
520 1715 563 1756 δὲ
587 1713 625 1755 οἳ
657 1717 836 1770 Τοῦρκοι
867 1716 935 1756 καὶ
963 1714 1063 1758 ὅθεν
1082 1719 1157 1771 γῆς
1180 1713 1410 1772 ὡρμημένοι
1433 1715 1630 1774 πρότερον

255 1842 311 1877 12.
337 1838 416 1888 οἶν]
442 1841 530 1877 eod.
554 1835 620 1878 aiv.
667 1842 815 1878 correxit
834 1843 879 1880 P.

161 1958 392 1990 namentorum
416 1954 593 1989 confluxus
611 1955 799 1991 rarissimus
816 1955 1067 2001 praedicatione
1081 1956 1290 2002 superiorem
1306 1956 1396 1991 omni
1410 1956 1562 1992 iuvenem
1578 1958 1632 1992 fe-

161 2007 277 2042 cerat3
309 2001 449 2047 primum
479 2013 500 2036 a
526 2006 648 2035 natura
668 2002 766 2036 velut
788 2003 830 2036 ad
854 2014 998 2046 unguem
1023 2003 1170 2045 factum,
1202 2003 1326 2037 deinde
1341 2003 1471 2037 virtute
1485 2004 1634 2038 numeris

161 2051 319 2082 exactum
345 2047 498 2081 omnibus
508 2075 519 2091 ,
550 2052 585 2082 et
599 2048 694 2082 velut
709 2048 753 2082 ad
767 2048 936 2092 specimen
953 2048 1057 2082 officii
1072 2049 1283 2083 admirationi
1307 2049 1519 2095 propositum
1533 2056 1633 2084 aeta-

161 2093 207 2127 tis
223 2104 325 2137 suae,
356 2093 448 2138 quod
461 2105 518 2127 res
534 2093 720 2127 contrarias
735 2094 838 2138 vulgo
856 2094 1002 2127 creditas
1015 2118 1026 2136 ,
1056 2094 1090 2127 in
1113 2106 1151 2128 se
1168 2095 1363 2129 conciliaret
1384 2095 1631 2140 conflaretque,

160 2139 329 2174 fervidam
344 2144 583 2184 actuosamque
598 2144 752 2174 naturam
765 2165 776 2182 ,
807 2144 842 2173 et
863 2139 1148 2174 mansuetudinem
1163 2140 1263 2175 irasci
1283 2142 1439 2176 nesciam.
1487 2141 1632 2187 impubis

161 2186 294 2229 adhuc,
322 2190 454 2219 extorto
480 2185 518 2219 vi
540 2185 683 2230 quadam
708 2196 873 2219 consensu
894 2186 1027 2231 matris,
1059 2190 1196 2220 secutus
1211 2187 1351 2221 fratrem
1366 2187 1549 2222 exercitum
1566 2188 1631 2221 du-

161 2235 311 2265 ctantem
336 2231 480 2265 militare
503 2231 614 2277 coepit
630 2232 701 2265 eius
716 2231 873 2276 auspiciis
889 2237 923 2265 et
938 2232 1119 2278 specimina
1138 2232 1344 2267 fortitudinis
1359 2234 1533 2278 praecocis
1549 2238 1630 2268 ante

163 2276 345 2321 legitimam
369 2283 515 2311 aetatem
538 2278 752 2311 edere‘scuto
770 2278 854 2311 scite
869 2278 1034 2322 gestando
1049 2278 1215 2323 hastaque
1230 2279 1341 2313 valide
1356 2291 1397 2313 ac
1414 2281 1525 2325 perite
1543 2291 1630 2324 qua-

160 2322 288 2358 tienda.
336 2335 442 2368 quare
457 2323 520 2357 iam
538 2329 608 2357 tum
622 2323 657 2356 in
673 2335 731 2357 ore
746 2328 848 2368 atque
861 2324 894 2357 in
910 2324 1160 2369 praedicatione
1176 2324 1318 2359 omnium
1335 2325 1410 2359 fuit.
1457 2326 1518 2359 sed
1542 2337 1630 2371 quae

154 2368 250 2403 -hunc
274 2375 432 2415 spectant
454 2370 585 2414 reliqua
609 2369 801 2403 sustinenda
816 2374 894 2403 sunt
908 2369 1098 2414 paululum:
1130 2371 1240 2416 quoad
1256 2370 1430 2416 explicatis
1444 2372 1486 2405 iis
1499 2398 1509 2414 ,
1542 2382 1630 2416 quae

162 2415 280 2459 priora
306 2421 385 2449 sunt
409 2415 546 2456 ordine,
581 2415 729 2449 secundo
746 2416 875 2449 demum
893 2415 985 2450 fluxu
1003 2416 1036 2450 in
1053 2417 1290 2461 consequentia
1308 2427 1417 2450 sermo
1442 2417 1628 2451 delabatur.

157 2465 266 2505 vatque
280 2461 364 2494 illud
381 2461 523 2506 primum
539 2460 582 2494 de
597 2460 728 2494 duobus
743 2461 923 2506 postremis
943 2462 1108 2496 fratribus
1133 2462 1303 2496 libandum
1316 2489 1326 2505 ,
1355 2462 1503 2496 Adriano
1529 2462 1628 2496 nimi-

162 2516 235 2540 rum
250 2510 287 2540 et
300 2507 495 2552 Nicephoro
506 2532 517 2548 ‚
548 2507 795 2541 commendatos
812 2507 901 2542 serio
916 2509 1032 2542 ambos
1057 2508 1169 2541 adhuc
1182 2507 1341 2552 parvulos
1358 2519 1379 2541 a
1396 2513 1504 2542 matre
1519 2508 1626 2543 fuisse

163 2551 333 2595 magistris
360 2553 547 2587 lectissimis
561 2579 572 2595 ,
604 2553 660 2598 qui
686 2553 730 2587 ad
755 2565 886 2588 omnem
902 2565 961 2587 eos
976 2554 1180 2587 eruditarum
1204 2554 1325 2588 artium
1341 2554 1541 2598 elegantiam
1555 2566 1625 2589 non

161 2599 392 2642 perfunctorie
406 2599 604 2632 formarent.

256 2644 288 2678 7.
336 2644 488 2678 Romano
503 2644 647 2688 Diogeni
662 2643 705 2677 ad
722 2644 943 2689 principatum
958 2648 1078 2680 evecto
1088 2670 1099 2684 ,
1126 2644 1268 2679 Manuel
1283 2644 1527 2680 Comnenorum
1543 2649 1625 2680 natu

165 2687 327 2723 maximus
347 2697 465 2732 gratus
485 2690 598 2725 statim
614 2690 648 2723 in
665 2690 780 2735 paucis
795 2691 904 2736 coepit
919 2702 1016 2734 esse3
1043 2691 1209 2735 istiusque
1224 2691 1347 2737 pignus
1362 2692 1493 2735 gratiae
1507 2698 1628 2737 proto-

165 2734 320 2768 stratoris
333 2735 527 2779 dignitatem
543 2736 695 2781 primum,
710 2742 780 2769 tum
796 2748 860 2770 non
876 2738 977 2781 longo
994 2743 1072 2782 post.
1086 2742 1239 2782 tempore
1256 2737 1478 2771 Orientalium
1493 2738 1627 2772 exerci-

165 2784 260 2813 tuum
276 2790 460 2824 supremam
475 2783 722 2828 praefecturam
737 2783 865 2818 habuit.
913 2783 1058 2816 traiecta
1071 2783 1173 2827 igitur
1187 2783 1398 2828 Propontide
1414 2784 1502 2817 circa
1518 2784 1625 2817 Gala-

166 2825 246 2858 tiam
272 2826 483 2871 morabatur,
513 2828 636 2862 'l'urcis
660 2828 724 2862 iam
750 2828 989 2874 incipientibus
1017 2829 1210 2863 orientales
1232 2829 1434 2874 depraedari
1457 2829 1624 2872 regiones.

166 2870 302 2916 quinam
316 2875 429 2907 autem
442 2877 480 2907 et
493 2873 583 2908 unde
595 2874 742 2920 profecti
756 2874 862 2910 Turei
875 2875 1037 2910 Romanis
1051 2887 1091 2910 se
1103 2875 1241 2922 primum
1259 2876 1382 2910 finibus
1404 2874 1624 2918 admoverint,
