1878 3262
237 205 332 257 104
616 235 618 238 -
668 202 1000 248 -Mcapnom
1027 188 1316 248 ΒΒΥΕΝΝΠ,

231 317 288 367 ὧν
323 321 500 375 κινηθεὶς
533 324 618 370 τοῖς
647 315 780 374 λόγοις
814 317 959 368 ἐκεῖνος
991 321 1073 360 τῶν
1107 316 1219 374 αὐτῷ’
1251 315 1498 362 πιστοτάτων
1535 317 1605 362 ἵνα
1643 318 1686 376 (ὃ

232 387 512 445 Καππαδόκης
533 382 650 438 οὗτος
670 385 903 437 Εὖστάθιος
922 380 991 441 ἦν)
1013 385 1114 443 πρὸς
1135 385 1208 440 τὴν
1223 386 1424 443 Ἰλλυρίδα
1444 388 1687 445 ἕκπὲπομφε,

231 459 502 515 παραγγείλας
524 457 635 515 αὐτῷ
657 453 797 513 λάθρα
825 455 878 499 τὰ
907 456 998 512 περὶ
1027 459 1108 498 τῶν
1132 455 1392 509 μηνυθέντων
1413 455 1689 512 ἐξακριβῶσα-

230 530 346 570 uam.
403 524 634 570 ἀπελθόντα
656 525 700 567 δὲ
722 529 863 567 τοῦτον
883 522 996 578 μάλα
1017 523 1200 577 ἀσμένως
1218 521 1239 564 ὃ
1262 523 1476 580 Βρυέννιος
1495 523 1688 579 ὑποδέχε-

229 610 319 648 ται,
360 596 427 637 καὶ
449 598 640 636 τοσοῦτον
663 592 785 638 αὐτὸν
805 591 1031 651 ᾠκειώσατο
1054 589 1109 642 ὥς
1128 593 1195 633 καὶ
1215 591 1267 634 τὰ
1290 595 1363 633 τοῦ
1385 590 1591 648 δράματος
1609 593 1721 636 αἶα-5

227 668 286 721 τῷ
308 663 547 719 ἀπαγγεῖλαι
569 664 636 704 καὶ
661 661 754 704 ὅτου
771 660 893 718 χάριν
914 660 1015 717 πρὸς
1033 661 1232 714 βασιλέως
1252 660 1457 717 ἐπέμφθη.
1537 659 1690 704 τούτων

110 738 139 773 P
163 739 208 775 71
234 732 275 773 δ’
314 731 492 781 ἀκούσας
523 732 669 781 ἐκεῖνος
702 728 886 773 ἐδάκνετο
920 729 992 783 τὴν
1024 729 1163 784 ψυχὴν
1196 729 1262 771 καὶ
1290 730 1345 778 εἷς
1368 729 1456 778 δέος
1477 728 1692 772 ἔνέπιπτενι

231 800 278 842 οὗ
299 801 435 854 μέντοι
459 801 525 842 καὶ
547 799 648 856 πρὸς
665 798 787 856 ὀργὴν
811 800 994 849 ἐκινεῖτο,
1030 797 1122 840 ἀλλ’
1148 798 1275 851 ἐπεῖχε
1305 797 1404 847 τέως
1432 799 1499 838 καὶ
1533 795 1692 839 ἐσκόπει

111 877 144 913 V
166 878 211 915 51
235 870 277 911 τί
295 869 387 913 ποτ’
409 867 458 911 ἂν
485 867 680 925 δράσειεν.
748 866 804 909 ἔτι
830 867 872 908 <5²
897 867 938 908 ἐν
964 864 1121 916 τού-τοις
1141 865 1255 916 ὄντος
1274 863 1295 907 ὅ
1315 866 1462 907 ἐκείνου
1493 864 1693 907 αὖτάὸελα

229 953 308 994 φος
335 939 477 994 ἐφοίτα
505 936 606 993 πρὸς
632 935 677 978 τὸ
705 933 927 987 Βυζάντιον
957 939 1164 991 προσεχῶς
1188 932 1426 991 ἀριστεύσας
1455 934 1559 976 κατὰ
1581 937 1748 980 Eam-10

227 1009 332 1047 θῶν.
399 1005 484 1061 ᾔτει
507 999 578 1046 οὖν
599 1005 642 1045 ἐκ
662 1004 861 1057 βασιλέως
880 1008 951 1057 τῆς
973 1003 1176 1059 ἀριστείας
1197 1003 1270 1052 τὰς
1292 1002 1468 1056 ἀμοιβὰς
1493 1006 1551 1060 τῷ
1572 1006 1691 1058 λογο-

229 1073 332 1129 θέτῃ
365 1073 422 1115 δι’
458 1071 579 1126 ὄχλου
605 1070 823 1127 γινόμενος.
891 1069 946 1121 ὡς
978 1072 1022 1113 δὲ
1043 1075 1261 1128 παρωριῖτο
1288 1073 1356 1113 καὶ
1378 1071 1490 1120 κενὸς
1512 1071 1693 1125 ἀπεπέμ-

227 1157 344 1192 πετο,
380 1138 594 1196 ἐδυσφόρει
625 1138 739 1193 μάλα
763 1141 829 1183 καὶ
853 1138 1006 1194 ἠνιᾶτο.
1075 1141 1157 1183 ἐπεὶ
1188 1141 1231 1181 ὁὲ
1264 1141 1331 1181 καὶ
1366 1137 1388 1181 ὃ
1418 1143 1491 1183 τοῦ
1516 1137 1693 1196 Φλώρου

226 1208 314 1258 υἱὸς
335 1207 570 1262 Βασιλάκης
603 1208 645 1252 ἐκ
666 1205 956 1265 Παφλαγόνων
989 1208 1152 1264 ἀφίκετο
1187 1206 1367 1261 οἰόμενος
1398 1209 1465 1250 καὶ
1497 1207 1619 1257 αὐτὸς
1647 1207 1692 1249 ἐκ·

227 1277 429 1331 βασιλέως
452 1274 605 1333 δωρεάς
625 1293 737 1326 τινας
757 1282 865 1330 σχεῖν
897 1277 992 1331 (καὶ
1018 1275 1095 1333 γὰρ
1120 1270 1170 1330 ἦν
1194 1275 1294 1332 ἀνὴρ
1320 1275 1479 1330 ἀγαθὸς
1497 1275 1549 1318 τὰ
1569 1279 1691 1318 πολε-
1701 1284 1748 1321 15

227 1344 372 1400 μικά),
409 1343 653 1400 ἀπετύγχανε
680 1346 813 1390 δὲκαὶ
838 1339 954 1394 οὗτος
981 1348 1061 1387 τῶν
1089 1343 1194 1386 κατὰ
1216 1343 1365 1386 σκοπὸν
1387 1346 1453 1386 καὶ
1481 1343 1549 1387 διὰ
1572 1347 1692 1386 τοῦτο

177 1419 209 1455 Β
231 1414 370 1471 ἠνιᾶτο
408 1415 476 1455 καὶ
511 1412 732 1468 ἤσχαλλεν,
778 1411 1005 1467 ἐντυχόντες
1033 1411 1221 1467 ἀλλήλοιν
1255 1413 1311 1462 εἷς
1342 1410 1483 1468 λόγους
1515 1412 1693 1467 ἠλθέτην

227 1481 355 1538 ἄμφω
387 1484 454 1524 καὶ
485 1481 616 1523 πολλὰ
648 1480 852 1534 κατεβόων
879 1485 952 1537 τῆς
983 1485 1056 1523 τοῦ
1086 1481 1286 1538 βασιλέως
1321 1480 1602 1537 ἀνελευθερίας
1623 1482 1699 1522 καὶ»

226 1554 300 1604 τῆς
320 1554 393 1591 τοῦ
412 1550 631 1604 λογοθέτου
652 1548 934 1606 σκληρότητος.
1002 1552 1059 1599 εἰς
1079 1553 1271 1591 τοσοῦτον
1295 1543 1365 1591 οὗν
1390 1549 1527 1591 αὗτοῖν
1547 1549 1599 1590 τὰ
1619 1552 1694 1602 τῆς

192 1617 194 1619 ’
227 1617 410 1671 ἐντυχίας
431 1621 662 1675 προῆλθον,
703 1615 758 1667 ὥς
783 1619 851 1662 καὶ
883 1616 999 1674 ὅρκια
1025 1619 1164 1660 δοῦναι
1184 1619 1252 1660 καὶ
1274 1621 1412 1671 λαβεῖν
1432 1618 1495 1661 ἐπὶ
1518 1621 1577 1674 τῷ
1598 1616 1761 1661 ang-20*

227 1687 402 1741 ’ψασθαί
418 1703 456 1729 τι
478 1688 608 1742 σφωὶν
631 1692 815 1728 συνοῖσον
837 1687 903 1728 καὶ
925 1690 975 1743 τῇ
990 1684 1199 1740 Ῥωμαίων
1222 1686 1351 1742 ἀρχῇ,
1381 1687 1448 1726 καὶ
1468 1685 1603 1738 μέντοι
1623 1687 1694 1730 καὶ

179 1781 182 1784 -
228 1754 435 1811 ἀνέκφορα
457 1758 630 1810 τηρῆσαι
652 1754 703 1796 τὰ
720 1755 1008 1808 βουλευθέντα.
1061 1754 1112 1799 τὰ
1136 1754 1178 1795 δὲ
1203 1748 1307 1808 ἦσαν
1330 1751 1693 1798 ἀποσκευάσασθαι

227 1822 301 1879 μὲν
322 1822 392 1865 τὸν
414 1820 542 1872 οὕτως
564 1820 826 1879 ἀνελεύθερον
849 1824 917 1867 καὶ
939 1820 1271 1877 ἀνοικονόμητον,
1300 1825 1550 1876 καταστῆσαι
1574 1822 1618 1863 δὲ
1637 1823 1703 1872 εἷς,

319 1931 354 1964 2.
378 1927 656 1975 Καππαδόκης]
681 1929 726 1965 V.
749 1926 1017 1970 Καππάδοκος.
1181 1930 1238 1967 18.
1264 1924 1551 1975 α’νελευθερίας]
1574 1928 1629 1977 Ita
1650 1927 1693 1963 P.

319 1987 383 2021 pro
407 1973 632 2020 ἐλευθερίας.

228 2064 401 2110 Bryennio
417 2069 586 2111 tamquam
601 2065 774 2112 imperium
790 2065 979 2102 affectanti.
1017 2077 1158 2111 quorum
1174 2065 1380 2100 sermonibus
1393 2071 1505 2099 motus
1519 2064 1577 2099 ille
1590 2074 1692 2099 unum

230 2122 274 2145 ex
299 2111 361 2144 sibi
383 2111 551 2146 fidissimis
575 2113 667 2155 (erat
683 2112 712 2146 is
727 2112 927 2146 Eustathius
942 2111 1149 2156 Cappadox)
1165 2112 1197 2145 in
1214 2112 1381 2156 Illyricum
1395 2111 1516 2152 mittit,
1547 2110 1626 2144 dato
1642 2109 1692 2143 illi

228 2156 313 2190 clam
328 2157 483 2190 mandato
498 2156 686 2201 inquirendi
707 2158 749 2191 de
765 2158 866 2191 rebus
881 2158 922 2194 ad
938 2168 974 2190 se
990 2157 1122 2193 delatis.
1168 2158 1255 2191 hunc
1270 2157 1311 2190 ad
1327 2168 1364 2191 se
1381 2157 1570 2202 profectum
1582 2155 1692 2189 liben-

229 2202 357 2237 tissime
374 2202 565 2245 Bryennius
581 2203 716 2247 excepit
731 2208 926 2247 tantumque
941 2203 1106 2237 demeruit
1128 2207 1167 2235 ut
1180 2214 1337 2236 arcanum
1354 2203 1386 2236 ei
1400 2202 1548 2247 aperiret
1560 2201 1692 2234 indica-

229 2252 351 2291 retque
367 2247 460 2284 cuius
475 2247 524 2281 rei
541 2258 644 2281 causa
659 2248 848 2282 mitteretur
862 2250 905 2282 ab
922 2248 1139 2293 imperatore.
1186 2249 1330 2294 pupugit
1342 2248 1378 2282 id
1394 2249 1610 2281 vehementer
1626 2245 1692 2280 viri

228 2293 370 2328 animum
388 2297 423 2325 et
438 2297 527 2326 metu
544 2304 611 2326 non
627 2304 734 2337 parvo
750 2294 866 2327 affecit
878 2321 888 2337 ‚
921 2305 988 2328 non
1003 2298 1114 2328 tamen
1129 2294 1163 2328 in
1178 2294 1261 2329 iram
1277 2293 1454 2328 accendit=
1479 2291 1590 2325 tenuit
1604 2291 1692 2326 enim

229 2349 268 2372 se
294 2338 405 2371 adhuc
434 2342 469 2371 et
494 2338 703 2375 deliberabat
729 2343 856 2372 tantum
882 2338 960 2383 quid
986 2344 1116 2383 ageret.
1164 2339 1243 2375 dum
1257 2339 1290 2372 in
1307 2351 1347 2372 eo
1364 2343 1456 2379 erat,
1486 2338 1596 2370 frater
1618 2337 1692 2371 eius

228 2383 555 2428 Constantinopolim
581 2383 681 2418 rediit
704 2395 742 2417 re
767 2385 867 2428 paulo
892 2389 971 2419 ante
993 2385 1079 2418 bene
1093 2389 1191 2428 gesta
1208 2391 1327 2418 contra
1343 2383 1505 2426 Scythas.
1551 2383 1693 2427 petebat

228 2429 332 2472 igitur
355 2429 398 2462 ab
422 2428 624 2474 imperatore
650 2429 793 2473 pretium
820 2440 945 2474 operae
968 2430 1105 2464 fortiter
1131 2434 1272 2463 navatae
1297 2429 1491 2472 frequenter
1514 2427 1550 2461 id
1566 2438 1690 2472 urgens

228 2474 317 2518 apud
333 2474 551 2517 logothetam.
598 2478 638 2508 ut
651 2479 764 2508 autem
778 2475 1028 2519 despiciebatur
1045 2479 1080 2508 et
1094 2474 1326 2508 dimittebatur
1342 2483 1488 2514 vacuus,
1521 2473 1607 2506 haud
1625 2484 1690 2518 pa-

230 2530 303 2556 rum
318 2519 556 2563 indignabatur
573 2524 608 2557 et
624 2530 727 2563 aegre
742 2521 885 2554 ferebat.
934 2526 1111 2565 postquam
1129 2524 1238 2554 autem
1255 2523 1290 2553 et
1305 2519 1335 2552 F
1336 2518 1399 2551 lori
1414 2518 1503 2552 filius
1519 2519 1691 2553 Basilacea

230 2574 251 2597 e
266 2564 499 2608 Paphlagonia
522 2565 614 2599 venit
637 2576 777 2610 sperans
806 2570 840 2599 et
866 2565 940 2610 ipse
962 2567 1005 2600 ab
1029 2565 1232 2610 imperatore
1255 2574 1412 2605 munera,
1443 2569 1517 2597 erat
1533 2565 1618 2598 enim
1634 2564 1690 2599 vir

230 2608 322 2643 bello
339 2610 439 2643 fortis
451 2635 460 2650 ‚
493 2615 529 2644 et
554 2622 616 2656 spe
638 2611 820 2646 frustratus
834 2611 906 2656 ipse
922 2622 1057 2656 quoque
1073 2616 1126 2645 est
1140 2623 1203 2645 nec
1218 2608 1402 2654 patientius
1417 2609 1585 2654 repulsam
1600 2609 1689 2654 tulit,

231 2654 471 2690 convenientes
502 2657 599 2690 ambo
629 2657 878 2694 murmurabant
906 2657 1049 2692 invicem
1079 2657 1122 2691 de
1150 2654 1379 2690 illiberalitate
1408 2654 1623 2700 imperatoris
1652 2659 1691 2689 et

230 2699 424 2743 logothetae
449 2700 569 2734 duritie
591 2706 786 2750 tantumque
808 2702 867 2738 illo
895 2713 1078 2746 congressu
1103 2705 1182 2736 sunt
1202 2700 1379 2745 provecti,
1411 2706 1447 2733 ut
1473 2706 1590 2734 mutuo
1605 2711 1690 2734 con-

233 2745 383 2780 iurarent
409 2745 680 2780 consideraturos
703 2759 742 2781 se
757 2747 838 2792 quid
853 2747 936 2781 utile
948 2747 1029 2792 ipsis
1046 2752 1081 2780 et
1095 2747 1247 2781 Romano
1262 2745 1400 2790 imperio
1416 2746 1508 2780 foret
1519 2771 1530 2789 ,
1555 2746 1689 2780 interim

234 2795 346 2824 autem
368 2790 404 2824 in
428 2801 551 2824 arcano
577 2791 752 2825 habituros
778 2804 866 2836 quae
888 2792 1095 2826 molirentur.
1141 2792 1223 2826 haec
1239 2795 1350 2824 autem
1365 2799 1480 2825 eraut:
1512 2802 1690 2826 removere

231 2835 278 2872 de
303 2835 388 2874 solio
411 2835 462 2874 ita
483 2835 680 2875 illiberalem
694 2842 730 2872 et
743 2837 1087 2885 maledi-§pensantem
1102 2847 1185 2883 opes
1199 2836 1331 2883 imperii
1343 2837 1529 2884 principem
1541 2850 1552 2882 ς
1566 2836 1694 2884 impo-
