1878 3262
547 177 1086 222 COMMENTARIORUM
1119 178 1166 220 L.
1192 176 1270 220 lv.
1552 175 1648 223 145

190 310 261 335 νον
291 291 395 334 κατὰ
423 291 494 347 τὴν
504 291 716 349 Ἀδριανοῦ
739 293 857 335 εἷπεῖν
877 291 978 349 πρὸς
997 291 1069 346 τὴν
1090 289 1262 345 μάμμην
1285 292 1353 333 καὶ
1375 289 1449 346 τὴν
1473 291 1643 347 μητέρα,

192 362 299 418 εἴπερ
328 359 386 415 μὴ
414 362 565 416 σωθείη
594 359 738 404 τούτου
760 359 780 403 ὃ
799 359 975 417 ἀδελφός
989 393 1000 410 ,
1036 361 1222 411 συλλέξαι
1242 359 1337 409 τοὺς
1357 359 1400 401 ἔκ
1420 363 1493 414 τῆς
1509 358 1645 415 μάχης

190 429 466 479 διασωθέντας
485 432 554 471 καὶ
572 436 703 472 πεῖσαι
724 429 782 484 μὴ
800 427 991 484 πρότερον
1011 432 1176 482 βασιλεῖ
1189 428 1416 470 συνθέσθαι
1429 459 1444 479 ,
1480 430 1572 485 πρὶν
1594 428 1644 471 ἂν

188 495 414 554 ἐγγράφους
431 499 575 549 ἐκεῖνος
593 495 806 553 ὁμολογίας
823 495 985 551 ποιήσαι
1004 497 1158 551 μηδένα
1175 501 1365 553 στερῆσαι
1379 500 1450 551 τῆς
1462 496 1640 554 προσοὺ·
1661 506 1694 542 Ι)

154 575 264 620 ὅσης
302 564 431 623 τούτῳ
470 571 589 621 τιμῆς
628 566 730 620 μηδ’
761 564 980 620 ὑποστῆναι
1010 570 1090 608 τῶν
1118 563 1380 622 ὕπαρχόντων
1416 565 1644 623 ἀφαίρεσιν.

186 639 304 677 τοῦτο
330 636 404 688 μὲν
429 633 534 677 οὕτω
558 634 759 691 πέπρακτο
785 633 963 691 ὕστερον.

327 725 402 770 15.
473 725 556 767 Τὸν
582 725 626 767 δὲ
649 726 865 782 Βρυέννιον
889 724 989 780 πρὸς
1012 723 1082 766 τὸν
1110 723 1322 778 Κομνηνὸν
1340 723 1511 774 Ἀλέξιον
1533 725 1642 767 ἀπα·

183 793 337 847 χθέντα
359 791 456 836 ἰδών
478 795 623 844 ἐκεῖνος
635 793 844 848 ἐθαύμασε
866 791 911 836 τό
930 810 971 835 τε
993 790 1096 842 εἶδος
1116 796 1190 834 τοῦ
1210 792 1356 848 ἀνδρὸς
1378 795 1444 835 καὶ
1465 793 1510 835 τὸ
1526 793 1644 850 μέγε-

184 866 285 912 θος·
319 864 384 904 καὶ
407 861 483 919 γὰρ
505 857 554 917 ἦν
577 861 700 912 ὅντως
722 862 832 912 ἄξιον
851 863 1099 918 τυραννίδος.
1167 858 1346 916 &syrma
1367 862 1410 902 δὲ
1430 859 1535 918 δρῶν
1557 864 1644 904 οἵου

133 940 177 975 10
187 932 484 986 κατηγωνίσατο
521 935 747 988 στρατηγοῦ
771 931 843 984 τὴν
860 937 979 986 χεῖρα
1006 929 1187 985 γενναίου
1211 930 1278 971 καὶ
1297 927 1370 983 τὴν
1389 930 1529 983 ψυχὴν
1547 934 1644 972 τολ-

183 1003 319 1055 μηροῦ
355 1001 421 1041 καὶ
455 997 651 1053 στάσιμον
679 994 786 1054 ἦθος
813 999 994 1053 ἔχοντος·
1028 996 1206 1054 ἡρωϊκὴν
1228 997 1306 1053 γὰρ
1329 997 1444 1054 ἔφερε
1466 998 1538 1051 τὴν
1559 1011 1645 1052 ψυ-

181 1065 272 1122 χήν.
342 1069 408 1109 καὶ
435 1066 493 1122 μή
521 1085 582 1118 τις
616 1066 739 1109 οἴοιτό
770 1082 820 1122 με
854 1069 1242 1123 περιαυτολογοῦντα
1274 1070 1403 1107 ταῦτα
1434 1066 1558 1120 λέγειν
1577 1068 1645 1109 καὶ

185 1134 366 1192 γράφειν.
434 1135 528 1177 ἀλλ’
553 1136 650 1178 ἴστω
670 1134 801 1178 πάντα
819 1135 937 1191 λόγον
957 1132 1173 1188 νικώμενον
1198 1140 1283 1183 τοῖς
1302 1133 1474 1189 τάνδρὸς
1496 1152 1646 1191 κατορ-

183 1202 352 1258 ethnam
374 1206 440 1246 καὶ
460 1210 549 1254 ταῖς
561 1202 701 1261 χάρισι
724 1206 790 1246 καὶ
812 1210 901 1253 ταῖς
925 1203 1124 1259 ἀγλαΐαις.
1193 1203 1228 1243 εἴ
1251 1203 1347 1257 γοῦν
1365 1201 1425 1255 μὴ
1449 1202 1551 1259 πρὸς
1569 1202 1645 1245 ἄλ·
1668 1215 1698 1250 Ρ
1721 1217 1766 1252 97

130 1281 174 1316 15
186 1272 256 1313 λον
289 1270 437 1314 σκοπὸν
468 1270 489 1314 ὅ
524 1271 640 1328 λόγος
670 1270 800 1328 ἑώρα,
837 1271 942 1313 ἀλλὰ
967 1271 1019 1314 τὰ
1047 1271 1194 1313 ἐκείνου
1222 1270 1327 1311 κατὰ
1349 1270 1472 1326 μέρος
1496 1273 1647 1321 διεξελ-

183 1345 274 1383 θεῖν
294 1337 509 1395 ἠβουλήθη
517 1371 531 1392 ,
563 1338 690 1395 ἄλλης
705 1339 754 1382 ἂν
769 1338 940 1389 Ἰλιάδος
957 1340 1106 1393 ἐδέησε.
1174 1342 1316 1380 τοῦτον
1333 1331 1404 1379 οὖν
1424 1337 1494 1380 τὸν
1514 1338 1646 1396 ἄνδρα

183 1406 253 1451 τὸν
291 1406 417 1450 δεινὸν
453 1408 527 1463 μὲν
559 1409 600 1450 ἓν
633 1408 904 1466 ἀπερισκέπτῳ
925 1406 1060 1465 χρόνῳ
1081 1404 1127 1448 τὸ
1151 1406 1240 1448 δέον
1262 1404 1411 1462 εὗρεΐν,
1448 1407 1577 1449 δεινὸν
1601 1410 1646 1451 δὲ

183 1475 301 1527 τάξαι
323 1475 513 1534 φάλαγγα
539 1479 606 1519 καὶ
629 1478 1008 1533 καταστρατηγῆσαι
1035 1475 1236 1528 πολεμίων
1257 1473 1277 1515 ὃ
1300 1473 1515 1530 Κομνηνὺς
1532 1475 1646 1518 §fig-

185 1546 291 1598 ξιος,
324 1544 447 1601 μήπω
477 1544 548 1588 τὸν
577 1545 713 1588 ἴουλον
738 1545 872 1603 φέρων
895 1543 1199 1602 ἀπαρτισθέντα
1223 1542 1316 1585 ἀλλ’
1344 1542 1402 1585 ἔτι
1418 1540 1644 1598 χλοάζοντα

278 1675 330 1710 12.
353 1673 736 1719 περιαυτολογοῦντα]
759 1675 814 1710 Ita
836 1674 879 1710 P.
902 1684 965 1721 pro
986 1673 1336 1719 περιταυλογοῦντα.

183 1788 219 1820 et
235 1782 315 1819 illud
331 1781 578 1833 Adrianopolim
592 1783 674 1830 fuga
688 1781 808 1832 perlati
825 1781 1003 1831 providum
1026 1785 1193 1819 consilium
1212 1788 1392 1830 praesente
1407 1779 1527 1830 patruo
1544 1789 1645 1821 matri

185 1836 220 1865 et
243 1831 339 1864 aviae
361 1831 476 1866 datum
522 1837 598 1866 ater
623 1833 746 1866 deinde
773 1833 956 1866 referebat.
1003 1832 1117 1864 aiebat
1140 1831 1225 1863 enim
1243 1831 1370 1863 dixisse
1385 1832 1425 1864 ad
1442 1832 1550 1875 ipsas:
1581 1833 1645 1867 nisi

183 1882 340 1911 servetur
367 1876 464 1910 huius
543 1881 615 1920 ter,
647 1888 769 1911 censeo
797 1872 1002 1918 colligendos
1026 1873 1082 1919 qui
1108 1875 1232 1919 praelio
1260 1876 1506 1919 superfuerint,
1536 1878 1646 1923 iisque

185 1922 452 1968 persuadendum
475 1933 518 1956 ne
539 1923 572 1956 in
597 1922 696 1955 ullam
717 1921 992 1966 compositionem
1008 1932 1082 1954 cum
1097 1920 1302 1965 imperatore
1319 1921 1549 1965 consentiant,
1581 1924 1647 1958 nisi

184 1969 278 2013 prius
299 1968 328 2001 is
350 1968 478 2012 scripto
498 1967 690 2013 promiserit
703 1967 865 2001 neminem
880 1977 917 2000 se
933 1966 1141 2012 privaturum
1157 1966 1282 1999 honore
1298 1977 1396 2011 quem
1411 1972 1491 2001 ante
1506 1969 1646 2003 habuis-

185 2020 260 2054 set3
288 2013 449 2047 neminem
465 2025 600 2058 quoque
615 2024 654 2048 se
667 2013 803 2047 iubente
818 2013 981 2047 bonorum
995 2012 1158 2046 iacturam
1172 2022 1361 2058 passurum.
1407 2024 1496 2059 quae
1510 2015 1644 2060 quidem

75 2054 79 2058 ’
131 2085 138 2091 .
183 2059 235 2094 sic
247 2059 368 2093 deinde
381 2064 460 2093 sunt
474 2063 564 2093 acta.

278 2127 332 2162 25.
378 2122 583 2171 Bryennium
598 2132 701 2172 porro
717 2125 760 2160 ad
779 2135 817 2160 se
833 2124 1012 2159 adductum
1034 2124 1167 2160 intuens
1183 2125 1374 2160 Comnenus
1388 2126 1529 2161 Alexius
1539 2154 1551 2170 ,
1578 2127 1644 2161 viri

183 2174 326 2208 formam
350 2176 540 2218 statumque
561 2173 762 2206 mirabatur:
793 2172 942 2205 habebat
966 2170 1053 2204 enim
1077 2182 1160 2206 vere
1180 2172 1325 2218 speciem
1348 2173 1481 2215 dignam
1494 2173 1647 2218 imperio.

185 2226 272 2264 quae
299 2229 353 2253 res
378 2219 522 2253 fructum
546 2218 711 2261 victoriae
733 2217 882 2261 'augebat
906 2216 1077 2263 reputanti
1093 2217 1211 2253 Alexio
1230 2215 1360 2263 qualem
1377 2218 1514 2261 ducem,
1545 2230 1646 2265 quam

184 2272 284 2298 manu
299 2269 487 2310 promptum
497 2290 508 2307 ,
538 2275 635 2309 quam
651 2263 758 2297 animo
776 2262 974 2306 audentem,
1005 2274 1105 2308 quam
1120 2262 1233 2298 stabili
1249 2269 1361 2298 mente
1377 2264 1563 2309 praeditum
1582 2265 1645 2299 de-

183 2307 356 2344 bellasset.
403 2304 527 2344 heroici
542 2310 666 2356 quippe
680 2308 778 2343 animi
793 2308 845 2342 vir
861 2312 948 2343 erat.
986 2319 1097 2354 neque
1111 2321 1165 2344 me
1179 2309 1252 2355 quis
1278 2321 1351 2343 uam
1370 2315 1468 2355 putet
1482 2322 1572 2343 meas
1588 2322 1645 2344 res

185 2354 219 2390 iu
241 2356 348 2390 maius
373 2355 493 2390 tollere
518 2355 594 2389 dum
612 2357 695 2389 haec
711 2355 754 2388 de
769 2354 826 2388 illo
842 2365 985 2389 memoro
999 2366 1008 2388 x
1041 2355 1099 2388 sed
1116 2353 1203 2392 sciat
1217 2366 1259 2389 nu
1274 2356 1338 2389 lam
1355 2355 1503 2389 cuiusvis
1518 2356 1645 2388 oratio-

185 2412 260 2436 nem
274 2412 388 2446 parem
404 2409 558 2447 umquam
574 2402 726 2446 forerpro
743 2399 908 2445 dignitate
923 2399 1132 2434 celebrandis
1148 2398 1219 2435 eius
1254 2400 1412 2435 raeclaris
1424 2400 1646 2443 facinoribus,

185 2447 315 2491 gratiae
331 2458 397 2491 qua
413 2452 533 2481 cuncta
548 2447 672 2481 decore
688 2452 791 2492 atque
805 2443 989 2480 amabiliter
1003 2447 1165 2490 gerebat,
1189 2458 1230 2491 sp
1245 2446 1364 2480 eudori
1381 2446 1526 2491 denique
1540 2457 1645 2491 prae-

186 2491 320 2526 cellenti
345 2487 475 2527 cuidam
503 2493 595 2527 vitae
617 2493 720 2527 totius
745 2503 786 2527 ac
813 2491 939 2525 dotium
967 2491 1169 2537 laudumque
1192 2491 1377 2535 insignium.
1426 2492 1546 2537 quodsi
1577 2503 1646 2527 non

187 2537 285 2572 ulium
303 2537 398 2572 huius
413 2539 604 2584 scriptionis
620 2539 696 2573 mihi
711 2538 810 2571 finem
829 2536 1074 2583 proposuissem
1085 2563 1096 2579 ,
1127 2548 1226 2582 quam
1241 2542 1279 2571 ut
1294 2549 1350 2571 res
1366 2536 1436 2571 eius
1454 2537 1644 2582 singillatim

187 2595 438 2628 pei-censerem,
467 2585 533 2618 alia
547 2585 653 2619 Iliade
669 2595 753 2629 opus
767 2584 869 2617 foret.
917 2583 1004 2616 hunc
1025 2582 1129 2626 igitur
1144 2583 1251 2616 virum
1267 2581 1519 2618 solertissimum
1535 2584 1569 2618 in
1584 2595 1645 2617 ca·-

186 2628 319 2674 piendis
333 2629 376 2663 de
389 2641 428 2663 re
442 2631 553 2665 subita
567 2630 709 2666 consiliis
725 2634 760 2663 et
775 2625 865 2674 quod
882 2626 1039 2672 optimum
1057 2633 1148 2662 esset
1165 2626 1352 2673 eligendum
1363 2654 1374 2671 ,
1390 2629 1540 2664 eumdem
1552 2630 1648 2674 peri·

186 2674 346 2708 tissimum
360 2675 564 2710 ordinandae
579 2676 663 2710 aciei
679 2681 714 2710 et
728 2672 1049 2720 experientissimum
1071 2671 1214 2708 omnium
1239 2672 1359 2709 artium
1386 2675 1466 2709 belli
1477 2702 1487 2719 ,
1522 2676 1647 2720 quibus

188 2719 275 2753 citra
289 2719 354 2753 vim
372 2726 521 2765 apertam
535 2720 698 2757 debellari
715 2724 952 2764 strategemate
976 2719 1091 2753 hostes
1105 2723 1261 2764 possent,
1292 2719 1486 2755 Comuenus
1504 2721 1647 2755 Alexius

189 2764 272 2799 vicit
297 2768 333 2798 et
356 2765 468 2811 cepit,
497 2765 555 2802 vix
577 2767 683 2815 prima
706 2765 861 2814 lanugine
884 2764 1034 2800 vestiens
1057 2776 1174 2811 genas.
1220 2766 1366 2802 nondum
1381 2766 1468 2802 euim
1483 2767 1646 2803 barbatus

245 2816 392 2864 Niceph.
425 2818 550 2863 Bryen.
1316 2816 1370 2856 10
