1878 3262
607 205 1003 250 HISTORIARUM
1035 206 1085 247 L.
1118 205 1179 248 V.
1534 198 1635 246 249

177 330 258 368 νων
284 325 343 380 τῷ
373 318 479 380 λόγῳ
510 321 638 377 δῆθεν
664 323 777 379 Βελᾷ
804 320 906 377 πρὸς
933 323 1081 376 κλῆρον
1102 319 1169 360 καὶ
1190 314 1340 372 ταύτην
1358 312 1645 374 ἄφοριζόντων.

178 391 200 435 ὅ
222 391 354 445 δὲτὴν
370 391 552 447 Σερβίων
573 391 839 447 παραμείψας
860 385 1026 443 χώραν,
1060 386 1195 441 ἐπειδὴ
1217 388 1272 436 εἷς
1293 384 1444 440 ταύτην
1467 386 1644 440 εἰσέβαλε

179 465 293 503 πᾶσα
323 461 365 502 ἓν
389 463 542 515 βραχεῖ
564 460 779 501 δυναστεία
805 456 851 499 τὸ
873 456 993 497 πλέον
1013 454 1092 496 ὕπὸ
1119 459 1177 513 τῷ
1195 458 1361 508 βασιλεῖ
1380 453 1511 496 ἔθετο.
1578 452 1643 495 ὅτε

181 529 232 584 δὴ
262 526 516 585 Τραγούριόν
541 544 583 569 τε
614 525 693 569 ὑπὸ
710 525 934 579 Ῥωμαίους
953 524 1101 579 ἐγένετο
1126 525 1193 565 καὶ
1213 523 1448 577 Σεβένικος,
1476 521 1578 579 πρὸς
1599 521 1644 565 δὲ

146 599 246 643 ὁκαὶ
265 595 491 647 Σπάλαθος
509 598 575 638 καὶ
593 595 638 638 τὸ
657 595 883 646 Κατζικίων
912 592 1032 642 ἔθνος
1048 590 1241 634 Λιόκλειά
1264 609 1305 633 τε
1328 590 1443 641 πόλις
1468 608 1646 647 περιφα-

177 664 270 721 νής,
305 664 355 720 ’ἢν
376 663 668 719 Διοκλητιανὸς
686 662 935 716 ὅίΡωμαίων
951 662 1135 714 ἐδείματο
1157 658 1418 716 αὐτοκράτωρ
1426 692 1438 711 ,
1467 658 1647 716 Κάρδων
1669 662 1698 698 Ρ
1723 662 1790 699 146

177 751 220 777 τε
238 735 304 776 καὶ
320 734 641 791 Ὀστρουμπίτζα
666 734 733 775 καὶ
754 730 901 773 Σάλιον
908 763 922 783 ,
956 732 1023 772 καὶ
1043 728 1135 772 ὅσαι
1158 730 1222 770 ἐπὶ
1244 729 1489 785 Δαλματικῇ
1506 730 1650 784 ἵδρυν-

177 820 247 846 ται
276 802 419 855 ἄλλαι,
453 800 555 844 ἔπτὰ
584 803 651 843 καὶ
679 799 923 855 πεντήκοντα
946 797 1116 841 ἅπασαι.
1184 797 1237 840 τὰ
1253 797 1326 850 μὲν
1349 797 1452 838 κατὰ
1470 797 1651 850 Δαλμα-

177 873 268 914 τίαν
299 873 393 928 τῇδε
426 868 649 927 ἐχώρησαν.
715 868 906 924 βασιλεὺς
937 868 1003 919 δέ,
1039 865 1173 923 ὥσπερ
1193 866 1378 921 ἐλέγομεν
1387 897 1400 917 ,
1427 866 1468 915 ἔς
1489 864 1649 916 Βυζάν-

123 948 169 983 10
179 957 264 983 τιον
291 938 464 981 ἐπανιών
490 940 700 996 θρίαμβον
722 939 765 989 ἐξ
788 935 1045 994 ἀκροπόλεως
1075 935 1168 992 ἄχρι
1188 936 1253 976 καὶ
1275 936 1318 984 ἒς
1335 934 1380 976 τὸ
1401 938 1474 988 τῆς
1492 935 1652 990 Σοᾳιάς

177 1009 283 1065 με’γα
319 1006 555 1063 κατήνεγκεν
589 1005 708 1064 ἱερόν.
778 1004 959 1048 ἐνταῦθά
990 1022 1032 1047 τε
1065 1005 1118 1047 τὰ
1141 1001 1389 1060 χαριστήρια
1418 1001 1556 1052 θύσας
1585 1004 1653 1044 καὶ

175 1078 333 1134 χρυσίῳ
357 1077 452 1127 τοὺς
475 1075 708 1133 ἴεροπόλους
730 1073 1038 1132 δωρησάμενος,
1069 1072 1091 1115 ὃ
1111 1074 1154 1115 ἐκ
1177 1073 1350 1129 Σιρμιόυ
1371 1072 1653 1129 φορολογηθὲν

173 1144 388 1200 ι,Ρωμαίοις
408 1145 566 1199 ἔτυχεν,
598 1146 639 1186 ἒν
663 1146 847 1201 παλατίῳ
867 1141 1077 1198 ἡσύχαζεν.
1147 1142 1240 1184 ἀλλ’
1264 1140 1286 1182 ὅ
1314 1158 1364 1195 με
1393 1145 1543 1197 μικροῦ
1570 1158 1653 1182 πα-

180 1218 346 1271 ρῆλθεν,
367 1215 408 1255 ἓν
423 1215 557 1271 ἐκείνῳ
577 1214 627 1268 δὴ
645 1218 703 1271 τῷ
720 1211 918 1269 θριάμβῳ
935 1214 1003 1254 καὶ
1021 1210 1134 1268 ἅρμα
1150 1211 1323 1267 χρυσίου
1343 1209 1528 1265 εἴργαστο
1550 1209 1653 1264 ἄκη-

123 1292 168 1329 15
180 1281 306 1340 ράτου
318 1315 333 1335 ,
368 1282 438 1339 ἐφ’
460 1276 493 1340 ᾧ
515 1282 584 1325 τὸν
603 1282 777 1337 βασιλέα
795 1279 1077 1335 ἐπιβήσεσθαι.
1147 1279 1194 1320 οὗ
1215 1278 1298 1333 μὴν
1324 1280 1391 1320 καὶ
1423 1279 1545 1332 ἐπέβη
1556 1310 1570 1330 ,
1603 1277 1650 1320 τὸ

176 1352 251 1406 μὲν
282 1351 383 1409 πρὸς
412 1350 482 1393 τὸν
509 1350 626 1406 ἷίγκον
650 1351 893 1404 εὐλαβηθείς
902 1382 914 1401 ,
949 1349 995 1391 τὸ
1027 1349 1073 1390 δέ
1097 1363 1159 1389 τοι
1186 1349 1252 1389 καὶ
1283 1345 1547 1403 πριοτοζῦγων
1571 1351 1653 1388 τιῦν

171 1422 311 1462 ‘lunam
328 1419 476 1471 ὄντων,
512 1419 557 1461 οἳ
569 1419 640 1461 τὸν
656 1420 802 1476 δίφρον
826 1416 981 1470 εἷλκον,
1016 1413 1139 1469 θαμά
1156 1433 1197 1458 τε
1220 1420 1363 1458 τοῦτον
1382 1414 1649 1471 ἓκταραττόν-
1671 1422 1702 1457 Β

177 1506 281 1540 των,
318 1486 373 1537 ὥς
389 1493 538 1545 μικροῦ
562 1490 629 1530 καὶ
650 1486 958 1544 ἀνατετράφθαι
981 1483 1231 1528 κινδυνεύειν.
1301 1483 1413 1526 οὔπω
1439 1485 1484 1526 δὲ
1505 1483 1653 1538 συχνὸς

178 1558 291 1612 ἐξῆκε
317 1555 491 1613 χρόνος,
525 1558 592 1598 καὶ
626 1551 749 1605 αὖθις
780 1557 978 1611 Σερβιόυς
1003 1571 1045 1597 τε
1076 1553 1230 1596 ὠδίνειν
1259 1555 1325 1594 καὶ
1354 1551 1578 1594 Παννόνων
1604 1552 1651 1594 τὸ
1678 1572 1681 1574 >

123 1624 300 1676 Ξοέθνος
334 1624 588 1680 μεμαθηκώς
616 1622 871 1681 προφθάνειν
900 1624 1080 1679 ἠπείγετο
1112 1622 1186 1677 τὴν
1215 1619 1359 1678 ὁρμήν.
1428 1621 1521 1663 ἀλλ’
1559 1620 1652 1678 ἄρτι

179 1692 401 1751 προσιόντα
417 1698 560 1736 τοῦτον
575 1692 755 1748 ἤκουσαν
765 1725 778 1745 ,
806 1695 874 1735 καὶ
892 1697 963 1748 τῆς
981 1690 1112 1750 ὁρμῆς
1128 1691 1391 1741 ἀνακοπέντες
1407 1688 1653 1747 ἀπαράλυτα

180 1763 233 1805 τὰ
254 1762 471 1817 δεδογμένα
491 1761 704 1817 ἐτήρησαν.

276 1848 308 1882 1.
334 1843 497 1892 ταύτην]
522 1846 574 1880 Ita
596 1846 683 1883 coni.
703 1845 848 1881 Tollius.
896 1843 984 1878 eod.
1008 1840 1161 1883 ταύτας.
1311 1844 1345 1878 6.
1370 1840 1557 1888 Κάρδων]
1582 1842 1656 1875 Re-

273 1892 361 1973 gius
399 1891 594 1948 ’Σκάρδωια
733 1894 788 1928 17.
827 1888 936 1935 θαμά
973 1891 1038 1935 τε]
1077 1889 1132 1923 Ita
1165 1889 1255 1925 Duc.
1288 1900 1363 1923 cum
1394 1889 1520 1923 Tollio.
1570 1887 1659 1923 Cod.

307 1950 408 1983 αυμα
431 1949 484 1974 τε.

181 2006 392 2054 provinciam
407 2007 514 2041 Belae
529 2005 562 2040 in
577 2003 796 2039 haereditatis
812 2005 937 2036 sortem
953 2001 1173 2047 adsignarent
1187 2000 1354 2046 Hungari.
1401 2001 1431 2036 is
1444 2001 1560 2047 itaque
1573 2001 1660 2035 Ser-

180 2054 311 2087 viorum
327 2054 412 2087 fines
428 2059 724 2098 praetergressus,
754 2055 933 2094 postquam
949 2053 1042 2082 totus
1066 2049 1100 2082 in
1116 2048 1315 2082 Dalmatiam
1340 2048 1513 2083 exercitus
1537 2047 1659 2081 tradu-

183 2103 260 2134 ctus
286 2103 385 2143 erat,
415 2098 512 2133 brevi
535 2098 697 2143 pleraque
720 2095 932 2140 imperatoris
957 2093 1074 2127 ditioni
1089 2093 1241 2128 subiecit.
1288 2098 1358 2127 tum
1375 2094 1460 2128 enim
1480 2092 1513 2127 in
1531 2094 1660 2127 Roma-

183 2157 304 2179 norum
319 2145 371 2178 ius
389 2155 591 2179 concessere
605 2142 811 2186 Tragurium
831 2146 865 2174 et
881 2140 1087 2182 Sebenicus,
1116 2139 1160 2173 ad
1185 2141 1270 2174 haec
1285 2140 1466 2185 Spalathus
1491 2144 1525 2173 et
1540 2139 1660 2172 Catzi-

183 2191 311 2225 ciorum
334 2202 438 2235 gens3
467 2190 609 2224 Dioclea
625 2189 705 2222 urbs
723 2186 947 2233 percelebris,
980 2197 1078 2230 quam
1095 2185 1326 2220 Diocletianus
1340 2186 1526 2231 imperator
1539 2185 1659 2218 condi-

184 2236 234 2271 dit
246 2263 255 2279 ‚
287 2237 464 2270 Scardona
477 2262 487 2279 ‚
518 2234 719 2269 Ostrubitza
729 2261 739 2277 9
771 2232 918 2274 Salona,
946 2242 1128 2276 omnesque
1142 2231 1230 2265 aliae
1245 2232 1402 2266 civitates
1416 2243 1504 2276 quae
1519 2231 1555 2264 in
1571 2231 1659 2265 Dal-

183 2282 287 2317 matia
317 2283 403 2317 sitae
433 2286 512 2317 sunt
524 2307 535 2325 ‚
567 2291 705 2314 numero
736 2278 772 2312 in
804 2278 993 2311 universum
1021 2282 1150 2322 septem
1167 2282 1202 2312 et
1216 2277 1468 2323 quinquaginta.
1513 2277 1598 2311 haec
1620 2277 1658 2311 in

184 2327 354 2362 Dalmatia
369 2328 512 2363 feliciter
526 2332 626 2372 gesta
641 2329 730 2359 sunt.
778 2324 963 2369 imperator
977 2329 1090 2357 autem
1105 2324 1304 2368 Byzantium
1316 2349 1326 2365 ‚
1349 2323 1399 2356 uti
1415 2323 1575 2366 diximus,
1598 2334 1659 2356 re-

167 2385 304 2416 -versus
319 2375 362 2408 ab
378 2374 530 2419 acropoli
544 2384 652 2417 usque
665 2371 709 2405 ad
725 2370 843 2405 aedem
860 2370 897 2403 S.
915 2369 1065 2414 Sophiae
1078 2369 1278 2414 triumphum
1294 2369 1384 2414 egit3
1409 2370 1467 2403 ubi
1495 2369 1558 2402 deo
1576 2379 1659 2412 gra-

183 2419 241 2454 tiis
264 2419 446 2465 persolutis
471 2424 507 2454 et
529 2417 763 2453 sacerdotibus
778 2427 860 2449 auro
877 2415 1032 2458 donatis,
1067 2415 1158 2460 quod
1174 2427 1216 2449 ex
1231 2415 1367 2450 tributis
1382 2415 1496 2448 Sirmii
1520 2420 1659 2448 contra-

184 2470 309 2500 xerunt
333 2466 492 2508 Romani,
523 2465 558 2498 in
581 2464 710 2510 palatio
739 2461 842 2507 quieti
859 2473 897 2495 se
912 2461 1014 2495 dedit.
1062 2461 1124 2495 sed
1139 2472 1192 2495 me
1207 2462 1281 2495 sere
1300 2460 1546 2506 praeterierat,
1577 2471 1660 2494 cur-

185 2522 259 2546 rum
289 2523 355 2556 quo
386 2511 570 2557 imperator
600 2510 809 2550 veheretur,
838 2507 903 2541 isto
927 2507 962 2541 in
985 2507 1155 2552 triumpho
1179 2519 1221 2541 ex
1247 2518 1329 2540 auro
1345 2506 1451 2540 solido
1467 2506 1659 2540 confectum

184 2556 308 2598 falsam
342 2569 409 2591 non
437 2556 673 2591 conscendisse
697 2555 791 2588 illum
816 2557 950 2598 tamen,
981 2557 1052 2586 tum
1076 2552 1167 2597 quod
1192 2558 1371 2586 vereretur
1386 2563 1428 2586 ne
1444 2552 1660 2595 arrogantiae

186 2601 396 2637 incusaretur
421 2608 458 2637 et
479 2604 608 2646 fastus,
639 2607 710 2636 tum
728 2601 828 2634 etiam
844 2599 934 2644 quod
951 2599 1062 2632 currui
1088 2598 1233 2632 adiuncti
1251 2598 1326 2643 equi
1341 2602 1423 2631 tunc
1439 2598 1579 2644 primum
1596 2598 1660 2631 do—

187 2647 258 2680 miti
283 2652 319 2682 et
342 2649 423 2693 iugo
447 2649 556 2694 pressi
583 2648 632 2682 sic
660 2648 779 2681 crebro
804 2644 1331 2688 suc-cussissentiactassentque‚
1362 2648 1401 2677 ut
1416 2643 1504 2677 haud
1520 2643 1659 2677 multum

187 2693 337 2727 abfuerit
350 2695 429 2739 quin
443 2700 538 2729 totus
553 2695 820 2728 subverteretur.
866 2702 930 2724 nec
946 2690 1080 2734 longum
1094 2690 1287 2724 intercessit
1301 2695 1453 2734 tempus,
1484 2701 1555 2723 cum
1573 2690 1658 2722 Ser-

187 2737 264 2771 vios
278 2743 312 2772 et
326 2739 505 2774 Pannones
520 2751 609 2774 nova
620 2740 741 2773 iterum
755 2736 863 2772 moliri
882 2736 1023 2770 edoctus
1033 2761 1043 2777 ‚
1069 2747 1183 2770 eorum
1197 2740 1335 2770 conatus
1350 2740 1570 2781 praevertere
1585 2740 1657 2768 sta-

187 2783 267 2817 tuit.
313 2785 375 2818 sed
398 2786 512 2822 statim
537 2790 640 2832 atque
660 2785 752 2820 illum
769 2782 931 2818 accedere
946 2787 1194 2829 perceperunt,
1225 2782 1347 2818 omisso
1369 2781 1527 2829 incepto,
1558 2783 1658 2826 pacta

187 2840 385 2866 servavero.
