1878 3262
258 221 355 266 338
712 216 919 261 CAROLI
952 216 1032 260 DU
1065 216 1279 261 FRESNE

255 335 398 371 θιστον
423 329 495 379 τῆς
524 322 731 378 θαλάσσης
747 331 822 364 etc.
880 324 929 363 de
945 325 1142 378 Corcyrae
1160 326 1317 366 nomine
1333 333 1374 368 et
1392 330 1473 369 situ
1488 327 1682 381 quaedam
1695 341 1719 368 a

257 385 368 424 nobis
387 383 595 422 observata
618 383 671 420 ad
690 381 932 422 Alexiadem.

368 453 408 491 p.
437 442 519 482 100
543 452 583 479 v.
612 443 678 482 22.
755 436 830 491 τήν
859 434 1070 489 Κερκύρας
1094 437 1446 493 ἐπιτετραμμένος]
1484 441 1720 481 Theodorus

256 496 511 550 capellanus,
542 496 601 534 uti
617 495 837 548 appellatur
858 509 881 533 a
902 494 1025 535 Nicet.
1043 495 1068 535 l.
1086 497 1114 536 2
1135 508 1174 536 n.
1197 496 1237 537 5.

112 561 141 595 P
166 560 232 596 448
367 567 406 606 Ρ.
429 556 506 596 101
531 567 571 594 v.
591 556 630 595 8
689 551 755 593 ἐπὶ
781 548 1002 600 Βυζάντιον
1033 545 1188 603 ἦλθον]
1216 551 1426 590 Falluntur
1451 553 1520 603 qui
1545 553 1597 592 ad
1615 553 1721 592 hanc

253 609 478 649 Siculorum
500 609 789 661 expeditionem
809 609 949 647 referri
965 613 1119 659 putant,
1150 608 1259 659 quod
1278 608 1507 648 Vincentius
1524 609 1720 650 Bellovac.

255 673 296 705 et
314 668 489 705 Sanutus
504 666 693 715 tradunt,
733 666 884 704 Siculos
917 670 1007 716 post
1031 671 1295 716 expugnatam
1315 666 1550 717 Corcyram,
1585 672 1628 705 et
1644 680 1721 706 va-

253 729 377 762 statas
398 737 442 761 ac
462 723 644 774 spoliatas
667 723 908 761 Graecorum
926 722 1166 774 provincias,
1188 721 1247 759 ad
1258 722 1402 760 arbem
1419 736 1547 774 usqae
1568 725 1722 775 regiam

258 780 652 832 Constantinopolim
679 778 928 828 accedentes,
958 780 1138 830 sagittas
1167 793 1318 817 aureas
1345 781 1389 817 in
1409 780 1623 831 palatium
1639 781 1722 818 im-

246 839 452 888 peratoris
473 838 620 876 iecisse.
679 850 772 875 nam
795 835 893 874 haec
913 842 1003 886 post
1023 835 1180 886 Rogerii
1203 848 1405 875 excessum
1428 837 1535 875 facta
1551 841 1722 877 testatur

253 894 408 932 Nicetas
429 893 456 932 l.
475 896 503 936 2
518 907 559 932 n.
579 895 620 935 8.
678 893 770 932 vide
787 892 941 931 Bonfin.
962 891 1046 930 dec.
1068 895 1095 933 2
1116 892 1142 931 l.
1169 894 1194 934 6
1209 906 1250 944 p.
1269 895 1364 935 263.

365 962 406 989 v.
427 952 490 991 19.
546 946 647 990 κατὰ
668 949 875 1000 Σικελίας]
906 948 1061 986 Nicetas
1081 948 1107 986 l.
1126 952 1153 990 2
1175 962 1215 986 n.
1238 953 1277 992 6.

365 1019 406 1045 v.
423 1009 489 1049 23.
549 1002 868 1058 ἅρχιζουποὲνον]
903 1005 984 1052 Qui
1005 1005 1244 1043 Bac-chinus
1261 1006 1386 1055 infra,
1416 1011 1456 1044 et
1473 1005 1631 1044 Nicetae
1649 1017 1723 1056 ap-

251 1063 445 1116 pellatur,
484 1067 525 1100 et
551 1062 658 1100 idem
685 1063 846 1101 videtur
871 1075 961 1100 cum
984 1061 1144 1100 Serviae
1162 1063 1360 1115 principe,
1390 1074 1508 1113 quem
1527 1061 1723 1114 Draglzi-

252 1133 348 1159 nam
367 1124 488 1158 vocat
510 1118 754 1156 Diocleates'
743 1132 788 1156 111
805 1118 982 1157 Historia
1003 1119 1228 1158 Dalmatica.

364 1189 404 1227 Ρ.
425 1177 564 1217 102v.
585 1178 651 1216 20.
711 1174 1031 1228 Κωνσταντίνῳ]
1063 1175 1323 1214 Constantino
1347 1174 1518 1226 Angelo‚
1557 1173 1625 1224 qui
1651 1173 1722 1212 iti-

251 1232 346 1270 dem
381 1231 568 1281 dignitate
607 1231 1016 1282 sebastohypertatus,
1064 1237 1104 1269 et
1136 1232 1348 1270 Manuelis
1357 1231 1451 1283 imp
1491 1226 1722 1281 ἐξάδελφος,

250 1287 463 1341 patruelis,
509 1288 691 1326 dicitur
681 1302 723 1326 m
750 1288 947 1326 sententia
975 1287 1230 1338 depositionis
1253 1289 1414 1326 Cosmae
1442 1293 1544 1338 patr.
1576 1286 1720 1338 cpolit.

251 1345 299 1385 A.
324 1344 433 1387 1144
459 1345 567 1396 apud
586 1345 797 1383 Allatium:
834 1344 1002 1397 proinde
1024 1344 1128 1383 filius
1151 1346 1228 1384 fuit
1245 1344 1495 1383 Constantini
1515 1343 1658 1395 Angeli
1670 1355 1721 1381 ex

251 1401 462 1440 Theodora
482 1402 681 1441 Comnena
700 1401 830 1440 Alexii
846 1402 939 1452 imp.
957 1407 1063 1440 nata.

363 1471 405 1509 Ρ.
425 1457 506 1499 104
529 1472 567 1498 v.
587 1461 625 1499 8.
683 1456 869 1510 Βὸσθνα]
901 1459 1090 1507 Bossena,
1120 1470 1221 1508 quae
1245 1456 1506 1495 Constantino
1532 1455 1582 1494 de
1601 1454 1720 1495 Adm.

250 1513 351 1578 Imp.
379 1527 413 1554 c.
437 1517 493 1556 32
517 1511 684 1556 Βόσωνα
708 1520 983 1564 nuncupatur,
1020 1514 1216 1566 principes
1237 1528 1328 1553 suos
1346 1513 1509 1561 habuit,
1548 1525 1721 1563 quorum

250 1571 391 1608 seriem
413 1569 581 1609 damus·
570 1585 612 1608 1n
635 1571 791 1609 familiis
809 1570 1048 1608 Dalmaticis.

364 1640 404 1666 v.
427 1628 494 1667 17.
552 1627 712 1683 Γειτζᾷ]
745 1628 863 1665 Geiza
883 1627 929 1676 ΙΙ,
954 1626 1181 1678 Hungariae
1198 1638 1283 1675 rex,
1312 1625 1439 1676 Belae,
1469 1637 1581 1675 cogn.
1601 1623 1719 1673 caeci,

250 1695 293 1721 re
333 1696 350 1720 s
367 1682 484 1720 filius.

187 1739 189 1741 ¹
294 1682 330 1734 gi
364 1752 403 1790 Ρ.
423 1741 504 1782 109
528 1751 567 1778 v.
584 1741 654 1781 21.
688 1735 875 1792 Ἰωάννης
890 1736 1113 1790 ὁΛοῦκας]
1139 1738 1240 1778 Vide
1262 1736 1580 1776 dissertationem
1594 1738 1649 1779 26
1665 1735 1719 1775 ad

249 1795 482 1834 Ioinvillam.

363 1865 401 1904 p.
425 1853 504 1892 113
527 1864 565 1891 v.
587 1854 652 1893 10.
713 1848 911 1904 Οὕρεσιν]
943 1850 1082 1889 Urosci
1099 1851 1221 1900 illius,
1262 1850 1401 1888 Dessae
1421 1849 1579 1900 fratris,
1608 1849 1718 1888 nulla

250 1907 361 1959 quod
393 1907 512 1945 sciam
542 1907 690 1946 mentio
718 1907 764 1945 fit
786 1908 829 1945 in
848 1907 1026 1946 Historia
1044 1908 1277 1957 Dalmatica,
1316 1907 1392 1945 nisi
1417 1906 1523 1945 idem
1549 1906 1601 1944 sit
1626 1919 1719 1946 cum

247 1965 359 2011 Bela,
388 1964 438 2002 de
462 1977 540 2015 quo
561 1965 613 2004 ad
631 1978 669 2016 Ρ.
688 1967 794 2015 221,
824 1965 893 2015 qui
917 1971 1009 2003 ante
1026 1964 1186 2003 Dessam
1215 1964 1258 2002 in
1285 1964 1426 2004 Servia
1451 1963 1718 2016 principatum

249 2021 391 2061 tenuit.

359 2090 398 2127 p.
422 2075 502 2118 114
520 2088 560 2116 v.
582 2079 648 2119 18.
707 2076 748 2125 ἐξ
762 2073 971 2128 ’'Al-nsaw]
1001 2077 1074 2116 Vel
1094 2089 1144 2115 ex
1164 2076 1345 2115 hocloco
1367 2081 1476 2128 patet
1495 2074 1621 2126 Alpes
1638 2074 1718 2113 dici

250 2132 410 2183 quosvis
428 2139 583 2169 montes
602 2133 726 2182 altos,
768 2146 841 2170 nec
865 2146 930 2171 eos
949 2134 1147 2173 duntaxat
1165 2134 1234 2185 qui
1252 2133 1419 2172 Galliam
1439 2132 1488 2171 ab
1508 2131 1716 2171 Germania

251 2195 291 2228 et
307 2189 420 2226 ltalia
440 2188 728 2227 disterminant.
786 2190 948 2228 Servius
979 2190 1031 2228 ad
1062 2190 1164 2229 illud
1189 2191 1357 2242 Virgilii,
1400 2190 1532 2228 aerios
1548 2195 1714 2239 montes,

251 2246 308 2284 ait
326 2258 349 2282 a
369 2244 490 2283 Gallis
509 2244 633 2282 aerios
652 2251 808 2282 montes
827 2248 955 2297 Alpes
974 2247 1182 2299 appellari;
1219 2260 1318 2286 voce
1344 2245 1532 2284 nimirum
1552 2244 1714 2285 Gallica.

250 2303 407 2353 Papias:
438 2300 587 2351 Alpes,
619 2303 784 2351 thoprie
812 2304 918 2339 ae'rii
946 2311 1098 2341 montes
1127 2304 1304 2343 Galliae.
1362 2303 1472 2340 Nam
1495 2301 1724 2342 Gallorum·

251 2359 400 2410 lingua
429 2357 509 2395 alti
539 2364 689 2394 montes
721 2365 928 2396 vocantur.
988 2359 1113 2399 Gloss.
1141 2361 1319 2398 Graeco-
1328 2360 1435 2398 Lat.·
1464 2357 1607 2408 Alpes,
1637 2356 1713 2412 ὄρη

249 2411 405 2471 υψῃλά.
463 2413 526 2451 his
552 2413 746 2451 consentit
775 2413 994 2454 Isidorusl.
1015 2414 1068 2457 14
1091 2415 1200 2467 Orig.
1220 2429 1253 2455 c.
1272 2418 1311 2457 8.
1366 2413 1462 2452 hinc
1480 2414 1599 2464 igitur
1618 2428 1713 2466 pas-

250 2472 323 2509 sim
351 2470 511 2522 quosvis
537 2475 691 2508 montes
713 2468 830 2521 Alpes
853 2476 1000 2509 vocant
1029 2472 1254 2524 scriptores.
1311 2470 1495 2509 Sidonius
1522 2470 1571 2508 de
1603 2470 1712 2511 Atho

249 2534 384 2565 monte
412 2540 534 2567 carm.
557 2531 601 2569 2:
636 2527 834 2564 silvosam
863 2527 1078 2565 currebant
1106 2529 1197 2566 vela
1208 2543 1284 2580 per
1302 2528 1460 2578 Alpem.
1479 2540 1598 2566 carm.
1614 2530 1642 2571 9
1661 2527 1711 2567 de
1770 2558 1773 2559 γ

249 2584 410 2622 eodem:
440 2586 558 2620 iaxta
564 2582 780 2634 frondzset
781 2598 828 2622 ae
850 2598 1043 2622 cacumen
1059 2583 1195 2636 Alpis.
1223 2585 1443 2636 Pyrenaeos
1462 2590 1617 2623 montes
1636 2584 1710 2623 Al-

250 2640 362 2694 pium
381 2640 540 2678 nomine
559 2639 682 2678 donat
698 2640 815 2679 etiam
831 2642 1030 2679 Ausonius
1047 2641 1170 2693 Epist.
1187 2644 1263 2684 23:

467 2710 577 2733 nanc
598 2696 674 2734 tibi
694 2704 810 2734 trans
827 2698 956 2749 Alpes
977 2705 1013 2734 et
1034 2711 1300 2736 marmoream
1313 2698 1502 2751 Pyrenem

472 2752 691 2790 Caesareae
713 2754 928 2804 Augustae
953 2752 1100 2791 domus
1121 2761 1191 2792 est.

249 2806 375 2860 Alpes
394 2810 542 2846 montis
556 2809 734 2859 Zebraii,
748 2811 876 2862 Alpes
894 2807 1099 2849 Roscidae
1118 2810 1243 2850 vallis
1259 2810 1302 2849 in
1325 2809 1464 2848 iisdem
1484 2809 1704 2861 Pyrenaeis,

249 2864 355 2905 dixit
379 2865 502 2905 Lucas
535 2865 727 2906 Tudensis
753 2867 795 2905 in
821 2866 1015 2906 Chronico
1040 2880 1078 2919 p.
1105 2869 1159 2911 86
1189 2870 1257 2912 90.
1315 2867 1420 2907 unde
1447 2872 1485 2906 et
1509 2866 1705 2920 Hispanos
