1878 3262
274 264 371 313 214
748 260 971 307 IOANNIS
1005 261 1230 307 CINNAMI

272 384 330 438 τῷ
351 376 547 435 περισχὼν
565 376 668 420 κατὰ
686 375 753 420 τὸν
778 377 819 420 ἓν
841 383 924 428 τοῖς
948 374 1217 434 χαρακώμασι
1235 371 1356 431 νόμον
1375 372 1523 435 ἐτήρει,
1557 373 1613 427 ὥς
1632 368 1738 435 ἄπ’,ήγ

225 461 256 496 c
279 448 423 489 ἐκείνου
455 445 593 487 λοιπὸν
622 446 727 488 Aede*
755 444 918 503 χάρακα
945 446 1013 488 τὸν
1042 444 1163 488 τόπον
1194 445 1469 500 ὀνομασθῆναι
1491 444 1615 501 (οὕτω
1634 436 1743 501 γάρ”

271 515 344 569 τὴν
365 515 558 572 ταφρείαν
577 515 832 565 ἲδιωτίζοντες
856 512 1115 567 ὀνομάζουσιν
1133 514 1170 555 οἳ
1188 513 1346 566 πολλοί)
1358 526 1368 536 ·
1395 513 1511 571 ὀλίγῳ
1529 515 1554 555 δ
1559 513 1572 529 ²
1593 501 1748 571 ὕστείήη

273 599 344 640 ρον
369 583 410 632 ἒς
447 580 666 633 Βυζάντιον
695 583 859 637 πέμψας
886 582 1114 638 ἔμφρουρον
1150 582 1190 623 ἓν
1220 582 1400 638 παλατίῳ
1427 577 1709 636 κατεστήσατο.

272 654 401 694 ταῦτα
419 650 491 705 μὲν
508 651 600 709 τῇδε
620 650 765 705 ἐγένετο
777 682 790 702 ,
826 650 1015 704 βασιλεὺς
1037 651 1080 692 δὲ
1099 655 1181 700 τοῖς
1199 650 1241 691 ἐκ
1261 653 1339 691 τῶν
1357 647 1546 690 Παιόνων
1568 649 1746 705 deputo-5

271 719 406 774 με’νοις
419 719 672 774 χρηματίσας
696 719 930 775 πρέσβεσιν,
961 717 1093 772 ἐπειδὴ
1121 718 1245 772 μηδὲν
1269 715 1374 773 ὑγιὲς
1405 715 1550 766 αὐτους
1583 716 1716 772 ἄπαγ-

272 788 483 842 γέλλοντας
501 786 597 840 ἔγνω
607 818 619 836 ,
655 786 826 828 ἐκέλευεν
851 786 1057 842 εὖθυωρὸν
1079 790 1151 828 τοῦ
1164 783 1388 840 Ῥωμαϊκοῦ
1417 784 1717 839 ἀπαλλαγέντας

273 854 543 910 στρατοπέδου
564 853 636 907 τὴν
656 854 778 907 αὐτὴν
805 849 927 903 αὖθις
957 851 1212 910 πορεύεσθαι.
1282 853 1319 894 οἳ
1338 853 1410 906 μὲν
1432 848 1502 895 οὖν
1523 850 1716 909 ἀπῄεσαν,

272 920 294 963 ὅ
315 922 357 963 δὲ
376 922 438 962 ἐπὶ
460 921 691 977 Βελέγραδα
713 920 828 963 πόλιν
854 922 986 963 ἐλθὼν
1012 923 1189 963 ἐνταῦθα
1213 920 1403 975 ηὐλίσατο
1414 953 1427 972 ,
1461 920 1511 975 ἢν
1529 918 1717 976 καθάπερ

274 989 426 1046 εἴρηται
445 987 662 1043 Ζεύγμινον
679 990 862 1031 καθελὼν
880 988 900 1030 ὃ
916 988 1122 1043 Ῥωμαίων
1139 990 1320 1043 ἐδείματο
1348 987 1542 1046 στρατός,
1577 1004 1716 1030 συναι-
1729 997 1773 1032 10

275 1058 466 1114 ρομένους
493 1061 572 1098 τῶν
600 1055 731 1099 πόνων
755 1059 821 1099 καὶ
848 1056 1010 1099 Οἷέννων
1034 1058 1206 1107 πολλοὺς
1234 1057 1399 1110 ἔχοντες.
1465 1058 1644 1111 παίγνιον
1665 1055 1718 1110 δὴ

223 1130 256 1165 D
277 1129 394 1167 τοῦτο
415 1123 537 1178 τύχης
553 1124 602 1165 τὰ
621 1124 853 1180 ἀνθρώπεια
870 1123 1202 1179 διαχλευαζούσης
1221 1126 1280 1166 ἀεὶ
1298 1123 1532 1180 πράγματα·
1558 1123 1720 1180 κᾶνγὰρ

275 1190 511 1247 ἐπεγγελάσῃ
530 1208 590 1240 τις
613 1191 706 1241 τοὺς
723 1191 847 1234 πάλαι
868 1194 1186 1248 καθαιρεθέντας
1196 1191 1441 1248 ὁομήτορας,
1477 1187 1599 1242 αὖθις
1617 1194 1719 1234 οἴκι-

275 1260 374 1309 στὰς
390 1263 592 1315 καθορῶν.
661 1260 703 1301 ἔκ
722 1258 874 1301 τούτων
893 1259 1003 1313 οἶμαι
1024 1260 1069 1302 τὸ
1089 1258 1210 1314 τύχης
1229 1259 1355 1313 ὄνομα
1371 1260 1472 1301 πολὺ
1493 1259 1604 1317 παρὰ
1624 1259 1720 1309 τοὺς

276 1325 520 1384 ἀνθρώπους
541 1324 676 1383 ἐρρύη.
742 1331 821 1371 τῶν
835 1327 911 1383 γὰρ
933 1333 1004 1382 τῆς
1025 1330 1214 1385 προνοίας
1239 1327 1362 1383 ἔργων
1378 1334 1460 1377 τοῖς
1479 1326 1609 1382 λόγοις
1626 1328 1717 1384 ε’φι-
1729 1336 1773 1373 15

275 1393 431 1438 στάνειν
453 1395 523 1436 οὒκ
546 1395 698 1447 ἔχοντες
714 1427 727 1446 ,
763 1397 805 1437 ἐκ
823 1399 894 1438 τοῦ
914 1397 1050 1452 σφίσιν
1071 1394 1167 1438 εἶναι
1194 1397 1426 1447 δοκοῦντος,
1460 1399 1510 1451 τῇ
1528 1394 1627 1452 τύχῃ
1646 1395 1720 1446 τὰς

273 1468 354 1506 τῶν
373 1460 617 1520 πραγμάτων
638 1465 814 1505 διδοῦσιν
835 1462 1027 1517 ἐκβάσεις.
1076 1463 1198 1506 ’.ἀλλὰ
1218 1468 1346 1508 ταῦτα
1363 1464 1434 1520 μὲν
1456 1462 1510 1513 ὥς
1527 1481 1581 1518 πη
1603 1464 1722 1520 φίλον

276 1530 430 1587 ἑκάστῳ
446 1531 668 1584 νομιζέσθω
691 1547 731 1572 τε
751 1533 815 1572 καὶ
835 1532 1012 1586 λεγέσθω
1021 1563 1034 1582 ,
1070 1529 1090 1571 ὃ
1111 1532 1153 1573 δὲ
1174 1530 1290 1586 λόγος
1305 1533 1459 1584 ἐχέσθω
1477 1535 1557 1574 τῶν
1574 1547 1721 1587 προτε-

273 1599 440 1642 θέντων.
508 1596 713 1654 ἐπειδήπερ
735 1597 755 1639 ὃ
775 1598 964 1652 βασιλεὺς
984 1599 1162 1640 ἐνταῦθα
1192 1600 1361 1653 ἐγένετο,
1394 1598 1511 1654 γνοὺς
1530 1597 1720 1654 ἀμήχανα

275 1664 374 1708 εἶναι
394 1665 531 1711 λοιπὸν
552 1666 759 1721 Στέφανον
776 1670 848 1721 γῆς
866 1665 996 1725 ἄρξειν
1018 1670 1089 1720 τῆς
1113 1665 1273 1708 Οὕννων
1294 1666 1390 1724 (ἤδη
1414 1666 1491 1722 γὰρ
1512 1667 1775 1724 ΣτέφανονΞο

137 1745 163 1780 Ρ
187 1745 253 1783 125
277 1729 398 1783 αὖθις
418 1733 486 1775 τὸν
503 1733 633 1784 'Imm
650 1733 939 1788 κατεστήσαντο
960 1733 1163 1790 φέροντες)
1184 1732 1320 1790 ἑτέραν
1338 1732 1540 1790 ἐτράπετο.
1613 1734 1722 1776 Obv-

273 1807 384 1857 νικῆς
400 1802 475 1857 γὰρ
499 1800 662 1854 δυνάμει
682 1806 731 1857 τῇ
747 1800 856 1857 πάσῃ
879 1801 1063 1857 καθάπερ
1086 1801 1236 1857 εἴρηται
1252 1805 1556 1854 μεταποιεῖσθαι
1575 1799 1720 1856 ἤθελεν

277 1871 317 1912 ἓν
348 1870 570 1929 μεταιχμίῳ
598 1873 677 1912 τῶν
707 1867 897 1929 ἑσπερίων
925 1870 1102 1927 κειμένης
1133 1870 1276 1913 ἐθνῶν.
1350 1871 1485 1912 Βελᾶν
1511 1870 1644 1913 τοίνυν
1674 1869 1720 1921 ὃς

277 2012 412 2056 cingens
423 2036 433 2053 ‚
457 2011 637 2046 secundum
664 2023 735 2046 eam
752 2022 838 2057 quae
862 2011 898 2045 in
915 2011 1034 2046 castris
1047 2011 1141 2056 viget
1154 2011 1262 2056 legem
1279 2010 1451 2046 observari
1463 2010 1570 2046 iussit.
1614 2010 1663 2046 ita
1677 2013 1717 2046 ut

276 2058 390 2091 abillo
414 2058 569 2103 deinceps
591 2059 681 2092 Dese
699 2058 821 2092 vallum
844 2059 935 2092 locus
962 2058 1026 2091 iste
1040 2058 1143 2091 suerit
1163 2064 1382 2102 nuncupatus.
1428 2057 1478 2091 sic
1495 2058 1578 2091 enim
1593 2057 1718 2092 fossam

274 2103 397 2147 vulgus
422 2108 459 2135 ut
479 2104 654 2147 plurimum
677 2108 789 2138 vocat.
844 2115 916 2137 eum
940 2110 1050 2136 autem
1066 2114 1191 2148 paucos
1216 2108 1292 2148 post
1306 2102 1378 2136 dies
1401 2102 1599 2145 Byzantium
1614 2102 1715 2143 misit,

277 2152 313 2182 et
334 2149 368 2181 in
396 2148 521 2192 palatio
543 2149 665 2182 includi
691 2149 874 2194 praecepit.
919 2149 1004 2182 haec
1027 2149 1158 2193 quidem
1179 2148 1225 2182 ibi
1246 2153 1332 2181 acta.
1379 2151 1414 2180 et
1428 2147 1580 2193 princeps
1595 2147 1718 2182 auditis

274 2193 511 2236 Hungarorum
538 2193 593 2238 qui
624 2194 828 2228 advenerant
849 2194 990 2238 legatis,
1027 2194 1085 2227 ubi
1109 2194 1186 2227 nihil
1209 2204 1267 2227 eos
1288 2192 1359 2227 sani
1384 2193 1517 2226 adferre
1545 2193 1716 2236 cognovit,

276 2239 394 2273 castris
409 2239 574 2272 excedere
591 2238 747 2272 Romanis
760 2265 770 2281 ‚
792 2246 825 2273 et
839 2244 935 2273 recta
949 2239 1081 2273 domum
1095 2239 1190 2273 abire
1203 2238 1309 2272 iussit.
1353 2237 1395 2272 iis
1411 2237 1619 2279 abeuntibus,
1642 2238 1719 2283 ipse

275 2284 320 2317 ad
343 2283 533 2328 Belegrada
556 2284 671 2316 urbem
696 2285 809 2327 venit,
832 2286 944 2330 ibique
967 2290 1079 2318 castra
1102 2284 1224 2329 posuit.
1271 2285 1375 2324 hanc,
1396 2283 1443 2315 uti
1456 2293 1557 2327 supra
1573 2294 1718 2317 comme-

276 2329 474 2363 moravimus
486 2356 495 2372 ‚
520 2328 630 2361 diruto
647 2329 843 2372 Zeugmiuo,
869 2332 1038 2363 Romanus
1055 2333 1267 2364 exstruxerat
1282 2327 1448 2362 exercitus
1461 2354 1470 2371 ,
1493 2328 1718 2372 compluribus

277 2374 451 2418 Hungaris
465 2374 498 2408 in
514 2373 638 2407 laboris
655 2380 781 2419 partem
796 2376 943 2409 adscitis.
988 2376 1081 2409 iocus
1104 2375 1158 2408 hic
1173 2379 1224 2407 est
1237 2374 1344 2414 illius,
1368 2384 1454 2417 quae
1473 2372 1507 2406 in
1529 2375 1630 2407 rebus
1650 2375 1719 2408 hu·-

278 2420 385 2453 mflnis
410 2430 540 2464 semper
563 2419 670 2462 ludit,
704 2421 869 2454 fortunae.
917 2425 1011 2453 certe
1035 2420 1120 2454 enim
1141 2420 1268 2466 priscos
1292 2419 1364 2452 illos
1380 2417 1508 2451 urbium
1526 2419 1719 2453 conditores

276 2465 406 2508 pridem
423 2465 622 2506 exstinctos,
647 2464 720 2509 quis
741 2466 902 2507 irrideat,
926 2466 1001 2499 dum
1024 2466 1115 2498 videt
1137 2475 1242 2498 novos
1267 2474 1395 2498 rursum
1411 2463 1563 2497 suboriri.
1611 2476 1652 2500 ex
1674 2464 1716 2500 iis

277 2507 387 2553 τύχης
402 2521 458 2543 seu
475 2511 632 2543 fortunae
646 2511 843 2544 vocabulum
859 2516 897 2543 ut
911 2511 1084 2556 plurimum
1100 2510 1190 2555 apud
1205 2509 1349 2543 homines
1364 2508 1543 2542 defluxisse
1557 2509 1718 2543 arbitror.

277 2565 351 2587 cum
369 2555 453 2588 enim
474 2566 585 2588 rerum
605 2567 690 2600 quae
711 2567 732 2589 a
758 2556 870 2590 divina
895 2555 1108 2601 providentia
1124 2555 1396 2601 proficiscuntur,
1429 2554 1590 2587 rationem
1604 2555 1720 2600 perci·-

274 2610 357 2644 pere
374 2611 438 2633 non
452 2605 612 2644 possunt,
644 2601 722 2634 dum
746 2606 882 2645 praeter
905 2601 1089 2646 opinionem
1112 2601 1266 2634 videntur
1280 2598 1452 2641 accidere,
1476 2610 1589 2633 earum
1605 2600 1718 2634 exitus

270 2645 430 2678 fortunae
451 2645 652 2679 adscribunt.
699 2647 759 2679 sed
786 2647 828 2680 de
852 2646 902 2679 his
925 2650 1028 2691 prout
1042 2646 1162 2691 cuique
1176 2645 1303 2679 libitum
1320 2644 1422 2678 fuerit
1446 2649 1605 2688 censeat,
1629 2644 1717 2679 scri-

275 2690 397 2723 batve:
422 2700 483 2722 nos
497 2694 606 2723 autem
622 2691 663 2724 ad
687 2692 873 2725 institutum
896 2692 1080 2726 redeamus.
1128 2702 1200 2724 curn
1213 2689 1315 2733 igitur
1330 2701 1371 2723 eo
1387 2690 1595 2734 pervenisset
1609 2690 1718 2735 impe-

273 2740 391 2776 rator,
423 2734 564 2778 fierique
590 2736 676 2768 haud
707 2747 807 2780 posse
837 2737 1050 2780 agnovisset,
1080 2740 1118 2769 ut
1141 2737 1334 2779 Stephanus
1357 2734 1550 2779 Hungariae
1575 2746 1717 2780 regnum

273 2779 515 2826 adipisceretur
531 2781 755 2825 (Stephanum
770 2782 893 2826 quippe
914 2782 1041 2815 Geizae
1056 2781 1160 2814 filium
1177 2780 1296 2814 iterum
1311 2780 1527 2814 restituerant
1541 2779 1716 2824 nungari)

272 2825 338 2859 alio
353 2835 391 2858 se
403 2825 580 2859 convertit.
626 2826 830 2869 Hungariam
846 2827 931 2860 enim
943 2853 954 2870 a
977 2827 1024 2860 uti
1039 2826 1162 2859 dictum
1178 2829 1230 2858 est
1243 2850 1253 2867 ,
1276 2825 1309 2858 in
1326 2825 1432 2859 medio
1449 2825 1715 2871 Occidentassum

271 2869 438 2906 nationum
452 2870 594 2917 positam
608 2870 671 2908 sibi
687 2881 880 2916 comparare
895 2873 976 2907 totis
991 2871 1117 2907 viribus
1130 2871 1315 2915 satagebat.
1363 2877 1570 2918 quapropter
1585 2871 1717 2912 ΒεΙιιιιι,Δ
