1878 3262
606 218 1002 263 HISTORIARUM
1034 220 1089 264 1„
1114 219 1169 262 Π.
1567 219 1633 267 65

161 333 239 390 γὰρ
262 330 794 390 ἀποβλήτῳξυνοικίζεσθαι
815 330 1021 390 αῧτάρκης
1037 332 1302 391 κοιϊτῃόριά.’δ
1351 335 1391 377 οἶ
1408 335 1483 389 μὲν
1501 339 1631 378 ταῦτα

159 403 229 444 καὶ
247 405 416 444 τοιαῦτα
430 401 566 458 ἔλεγον
581 415 592 426 ·
628 400 739 452 ὅσοις
761 402 806 444 δὲ
830 401 891 444 δι’
906 402 1137 456 ,ἀπεχθείας
1157 400 1178 445 ὅ
1201 403 1410 460 ἀρχιερεὺς
1426 398 1497 459 ἦν,
1525 404 1624 447 ἀπε-
1647 410 1682 444 V
1704 411 1749 446 29

158 474 316 525 βοῶντο
335 469 559 528 διαρρήδην
575 468 839 513 ε’πεκαλοῦντό
857 487 901 512 τε
920 470 1016 520 τοὺς
1033 475 1138 513 θεοῦ
1156 473 1223 514 καὶ
1243 473 1445 526 βασιλέως
1464 473 1631 530 ὀφθαλ-

159 537 276 594 μούς.
345 537 367 582 ὃ
388 540 431 582 δὲ
453 540 558 582 ἀλλὰ
578 544 658 582 τῶν
677 540 751 593 μὲν
768 536 972 595 ὀλιγώρως
992 536 1070 592 εἶχε
1087 539 1342 593 παντάπασι,
1376 545 1452 583 τοῦ
1472 543 1516 584 δὲ
1533 539 1627 597 Νή-

124 619 148 655 5
162 624 299 665 φωνος
320 608 441 665 ἀπρὶξ
459 608 584 662 εἴχετο
595 640 608 660 ,
643 608 734 658 οὔδ’
755 606 805 649 ἂν
825 607 915 654 εἴτι
935 609 1003 649 καὶ
1022 608 1173 663 γε’νοιτο
1193 609 1455 652 ἀποκλᾶσθαι
1479 610 1628 665 ἤθελεν

160 676 287 719 αὐτοῦ
298 691 309 702 ·
346 677 482 731 ἀμέλει
508 679 574 720 καὶ
600 676 748 719 ἔλαθεν
766 674 910 719 ἑαυτὸν
928 681 978 733 τῇ
1000 678 1090 718 λιάν
1112 674 1306 732 ἁπλότητι
1324 679 1366 719 ἒν
1383 679 1430 720 οὗ
1450 681 1629 736 μετρίοις

158 747 389 800 ζημιωθείς.
457 747 539 788 ἐπεὶ
553 749 649 802 γοῦν
663 762 783 797 ποτε,
815 745 1016 800 βασιλέως
1034 743 1294 796 κελεύσαντος
1315 746 1451 803 εἱρκτῇ
1465 750 1531 790 καὶ
1551 743 1627 790 αὗ-

155 818 230 864 θις
261 816 434 870 δοθῆναι
467 814 538 857 τὸν
569 813 789 871 ἄνθρωπον
798 846 813 866 ,
848 818 1038 871 παρῆσαν
1071 814 1109 856 οἱ
1139 818 1282 856 τοῦτον
1304 813 1544 866 ἀπάξοντες,
1580 816 1626 859 τὸ

156 884 231 937 μὲν
250 888 411 940 πρῶτον
431 888 580 941 μικροῦ
599 885 666 925 καὶ
687 885 743 933 εἷς
764 883 945 940 ἀφασίαν
964 881 1243 935 ἐξεπεπτώκει,
1275 882 1570 938 ἀναλεξάμενος
1587 886 1630 927 δὲ
1653 892 1686 928 D

102 960 148 995 10
158 950 302 994 ἑαυτὸν
329 954 427 1008 πεζῇ
453 970 495 995 τε
524 953 642 1010 μέχρι
673 953 740 994 καὶ
766 953 830 994 ε’πὶ
850 952 924 1006 τὴν
944 950 1084 994 αὔλιον
1102 957 1176 994 τοῦ
1191 952 1267 995 νεώ
1286 953 1506 1009 παρελθὼν
1526 953 1630 996 ἀπο-

97 1027 99 1031 ’
156 1025 263 1063 σπᾶν
291 1021 479 1077 ἐπεχείρει
506 1025 587 1063 τῶν
611 1019 847 1076 ἂπαγόντων
863 1020 932 1062 τὸν
953 1020 1185 1077 ἄνθρωπον.
1255 1025 1337 1063 τιῦν
1360 1022 1403 1064 δὲ
1426 1022 1500 1064 οὐκ
1523 1023 1630 1064 ε’νδι-

156 1088 308 1132 δόντων
334 1087 636 1145 ξυναπάγεσθαι
668 1088 798 1147 τούτῳ
825 1089 899 1144 τὴν
925 1090 987 1131 ε’πὶ
1009 1089 1081 1145 τὴν
1105 1090 1263 1146 εἱρκτὴν
1282 1089 1418 1145 ἤθελε.
1488 1089 1630 1141 στάσις

154 1158 340 1200 ἐντεῦθεν
367 1156 444 1212 εἶχε
470 1158 544 1213 τὴν
577 1159 811 1213 ἐκκλησίαν,
847 1160 914 1201 καὶ
947 1156 967 1201 ὃ
995 1161 1170 1212 Κοσμᾶς
1195 1160 1237 1200 ἐν
1271 1160 1420 1209 αἰτίαις
1446 1153 1509 1214 ἦν.
1580 1159 1628 1202 οὗ

153 1224 347 1283 πρότερόν
379 1244 422 1270 τε
445 1231 527 1269 τῶν
557 1225 747 1285 ταράχων
775 1225 930 1270 τούτων
958 1226 1093 1270 ἐλύετο
1101 1259 1114 1279 ,
1160 1229 1253 1285 πρὶν
1282 1226 1331 1269 ἂν
1359 1229 1561 1281 βασιλέως
1586 1229 1628 1270 ἓν

102 1298 144 1335 15
155 1297 364 1353 Βυζαντίῳ
395 1294 603 1352 γεγονότος
637 1294 853 1352 (ἐτύγχανε
874 1296 952 1352 γὰρ
974 1303 1058 1347 τοῖς
1078 1298 1284 1350 πολεμίοις
1305 1295 1362 1338 ἔτι
1383 1295 1629 1350 πονούμενος

153 1363 310 1422 ἔργοις)
346 1364 547 1414 ἴκπτωτος
577 1364 745 1420 ἐγεγόνει
776 1369 852 1407 τοῦ
872 1364 1028 1421 θρόνου
1059 1363 1196 1422 τρόπῳ
1228 1359 1336 1423 ᾧπερ
1368 1365 1492 1415 αὐτὸς
1526 1366 1629 1422 ε’ρῶν

152 1433 336 1490 ἔρχομαι.
403 1437 485 1476 τῶν
516 1433 594 1490 γὰρ
623 1434 840 1490 ἀρχιερέων
864 1435 947 1492 ἰδίᾳ
971 1434 1224 1490 παραλαβὼν
1250 1435 1419 1476 ἕκαστον
1443 1433 1627 1476 ἐπυνθά-

150 1519 239 1545 νετο
272 1501 381 1551 ὅπως
413 1502 524 1560 αὐτῷ
540 1503 582 1552 ἒς
601 1502 804 1556 εὐσέβειαν
821 1501 842 1544 ὃ
860 1501 1020 1559 Νήφων
1038 1502 1140 1556 ἔχειν
1159 1504 1278 1545 δοκεῖ’.
1349 1506 1430 1544 τῶν
1458 1503 1502 1545 δὲ
1530 1501 1627 1545 ἑκά-

151 1587 249 1614 στου
271 1570 316 1613 τὸ
338 1569 450 1629 αὐτῷ
467 1569 766 1628 παριστάμενον
786 1571 861 1613 σὺν
881 1571 1054 1630 ἀληθεία
1076 1569 1399 1628 διαγορεύοντος,
1425 1571 1538 1621 τέλος
1557 1573 1624 1613 καὶ
1648 1583 1679 1617 Ρ
1701 1585 1747 1619 37

96 1641 213 1684 Ξοὲπὶ
230 1641 405 1694 Κοσμᾶν
418 1639 653 1694 τὴν,πεῦσιν
669 1644 827 1695 μετῆγε.
895 1642 964 1682 καὶ
987 1638 1032 1690 ὃς
1049 1640 1195 1682 αὐτίκα
1221 1638 1349 1682 πολὺν
1370 1644 1445 1682 τοῦ
1461 1638 1624 1697 Νήφω-

150 1726 220 1759 νος
244 1708 349 1751 κατὰ
376 1708 422 1750 τὸ
458 1709 604 1759 εἶωθὸς
633 1710 832 1762 ἔσχεδιάζε
854 1708 925 1751 τὸν
946 1707 1194 1765 αῗνετήριον,
1225 1709 1372 1763 εὐσεβῆ
1392 1725 1434 1751 τε
1458 1708 1623 1765 ἀπαρα-

151 1775 364 1826 καλύπτως
380 1777 502 1819 αὐτὸν
523 1778 738 1820 ἀποκαλῶν
758 1779 825 1819 καὶ
849 1779 890 1827 ἔς
909 1778 1054 1834 ἀρετὴν
1078 1775 1374 1834 ἀπαράμιλλον.
1443 1778 1622 1820 τέθειται

152 1846 197 1890 δὲ
215 1850 344 1888 ταῦτα
362 1846 424 1887 ἐπὶ
443 1844 643 1900 βήματος,
666 1848 734 1888 καὶ
754 1845 774 1888 ὃ
791 1846 984 1900 βασιλεὺς
1001 1840 1130 1896 αὖθις·
1146 1847 1218 1888 οὐκ
1237 1845 1294 1888 ἔτι
1314 1845 1420 1887 καθ’
1439 1846 1509 1887 ἵνα
1525 1846 1622 1895 τούς

240 1954 274 1989 2.
299 1950 540 1999 ἀπεβοῶντο]
566 1954 831 1999 κατεβοῶντοί)
969 1954 1003 1988 6.
1026 1953 1072 1998 τῇ
1096 1952 1200 1998 λίαν]
1225 1952 1313 1989 eod.
1336 1950 1381 1988 τὸ
1406 1951 1502 1989 λίαν.
1546 1964 1621 1988 cor-

238 1999 328 2034 rexit
349 1999 494 2034 Tollius.

147 2097 230 2127 tate.
278 2103 351 2126 cum
375 2091 508 2125 homine
530 2090 616 2125 enim
639 2090 743 2124 sacris
757 2089 938 2125 interdicto
954 2090 1171 2132 cohabitare,
1201 2101 1265 2135 per
1279 2101 1317 2124 se
1330 2090 1451 2124 idonea
1466 2090 1549 2124 satis
1564 2093 1618 2124 est

147 2138 331 2173 accusatio·
340 2137 360 2153 ''
407 2138 491 2172 haec
514 2142 551 2170 et
575 2137 694 2171 similia
719 2136 766 2170 illi
791 2137 1002 2180 ingerebant.
1050 2136 1106 2181 qui
1120 2147 1203 2170 vero
1219 2136 1443 2181 patriarcham
1461 2136 1617 2178 oderant,

147 2185 404 2219 obtestabantur
429 2184 560 2228 palam,
593 2183 877 2228 appellabantque
897 2182 951 2216 dei
970 2188 1005 2216 et
1021 2182 1234 2227 imperatoris
1259 2182 1384 2216 oculos.
1431 2186 1468 2216 nt
1481 2182 1539 2216 ille
1554 2193 1617 2216 ne·-

145 2231 266 2276 glectis
281 2230 321 2263 iis
336 2230 506 2264 mordicus
522 2229 730 2263 adhaerebat
746 2229 915 2273 Niphoni;
947 2239 1058 2273 neque
1082 2228 1183 2262 etiam
1199 2227 1228 2261 si
1243 2228 1324 2272 quid
1347 2227 1536 2262 immineret
1551 2227 1615 2262 da-

146 2277 233 2319 mni,
262 2277 305 2310 ab
320 2287 361 2309 eo
377 2287 416 2309 se
431 2275 546 2309 diveui
561 2275 771 2319 patiebatur:
801 2274 891 2308 unde
905 2286 949 2308 ex
963 2274 1062 2308 nimia
1076 2273 1308 2319 simplicitate,
1337 2274 1460 2308 suimet
1476 2273 1614 2318 oblitus,

146 2333 285 2367 magnas
300 2321 445 2356 incurrit
460 2321 682 2356 calamitates.
730 2320 856 2365 quippe
872 2332 944 2354 cum
961 2320 1124 2354 hominem
1139 2331 1272 2354 rursum
1287 2319 1419 2354 carceri
1434 2319 1620 2364 mancipari

146 2368 378 2414 praecepisset
393 2368 548 2413 princeps
561 2395 570 2411 ,
598 2367 824 2411 adessentque
839 2365 992 2408 ducturi,
1020 2366 1127 2411 primo
1143 2366 1277 2411 quidem
1294 2365 1380 2400 baud
1395 2366 1535 2399 multum
1551 2365 1617 2398 ab·

145 2415 212 2448 fuit
228 2414 308 2459 quin
323 2414 548 2459 patriarcham
562 2420 632 2446 vox
646 2413 817 2446 deficeret.
864 2412 1007 2446 collecto
1035 2412 1166 2446 demum
1189 2412 1310 2457 spiritu
1322 2437 1333 2453 ‚
1364 2411 1410 2445 ad
1425 2411 1542 2455 templi
1557 2422 1617 2444 us—

147 2471 215 2505 que
241 2460 334 2493 fores
358 2470 582 2505 progressus,
615 2470 637 2492 a
663 2458 844 2492 satellitum
868 2459 1017 2492 manibus
1037 2464 1177 2492 conatus
1201 2462 1255 2491 est
1269 2457 1439 2499 avellere3
1472 2467 1616 2501 cumque

145 2506 355 2540 reluctarent
368 2505 416 2548 ii,
443 2516 509 2539 una
524 2516 598 2539 cum
613 2504 669 2538 illo
684 2504 739 2548 agi
753 2504 787 2537 in
803 2516 974 2538 carcerem
989 2504 1139 2538 volebat.
1184 2503 1263 2537 inde
1278 2508 1398 2536 enatae
1412 2502 1447 2535 in
1470 2501 1617 2536 ecclesia

147 2551 397 2596 contentiones,
421 2551 496 2596 ipso
511 2551 636 2585 Cosma
651 2551 684 2584 in
699 2549 854 2584 iudicium
871 2555 1014 2595 vocato,
1041 2562 1105 2584 nec
1118 2554 1197 2583 ante
1212 2550 1255 2583 ab
1272 2548 1475 2582 eiuscemodi
1489 2548 1616 2582 tumul-

145 2597 237 2631 tibus
252 2597 397 2632 liberata
411 2603 463 2631 est
473 2624 483 2640 ‚
515 2608 615 2642 quam
630 2608 667 2630 se
682 2597 728 2640 B>
735 2596 881 2630 zantium
895 2596 1079 2641 imperator
1093 2595 1224 2639 recepit
1235 2619 1246 2635 ‚
1277 2605 1377 2639 quem
1393 2594 1437 2627 ad
1456 2594 1543 2628 banc
1557 2605 1616 2627 us-

147 2653 214 2687 que
235 2643 322 2677 diem
345 2655 402 2677 res
423 2643 563 2678 bellicae
583 2643 808 2676 detinuerant.
855 2648 926 2676 tum
953 2642 1039 2676 enim
1062 2641 1120 2675 ille
1139 2641 1260 2675 throno
1287 2640 1427 2683 excidit,
1458 2651 1499 2673 eo
1515 2651 1615 2684 quem

147 2699 227 2722 mox
250 2688 400 2723 dicturus
426 2700 499 2723 sum
523 2689 636 2722 modo.
684 2694 719 2722 at
737 2687 878 2733 primum
893 2688 1026 2733 quidem
1041 2686 1221 2732 separatim
1238 2686 1410 2731 praesules
1433 2685 1613 2728 allocutus,

145 2733 426 2779 interrogansque
449 2735 492 2770 de
505 2734 576 2769 fide
592 2739 628 2768 et
642 2735 768 2780 pietate
784 2734 952 2780 Niphonis
964 2761 975 2777 ‚
1007 2733 1147 2777 singulis
1161 2732 1197 2765 id
1211 2731 1302 2777 quod
1319 2738 1392 2766 erat
1406 2743 1490 2766 vere
1507 2742 1613 2765 enun-

146 2779 307 2814 tiantibus
319 2807 330 2824 ,
349 2780 484 2815 tandem
500 2785 536 2815 et
549 2781 624 2826 ipse
639 2791 742 2826 super
757 2792 799 2814 eo
814 2785 955 2825 rogatus
971 2784 1025 2814 est
1041 2780 1203 2820 Cosmas3
1231 2778 1289 2823 qui
1302 2777 1337 2811 in
1354 2777 1522 2823 Niphonis
1536 2777 1613 2810 lau-

148 2825 210 2858 des
234 2824 430 2868 humanm,
460 2832 563 2872 prout
577 2830 824 2867 consueverat,
854 2839 899 2861 ex
913 2831 1066 2871 tempore
1081 2835 1284 2865 conversus,
1317 2823 1407 2869 pium
1422 2823 1514 2857 illum
1531 2833 1614 2867 pro-

147 2871 259 2917 palam
284 2872 488 2916 profitetur,
518 2872 711 2919 virtuteque
736 2872 859 2908 nemini
883 2871 1135 2908 conferendum.
1182 2881 1239 2905 res
1256 2870 1392 2904 taudem
1407 2869 1451 2904 ad
1466 2866 1612 2903 tribunal

204 2923 402 2958 Cinnamus.
1311 2918 1337 2958 5
