<?xml version="1.0" encoding="UTF-8"?>
<!DOCTYPE html PUBLIC "-//W3C//DTD XHTML 1.0 Transitional//EN"
    "http://www.w3.org/TR/xhtml1/DTD/xhtml1-transitional.dtd">
<html xmlns="http://www.w3.org/1999/xhtml" xml:lang="en" lang="en">
 <head>
  <title>
</title>
<meta http-equiv="Content-Type" content="text/html;charset=utf-8" />
  <meta name='ocr-system' content='tesseract 3.04.00' />
  <meta name='ocr-capabilities' content='ocr_page ocr_carea ocr_par ocr_line ocrx_word'/>
</head>
<body>
  <div class='ocr_page' id='page_1' title='image "./corpusscriptorum26niebuoft_0680.png"; bbox 0 0 1878 3262; ppageno 0'>
   <div class='ocr_carea' id='block_1_1' title="bbox 282 249 1302 299">
    <p class='ocr_par' dir='ltr' id='par_1_1' title="bbox 282 249 1302 299">
     <span class='ocr_line' id='line_1_1' title="bbox 282 249 1302 299; baseline -0.006 0"><span class='ocrx_word' id='word_1_1' title='bbox 282 253 380 299; x_wconf 78' lang='lat'><strong>220</strong></span> <span class='ocrx_word' id='word_1_2' title='bbox 735 249 940 294; x_wconf 86' lang='lat' dir='ltr'><strong>GAROLI</strong></span> <span class='ocrx_word' id='word_1_3' title='bbox 971 251 1053 294; x_wconf 93' lang='lat' dir='ltr'><strong>DU</strong></span> <span class='ocrx_word' id='word_1_4' title='bbox 1088 250 1302 294; x_wconf 88' lang='lat' dir='ltr'><strong>FRESNE</strong></span> 
     </span>
    </p>
   </div>
   <div class='ocr_carea' id='block_1_2' title="bbox 275 358 1734 752">
    <p class='ocr_par' dir='ltr' id='par_1_2' title="bbox 275 358 1734 752">
     <span class='ocr_line' id='line_1_2' title="bbox 277 358 1734 414; baseline -0.001 -15"><span class='ocrx_word' id='word_1_5' title='bbox 277 360 444 414; x_wconf 82' lang='lat' dir='ltr'><strong>proinde</strong></span> <span class='ocrx_word' id='word_1_6' title='bbox 462 360 594 399; x_wconf 81' lang='lat' dir='ltr'><strong>statim</strong></span> <span class='ocrx_word' id='word_1_7' title='bbox 615 366 704 413; x_wconf 88' lang='lat' dir='ltr'><strong>post</strong></span> <span class='ocrx_word' id='word_1_8' title='bbox 724 359 1019 412; x_wconf 84' lang='lat' dir='ltr'><strong>expeditionem</strong></span> <span class='ocrx_word' id='word_1_9' title='bbox 1031 359 1139 398; x_wconf 87' lang='lat' dir='ltr'><strong>illam</strong></span> <span class='ocrx_word' id='word_1_10' title='bbox 1156 358 1346 409; x_wconf 88' lang='lat' dir='ltr'><strong>Siculam,</strong></span> <span class='ocrx_word' id='word_1_11' title='bbox 1387 358 1498 398; x_wconf 83' lang='lat' dir='ltr'><strong>cuius</strong></span> <span class='ocrx_word' id='word_1_12' title='bbox 1523 372 1620 398; x_wconf 87' lang='lat' dir='ltr'><strong>mox</strong></span> <span class='ocrx_word' id='word_1_13' title='bbox 1647 370 1734 398; x_wconf 83' lang='lat' dir='ltr'><strong>me-</strong></span> 
     </span>
     <span class='ocr_line' id='line_1_3' title="bbox 277 414 1734 469; baseline -0.001 -13"><span class='ocrx_word' id='word_1_14' title='bbox 277 418 384 456; x_wconf 86' lang='lat' dir='ltr'><strong>mini.</strong></span> <span class='ocrx_word' id='word_1_15' title='bbox 453 417 621 468; x_wconf 80' lang='lat' dir='ltr'><strong>Diogene</strong></span> <span class='ocrx_word' id='word_1_16' title='bbox 651 432 732 456; x_wconf 92' lang='lat' dir='ltr'><strong>non</strong></span> <span class='ocrx_word' id='word_1_17' title='bbox 757 417 883 456; x_wconf 91' lang='lat' dir='ltr'><strong>multo</strong></span> <span class='ocrx_word' id='word_1_18' title='bbox 918 423 1017 469; x_wconf 64' lang='lat' dir='ltr'><strong>post·</strong></span> <span class='ocrx_word' id='word_1_19' title='bbox 1052 422 1310 454; x_wconf 82' lang='lat' dir='ltr'><strong>exauctorato</strong></span> <span class='ocrx_word' id='word_1_20' title='bbox 1350 414 1512 467; x_wconf 88' lang='lat' dir='ltr'><strong>ipsoque</strong></span> <span class='ocrx_word' id='word_1_21' title='bbox 1553 416 1734 467; x_wconf 85' lang='lat' dir='ltr'><strong>Crispino</strong></span> 
     </span>
     <span class='ocr_line' id='line_1_4' title="bbox 276 472 1734 526; baseline -0.003 -12"><span class='ocrx_word' id='word_1_22' title='bbox 276 474 451 514; x_wconf 83' lang='lat' dir='ltr'><strong>venefica</strong></span> <span class='ocrx_word' id='word_1_23' title='bbox 474 475 634 526; x_wconf 88' lang='lat' dir='ltr'><strong>potione</strong></span> <span class='ocrx_word' id='word_1_24' title='bbox 655 475 703 511; x_wconf 91' lang='lat' dir='ltr'><strong>ab</strong></span> <span class='ocrx_word' id='word_1_25' title='bbox 724 473 994 513; x_wconf 88' lang='lat' dir='ltr'><strong>invidentibus</strong></span> <span class='ocrx_word' id='word_1_26' title='bbox 1014 473 1171 511; x_wconf 88' lang='lat' dir='ltr'><strong>Graecis</strong></span> <span class='ocrx_word' id='word_1_27' title='bbox 1189 473 1364 521; x_wconf 88' lang='lat' dir='ltr'><strong>sublato,</strong></span> <span class='ocrx_word' id='word_1_28' title='bbox 1392 472 1605 521; x_wconf 87' lang='lat' dir='ltr'><strong>universis,</strong></span> <span class='ocrx_word' id='word_1_29' title='bbox 1634 484 1734 523; x_wconf 87' lang='lat' dir='ltr'><strong>quae</strong></span> 
     </span>
     <span class='ocr_line' id='line_1_5' title="bbox 276 528 1732 583; baseline -0.001 -15"><span class='ocrx_word' id='word_1_30' title='bbox 276 543 322 568; x_wconf 89' lang='lat' dir='ltr'><strong>ea</strong></span> <span class='ocrx_word' id='word_1_31' title='bbox 352 537 582 582; x_wconf 82' lang='lat' dir='ltr'><strong>tempestate</strong></span> <span class='ocrx_word' id='word_1_32' title='bbox 606 531 832 583; x_wconf 83' lang='lat' dir='ltr'>Byzantinis</span> <span class='ocrx_word' id='word_1_33' title='bbox 859 530 1084 574; x_wconf 84' lang='lat' dir='ltr'><strong>merebant,</strong></span> <span class='ocrx_word' id='word_1_34' title='bbox 1123 529 1319 567; x_wconf 81' lang='lat' dir='ltr'><strong>Francicis</strong></span> <span class='ocrx_word' id='word_1_35' title='bbox 1344 528 1467 580; x_wconf 86' lang='lat' dir='ltr'><strong>copiis</strong></span> <span class='ocrx_word' id='word_1_36' title='bbox 1492 528 1732 579; x_wconf 85' lang='lat' dir='ltr'><strong>praeficitur,</strong></span> 
     </span>
     <span class='ocr_line' id='line_1_6' title="bbox 275 584 1733 639; baseline -0.002 -14"><span class='ocrx_word' id='word_1_37' title='bbox 275 587 466 626; x_wconf 71' lang='lat' dir='ltr'><strong>Michacle</strong></span> <span class='ocrx_word' id='word_1_38' title='bbox 496 589 603 625; x_wconf 89' lang='lat' dir='ltr'><strong>Duca</strong></span> <span class='ocrx_word' id='word_1_39' title='bbox 628 588 858 639; x_wconf 86' lang='lat' dir='ltr'><strong>imperante.</strong></span> <span class='ocrx_word' id='word_1_40' title='bbox 915 586 984 625; x_wconf 87' lang='lat' dir='ltr'><strong>sed</strong></span> <span class='ocrx_word' id='word_1_41' title='bbox 1013 592 1170 638; x_wconf 88' lang='lat' dir='ltr'><strong>captata</strong></span> <span class='ocrx_word' id='word_1_42' title='bbox 1199 591 1288 637; x_wconf 87' lang='lat' dir='ltr'><strong>post</strong></span> <span class='ocrx_word' id='word_1_43' title='bbox 1310 585 1407 623; x_wconf 92' lang='lat' dir='ltr'><strong>haec</strong></span> <span class='ocrx_word' id='word_1_44' title='bbox 1438 584 1535 623; x_wconf 85' lang='lat' dir='ltr'><strong>levis</strong></span> <span class='ocrx_word' id='word_1_45' title='bbox 1565 585 1733 623; x_wconf 84' lang='lat' dir='ltr'><strong>offensae</strong></span> 
     </span>
     <span class='ocr_line' id='line_1_7' title="bbox 277 641 1733 696; baseline -0.002 -14"><span class='ocrx_word' id='word_1_46' title='bbox 277 645 482 682; x_wconf 86' lang='lat' dir='ltr'><strong>occasione</strong></span> <span class='ocrx_word' id='word_1_47' title='bbox 506 658 596 683; x_wconf 91' lang='lat' dir='ltr'><strong>cum</strong></span> <span class='ocrx_word' id='word_1_48' title='bbox 622 644 705 685; x_wconf 86' lang='lat'><strong>400</strong></span> <span class='ocrx_word' id='word_1_49' title='bbox 730 642 986 696; x_wconf 86' lang='lat' dir='ltr'><strong>popularibus</strong></span> <span class='ocrx_word' id='word_1_50' title='bbox 1017 642 1274 680; x_wconf 83' lang='lat' dir='ltr'><strong>desectionem</strong></span> <span class='ocrx_word' id='word_1_51' title='bbox 1310 641 1470 680; x_wconf 88' lang='lat' dir='ltr'><strong>molitus</strong></span> <span class='ocrx_word' id='word_1_52' title='bbox 1498 641 1733 692; x_wconf 78' lang='lat' dir='ltr'><strong>Lycaoniam</strong></span> 
     </span>
     <span class='ocr_line' id='line_1_8' title="bbox 277 697 1734 752; baseline -0.003 -14"><span class='ocrx_word' id='word_1_53' title='bbox 277 706 318 738; x_wconf 85' lang='lat' dir='ltr'><strong>et</strong></span> <span class='ocrx_word' id='word_1_54' title='bbox 335 700 528 739; x_wconf 82' lang='lat' dir='ltr'><strong>Galatiam</strong></span> <span class='ocrx_word' id='word_1_55' title='bbox 547 701 727 751; x_wconf 84' lang='lat' dir='ltr'><strong>infestat,</strong></span> <span class='ocrx_word' id='word_1_56' title='bbox 766 700 972 752; x_wconf 88' lang='lat' dir='ltr'><strong>oppida.et</strong></span> <span class='ocrx_word' id='word_1_57' title='bbox 991 706 1116 737; x_wconf 81' lang='lat' dir='ltr'><strong>eastra</strong></span> <span class='ocrx_word' id='word_1_58' title='bbox 1138 704 1356 750; x_wconf 85' lang='lat' dir='ltr'><strong>expugnat,</strong></span> <span class='ocrx_word' id='word_1_59' title='bbox 1385 711 1494 751; x_wconf 28' lang='lat' dir='ltr'><strong>agi-*os</strong></span> <span class='ocrx_word' id='word_1_60' title='bbox 1515 697 1734 749; x_wconf 56' lang='lat' dir='ltr'><strong>depopulaa</strong></span> 
     </span>
    </p>
   </div>
   <div class='ocr_carea' id='block_1_3' title="bbox 274 755 1801 807">
    <p class='ocr_par' dir='ltr' id='par_1_3' title="bbox 274 755 1801 807">
     <span class='ocr_line' id='line_1_9' title="bbox 274 755 1801 807; baseline -0.001 -12"><span class='ocrx_word' id='word_1_61' title='bbox 274 762 366 807; x_wconf 88' lang='lat' dir='ltr'><strong>tur,</strong></span> <span class='ocrx_word' id='word_1_62' title='bbox 405 757 589 795; x_wconf 88' lang='lat' dir='ltr'><strong>loannem</strong></span> <span class='ocrx_word' id='word_1_63' title='bbox 621 758 766 796; x_wconf 86' lang='lat' dir='ltr'><strong>Ducam</strong></span> <span class='ocrx_word' id='word_1_64' title='bbox 791 758 991 796; x_wconf 89' lang='lat' dir='ltr'><strong>Caesarem</strong></span> <span class='ocrx_word' id='word_1_65' title='bbox 1016 770 1037 794; x_wconf 89' lang='lat' dir='ltr'><strong>a</strong></span> <span class='ocrx_word' id='word_1_66' title='bbox 1059 755 1244 794; x_wconf 74' lang='lat' dir='ltr'><strong>Michaele</strong></span> <span class='ocrx_word' id='word_1_67' title='bbox 1266 755 1503 807; x_wconf 86' lang='lat' dir='ltr'><strong>imperatore</strong></span> <span class='ocrx_word' id='word_1_68' title='bbox 1530 767 1582 792; x_wconf 82' lang='lat' dir='ltr'><strong>ex</strong></span> <span class='ocrx_word' id='word_1_69' title='bbox 1608 755 1732 793; x_wconf 83' lang='lat' dir='ltr'><strong>fratre</strong></span> <span class='ocrx_word' id='word_1_70' title='bbox 1799 800 1801 802; x_wconf 32' lang='grc'>,</span> 
     </span>
    </p>
   </div>
   <div class='ocr_carea' id='block_1_4' title="bbox 132 810 1733 2841">
    <p class='ocr_par' dir='ltr' id='par_1_4' title="bbox 132 810 1733 2841">
     <span class='ocr_line' id='line_1_10' title="bbox 274 810 1733 865; baseline -0.002 -14"><span class='ocrx_word' id='word_1_71' title='bbox 274 819 417 865; x_wconf 90' lang='lat' dir='ltr'><strong>nepote</strong></span> <span class='ocrx_word' id='word_1_72' title='bbox 445 827 535 854; x_wconf 88' lang='lat' dir='ltr'><strong>cum</strong></span> <span class='ocrx_word' id='word_1_73' title='bbox 560 814 703 852; x_wconf 90' lang='lat' dir='ltr'><strong>idoneo</strong></span> <span class='ocrx_word' id='word_1_74' title='bbox 733 814 775 852; x_wconf 89' lang='lat' dir='ltr'><strong>in</strong></span> <span class='ocrx_word' id='word_1_75' title='bbox 799 826 839 851; x_wconf 87' lang='lat' dir='ltr'><strong>se</strong></span> <span class='ocrx_word' id='word_1_76' title='bbox 866 813 1028 851; x_wconf 88' lang='lat' dir='ltr'><strong>missum</strong></span> <span class='ocrx_word' id='word_1_77' title='bbox 1059 813 1235 851; x_wconf 85' lang='lat' dir='ltr'><strong>exercitu</strong></span> <span class='ocrx_word' id='word_1_78' title='bbox 1273 812 1408 850; x_wconf 88' lang='lat' dir='ltr'><strong>fundit</strong></span> <span class='ocrx_word' id='word_1_79' title='bbox 1437 810 1615 863; x_wconf 88' lang='lat' dir='ltr'><strong>capitque</strong></span> <span class='ocrx_word' id='word_1_80' title='bbox 1651 823 1733 848; x_wconf 81' lang='lat' dir='ltr'><strong>una</strong></span> 
     </span>
     <span class='ocr_line' id='line_1_11' title="bbox 275 867 1733 920; baseline -0.003 -11"><span class='ocrx_word' id='word_1_81' title='bbox 275 884 367 909; x_wconf 89' lang='lat' dir='ltr'><strong>cum</strong></span> <span class='ocrx_word' id='word_1_82' title='bbox 384 870 612 909; x_wconf 87' lang='lat' dir='ltr'><strong>Andronico</strong></span> <span class='ocrx_word' id='word_1_83' title='bbox 632 871 724 909; x_wconf 89' lang='lat' dir='ltr'><strong>filio.</strong></span> <span class='ocrx_word' id='word_1_84' title='bbox 781 870 1077 908; x_wconf 86' lang='lat' dir='ltr'><strong>transeuntibus</strong></span> <span class='ocrx_word' id='word_1_85' title='bbox 1092 869 1242 908; x_wconf 88' lang='lat' dir='ltr'><strong>interea</strong></span> <span class='ocrx_word' id='word_1_86' title='bbox 1258 869 1299 906; x_wconf 89' lang='lat' dir='ltr'><strong>in</strong></span> <span class='ocrx_word' id='word_1_87' title='bbox 1316 882 1404 906; x_wconf 88' lang='lat' dir='ltr'><strong>suas</strong></span> <span class='ocrx_word' id='word_1_88' title='bbox 1422 873 1553 920; x_wconf 87' lang='lat' dir='ltr'><strong>partes</strong></span> <span class='ocrx_word' id='word_1_89' title='bbox 1573 867 1733 906; x_wconf 85' lang='lat' dir='ltr'><strong>Francis</strong></span> 
     </span>
     <span class='ocr_line' id='line_1_12' title="bbox 275 924 1733 978; baseline -0.003 -13"><span class='ocrx_word' id='word_1_90' title='bbox 275 927 361 965; x_wconf 80' lang='lat' dir='ltr'><strong>aliis</strong></span> <span class='ocrx_word' id='word_1_91' title='bbox 379 927 445 978; x_wconf 92' lang='lat' dir='ltr'><strong>qui</strong></span> <span class='ocrx_word' id='word_1_92' title='bbox 465 928 617 965; x_wconf 81' lang='lat' dir='ltr'><strong>Caesari</strong></span> <span class='ocrx_word' id='word_1_93' title='bbox 636 926 872 971; x_wconf 85' lang='lat' dir='ltr'><strong>militabant,</strong></span> <span class='ocrx_word' id='word_1_94' title='bbox 901 926 1103 978; x_wconf 88' lang='lat' dir='ltr'><strong>potentior</strong></span> <span class='ocrx_word' id='word_1_95' title='bbox 1127 927 1250 964; x_wconf 86' lang='lat' dir='ltr'><strong>sactus</strong></span> <span class='ocrx_word' id='word_1_96' title='bbox 1277 931 1469 977; x_wconf 87' lang='lat' dir='ltr'><strong>partaque</strong></span> <span class='ocrx_word' id='word_1_97' title='bbox 1498 937 1634 962; x_wconf 85' lang='lat' dir='ltr'><strong>recens</strong></span> <span class='ocrx_word' id='word_1_98' title='bbox 1649 924 1733 961; x_wconf 89' lang='lat' dir='ltr'><strong>ela-</strong></span> 
     </span>
     <span class='ocr_line' id='line_1_13' title="bbox 275 980 1732 1033; baseline -0.001 -12"><span class='ocrx_word' id='word_1_99' title='bbox 275 988 342 1021; x_wconf 85' lang='lat' dir='ltr'><strong>tus</strong></span> <span class='ocrx_word' id='word_1_100' title='bbox 363 984 549 1032; x_wconf 85' lang='lat' dir='ltr'><strong>victoria,</strong></span> <span class='ocrx_word' id='word_1_101' title='bbox 586 983 768 1021; x_wconf 86' lang='lat' dir='ltr'><strong>circumit</strong></span> <span class='ocrx_word' id='word_1_102' title='bbox 791 984 938 1022; x_wconf 84' lang='lat' dir='ltr'><strong>vicinas</strong></span> <span class='ocrx_word' id='word_1_103' title='bbox 958 983 1145 1033; x_wconf 82' lang='lat' dir='ltr'><strong>Sangario</strong></span> <span class='ocrx_word' id='word_1_104' title='bbox 1174 982 1372 1033; x_wconf 88' lang='lat' dir='ltr'><strong>civitates,</strong></span> <span class='ocrx_word' id='word_1_105' title='bbox 1410 981 1562 1032; x_wconf 77' lang='lat' dir='ltr'><strong>sibique</strong></span> <span class='ocrx_word' id='word_1_106' title='bbox 1588 980 1732 1029; x_wconf 81' lang='lat' dir='ltr'><strong>subigit</strong></span> 
     </span>
     <span class='ocr_line' id='line_1_14' title="bbox 274 1036 1730 1091; baseline -0.003 -13"><span class='ocrx_word' id='word_1_107' title='bbox 274 1039 490 1078; x_wconf 89' lang='lat' dir='ltr'><strong>universas.</strong></span> <span class='ocrx_word' id='word_1_108' title='bbox 547 1045 587 1077; x_wconf 89' lang='lat' dir='ltr'><strong>at</strong></span> <span class='ocrx_word' id='word_1_109' title='bbox 603 1039 836 1091; x_wconf 87' lang='lat' dir='ltr'><strong>imperator,</strong></span> <span class='ocrx_word' id='word_1_110' title='bbox 873 1040 937 1077; x_wconf 91' lang='lat' dir='ltr'><strong>cui</strong></span> <span class='ocrx_word' id='word_1_111' title='bbox 963 1040 1071 1077; x_wconf 90' lang='lat' dir='ltr'><strong>nulla</strong></span> <span class='ocrx_word' id='word_1_112' title='bbox 1097 1039 1136 1077; x_wconf 90' lang='lat' dir='ltr'><strong>in</strong></span> <span class='ocrx_word' id='word_1_113' title='bbox 1164 1039 1411 1078; x_wconf 77' lang='lat' dir='ltr'><strong>Graecanicis</strong></span> <span class='ocrx_word' id='word_1_114' title='bbox 1438 1037 1560 1089; x_wconf 87' lang='lat' dir='ltr'><strong>copiis</strong></span> <span class='ocrx_word' id='word_1_115' title='bbox 1582 1036 1730 1075; x_wconf 80' lang='lat' dir='ltr'><strong>fiducia</strong></span> 
     </span>
     <span class='ocr_line' id='line_1_15' title="bbox 275 1093 1730 1145; baseline -0.002 -12"><span class='ocrx_word' id='word_1_116' title='bbox 275 1102 380 1145; x_wconf 89' lang='lat' dir='ltr'><strong>erat,</strong></span> <span class='ocrx_word' id='word_1_117' title='bbox 411 1096 561 1134; x_wconf 87' lang='lat' dir='ltr'><strong>Turcos</strong></span> <span class='ocrx_word' id='word_1_118' title='bbox 594 1096 646 1133; x_wconf 85' lang='lat' dir='ltr'><strong>ad</strong></span> <span class='ocrx_word' id='word_1_119' title='bbox 673 1096 813 1133; x_wconf 85' lang='lat' dir='ltr'><strong>sociale</strong></span> <span class='ocrx_word' id='word_1_120' title='bbox 833 1095 970 1133; x_wconf 85' lang='lat' dir='ltr'><strong>foedus</strong></span> <span class='ocrx_word' id='word_1_121' title='bbox 990 1095 1175 1134; x_wconf 83' lang='lat' dir='ltr'><strong>invitatos</strong></span> <span class='ocrx_word' id='word_1_122' title='bbox 1204 1096 1255 1133; x_wconf 87' lang='lat' dir='ltr'><strong>ad</strong></span> <span class='ocrx_word' id='word_1_123' title='bbox 1273 1095 1418 1134; x_wconf 91' lang='lat' dir='ltr'><strong>bellum</strong></span> <span class='ocrx_word' id='word_1_124' title='bbox 1436 1100 1575 1132; x_wconf 87' lang='lat' dir='ltr'><strong>contra</strong></span> <span class='ocrx_word' id='word_1_125' title='bbox 1593 1093 1730 1132; x_wconf 88' lang='lat' dir='ltr'><strong>Ursel-</strong></span> 
     </span>
     <span class='ocr_line' id='line_1_16' title="bbox 132 1151 1729 1203; baseline -0.002 -14"><span class='ocrx_word' id='word_1_126' title='bbox 132 1155 161 1189; x_wconf 84' lang='lat' dir='ltr'>P</span> <span class='ocrx_word' id='word_1_127' title='bbox 185 1154 253 1191; x_wconf 79' lang='lat'><strong>211</strong></span> <span class='ocrx_word' id='word_1_128' title='bbox 277 1153 360 1191; x_wconf 91' lang='lat' dir='ltr'><strong>lum</strong></span> <span class='ocrx_word' id='word_1_129' title='bbox 379 1151 667 1203; x_wconf 89' lang='lat' dir='ltr'><strong>suscipiendum</strong></span> <span class='ocrx_word' id='word_1_130' title='bbox 685 1151 869 1190; x_wconf 89' lang='lat' dir='ltr'><strong>sollicitat</strong></span> <span class='ocrx_word' id='word_1_131' title='bbox 896 1152 1193 1203; x_wconf 86' lang='lat' dir='ltr'><strong>persuadetque.</strong></span> <span class='ocrx_word' id='word_1_132' title='bbox 1250 1152 1422 1190; x_wconf 90' lang='lat' dir='ltr'><strong>Ursellus</strong></span> <span class='ocrx_word' id='word_1_133' title='bbox 1439 1165 1527 1189; x_wconf 89' lang='lat' dir='ltr'><strong>cum</strong></span> <span class='ocrx_word' id='word_1_134' title='bbox 1544 1163 1584 1188; x_wconf 88' lang='lat' dir='ltr'><strong>se</strong></span> <span class='ocrx_word' id='word_1_135' title='bbox 1599 1151 1729 1201; x_wconf 75' lang='lat' dir='ltr'><strong>impa-</strong></span> 
     </span>
     <span class='ocr_line' id='line_1_17' title="bbox 271 1208 1729 1259; baseline -0.003 -12"><span class='ocrx_word' id='word_1_136' title='bbox 271 1222 356 1248; x_wconf 87' lang='lat' dir='ltr'><strong>rem</strong></span> <span class='ocrx_word' id='word_1_137' title='bbox 374 1209 595 1247; x_wconf 89' lang='lat' dir='ltr'><strong>Turcorum</strong></span> <span class='ocrx_word' id='word_1_138' title='bbox 616 1209 766 1247; x_wconf 88' lang='lat' dir='ltr'><strong>viribus</strong></span> <span class='ocrx_word' id='word_1_139' title='bbox 788 1213 988 1257; x_wconf 84' lang='lat' dir='ltr'><strong>cerneret,</strong></span> <span class='ocrx_word' id='word_1_140' title='bbox 1027 1208 1248 1256; x_wconf 86' lang='lat' dir='ltr'><strong>Caesarem,</strong></span> <span class='ocrx_word' id='word_1_141' title='bbox 1285 1221 1402 1259; x_wconf 87' lang='lat' dir='ltr'><strong>quem</strong></span> <span class='ocrx_word' id='word_1_142' title='bbox 1420 1208 1598 1246; x_wconf 86' lang='lat' dir='ltr'><strong>vinctum</strong></span> <span class='ocrx_word' id='word_1_143' title='bbox 1615 1213 1729 1244; x_wconf 84' lang='lat' dir='ltr'><strong>tene-</strong></span> 
     </span>
     <span class='ocr_line' id='line_1_18' title="bbox 271 1263 1728 1316; baseline -0.003 -12"><span class='ocrx_word' id='word_1_144' title='bbox 271 1266 361 1314; x_wconf 90' lang='lat' dir='ltr'><strong>bat,</strong></span> <span class='ocrx_word' id='word_1_145' title='bbox 408 1265 596 1304; x_wconf 88' lang='lat' dir='ltr'><strong>eductum</strong></span> <span class='ocrx_word' id='word_1_146' title='bbox 628 1265 677 1303; x_wconf 88' lang='lat' dir='ltr'><strong>de</strong></span> <span class='ocrx_word' id='word_1_147' title='bbox 707 1277 863 1303; x_wconf 88' lang='lat' dir='ltr'><strong>carcere</strong></span> <span class='ocrx_word' id='word_1_148' title='bbox 892 1264 1060 1316; x_wconf 89' lang='lat' dir='ltr'><strong>appellat</strong></span> <span class='ocrx_word' id='word_1_149' title='bbox 1081 1263 1375 1316; x_wconf 79' lang='lat' dir='ltr'><strong>imperatorem,</strong></span> <span class='ocrx_word' id='word_1_150' title='bbox 1419 1263 1728 1314; x_wconf 88' lang='lat' dir='ltr'><strong>Byzantinorum</strong></span> 
     </span>
     <span class='ocr_line' id='line_1_19' title="bbox 271 1319 1729 1374; baseline -0.003 -14"><span class='ocrx_word' id='word_1_151' title='bbox 271 1334 482 1374; x_wconf 88' lang='lat' dir='ltr'><strong>procerum</strong></span> <span class='ocrx_word' id='word_1_152' title='bbox 500 1321 815 1360; x_wconf 83' lang='lat' dir='ltr'><strong>benevolentiam</strong></span> <span class='ocrx_word' id='word_1_153' title='bbox 839 1321 916 1359; x_wconf 92' lang='lat' dir='ltr'><strong>hoc</strong></span> <span class='ocrx_word' id='word_1_154' title='bbox 938 1322 1042 1359; x_wconf 86' lang='lat' dir='ltr'><strong>sacto</strong></span> <span class='ocrx_word' id='word_1_155' title='bbox 1070 1322 1369 1360; x_wconf 80' lang='lat' dir='ltr'><strong>conciliaturum</strong></span> <span class='ocrx_word' id='word_1_156' title='bbox 1391 1332 1432 1358; x_wconf 90' lang='lat' dir='ltr'><strong>se</strong></span> <span class='ocrx_word' id='word_1_157' title='bbox 1450 1319 1630 1372; x_wconf 85' lang='lat' dir='ltr'><strong>partibus</strong></span> <span class='ocrx_word' id='word_1_158' title='bbox 1648 1319 1729 1357; x_wconf 90' lang='lat' dir='ltr'><strong>suis</strong></span> 
     </span>
     <span class='ocr_line' id='line_1_20' title="bbox 272 1375 1730 1431; baseline -0.003 -15"><span class='ocrx_word' id='word_1_159' title='bbox 272 1391 445 1431; x_wconf 86' lang='lat' dir='ltr'><strong>sperans.</strong></span> <span class='ocrx_word' id='word_1_160' title='bbox 504 1378 707 1416; x_wconf 88' lang='lat' dir='ltr'><strong>commisso</strong></span> <span class='ocrx_word' id='word_1_161' title='bbox 735 1378 893 1416; x_wconf 86' lang='lat' dir='ltr'><strong>interim</strong></span> <span class='ocrx_word' id='word_1_162' title='bbox 913 1392 1003 1416; x_wconf 87' lang='lat' dir='ltr'><strong>curn</strong></span> <span class='ocrx_word' id='word_1_163' title='bbox 1023 1378 1162 1416; x_wconf 88' lang='lat' dir='ltr'><strong>Turcis</strong></span> <span class='ocrx_word' id='word_1_164' title='bbox 1183 1378 1351 1429; x_wconf 87' lang='lat' dir='ltr'><strong>praelio,</strong></span> <span class='ocrx_word' id='word_1_165' title='bbox 1380 1376 1552 1415; x_wconf 87' lang='lat' dir='ltr'><strong>Ursellus</strong></span> <span class='ocrx_word' id='word_1_166' title='bbox 1568 1382 1609 1413; x_wconf 89' lang='lat' dir='ltr'><strong>et</strong></span> <span class='ocrx_word' id='word_1_167' title='bbox 1627 1375 1730 1412; x_wconf 87' lang='lat' dir='ltr'><strong>Cae-</strong></span> 
     </span>
     <span class='ocr_line' id='line_1_21' title="bbox 272 1432 1728 1487; baseline -0.002 -15"><span class='ocrx_word' id='word_1_168' title='bbox 272 1448 337 1472; x_wconf 87' lang='lat' dir='ltr'><strong>sar</strong></span> <span class='ocrx_word' id='word_1_169' title='bbox 349 1464 359 1483; x_wconf 87' lang='lat'><strong>,</strong></span> <span class='ocrx_word' id='word_1_170' title='bbox 390 1434 519 1487; x_wconf 86' lang='lat' dir='ltr'><strong>deleto</strong></span> <span class='ocrx_word' id='word_1_171' title='bbox 539 1435 736 1484; x_wconf 86' lang='lat' dir='ltr'><strong>exercitu,</strong></span> <span class='ocrx_word' id='word_1_172' title='bbox 780 1448 861 1473; x_wconf 92' lang='lat' dir='ltr'><strong>non</strong></span> <span class='ocrx_word' id='word_1_173' title='bbox 879 1435 1083 1473; x_wconf 89' lang='lat' dir='ltr'><strong>incruenta</strong></span> <span class='ocrx_word' id='word_1_174' title='bbox 1100 1441 1232 1473; x_wconf 88' lang='lat' dir='ltr'><strong>tamen</strong></span> <span class='ocrx_word' id='word_1_175' title='bbox 1249 1433 1429 1473; x_wconf 85' lang='lat' dir='ltr'><strong>hostibus</strong></span> <span class='ocrx_word' id='word_1_176' title='bbox 1444 1432 1629 1477; x_wconf 86' lang='lat' dir='ltr'><strong>victoria,</strong></span> <span class='ocrx_word' id='word_1_177' title='bbox 1657 1444 1728 1470; x_wconf 87' lang='lat' dir='ltr'><strong>ca-</strong></span> 
     </span>
     <span class='ocr_line' id='line_1_22' title="bbox 270 1487 1728 1543; baseline -0.002 -14"><span class='ocrx_word' id='word_1_178' title='bbox 270 1491 453 1542; x_wconf 90' lang='lat' dir='ltr'><strong>piuntur.</strong></span> <span class='ocrx_word' id='word_1_179' title='bbox 509 1491 578 1528; x_wconf 86' lang='lat' dir='ltr'><strong>sed</strong></span> <span class='ocrx_word' id='word_1_180' title='bbox 600 1491 795 1541; x_wconf 81' lang='lat' dir='ltr'><strong>Ursellus,</strong></span> <span class='ocrx_word' id='word_1_181' title='bbox 836 1491 1005 1543; x_wconf 88' lang='lat' dir='ltr'><strong>depenso</strong></span> <span class='ocrx_word' id='word_1_182' title='bbox 1037 1492 1172 1530; x_wconf 83' lang='lat' dir='ltr'><strong>statim</strong></span> <span class='ocrx_word' id='word_1_183' title='bbox 1204 1492 1253 1530; x_wconf 93' lang='lat' dir='ltr'><strong>ab</strong></span> <span class='ocrx_word' id='word_1_184' title='bbox 1288 1503 1415 1529; x_wconf 82' lang='lat' dir='ltr'><strong>uxore</strong></span> <span class='ocrx_word' id='word_1_185' title='bbox 1448 1487 1728 1541; x_wconf 83' lang='lat' dir='ltr'><strong>redemptionis</strong></span> 
     </span>
     <span class='ocr_line' id='line_1_23' title="bbox 269 1546 1726 1600; baseline -0.001 -16"><span class='ocrx_word' id='word_1_186' title='bbox 269 1547 420 1599; x_wconf 87' lang='lat' dir='ltr'><strong>pretio,</strong></span> <span class='ocrx_word' id='word_1_187' title='bbox 459 1546 635 1585; x_wconf 84' lang='lat' dir='ltr'><strong>libertati</strong></span> <span class='ocrx_word' id='word_1_188' title='bbox 667 1547 855 1586; x_wconf 71' lang='lat' dir='ltr'><strong>‘redditus</strong></span> <span class='ocrx_word' id='word_1_189' title='bbox 896 1548 1161 1600; x_wconf 85' lang='lat' dir='ltr'><strong>proficiscitur</strong></span> <span class='ocrx_word' id='word_1_190' title='bbox 1196 1549 1238 1587; x_wconf 89' lang='lat' dir='ltr'><strong>in</strong></span> <span class='ocrx_word' id='word_1_191' title='bbox 1266 1546 1490 1586; x_wconf 83' lang='lat' dir='ltr'><strong>Armeniam</strong></span> <span class='ocrx_word' id='word_1_192' title='bbox 1521 1552 1558 1583; x_wconf 88' lang='lat' dir='ltr'><strong>et</strong></span> <span class='ocrx_word' id='word_1_193' title='bbox 1586 1558 1726 1584; x_wconf 85' lang='lat' dir='ltr'><strong>versus</strong></span> 
     </span>
     <span class='ocr_line' id='line_1_24' title="bbox 270 1603 1726 1656; baseline -0.003 -14"><span class='ocrx_word' id='word_1_194' title='bbox 270 1604 461 1642; x_wconf 85' lang='lat' dir='ltr'><strong>Pontum:</strong></span> <span class='ocrx_word' id='word_1_195' title='bbox 499 1603 691 1653; x_wconf 89' lang='lat' dir='ltr'><strong>novisque</strong></span> <span class='ocrx_word' id='word_1_196' title='bbox 718 1606 860 1642; x_wconf 87' lang='lat' dir='ltr'><strong>coactis</strong></span> <span class='ocrx_word' id='word_1_197' title='bbox 888 1605 1008 1656; x_wconf 88' lang='lat' dir='ltr'><strong>copiis</strong></span> <span class='ocrx_word' id='word_1_198' title='bbox 1040 1605 1186 1643; x_wconf 90' lang='lat' dir='ltr'><strong>bellum</strong></span> <span class='ocrx_word' id='word_1_199' title='bbox 1205 1617 1343 1644; x_wconf 84' lang='lat' dir='ltr'><strong>rursus</strong></span> <span class='ocrx_word' id='word_1_200' title='bbox 1371 1603 1586 1652; x_wconf 82' lang='lat' dir='ltr'><strong>instaurat,</strong></span> <span class='ocrx_word' id='word_1_201' title='bbox 1617 1613 1726 1639; x_wconf 88' lang='lat' dir='ltr'><strong>arces</strong></span> 
     </span>
     <span class='ocr_line' id='line_1_25' title="bbox 270 1659 1725 1710; baseline 0 -13"><span class='ocrx_word' id='word_1_202' title='bbox 270 1659 460 1710; x_wconf 88' lang='lat' dir='ltr'><strong>quasdam</strong></span> <span class='ocrx_word' id='word_1_203' title='bbox 488 1665 675 1710; x_wconf 89' lang='lat' dir='ltr'><strong>occupat,</strong></span> <span class='ocrx_word' id='word_1_204' title='bbox 719 1661 825 1699; x_wconf 83' lang='lat' dir='ltr'><strong>unde</strong></span> <span class='ocrx_word' id='word_1_205' title='bbox 841 1661 1018 1698; x_wconf 87' lang='lat' dir='ltr'><strong>incursat</strong></span> <span class='ocrx_word' id='word_1_206' title='bbox 1036 1661 1213 1698; x_wconf 87' lang='lat' dir='ltr'><strong>Amasiae</strong></span> <span class='ocrx_word' id='word_1_207' title='bbox 1236 1667 1277 1698; x_wconf 87' lang='lat' dir='ltr'><strong>et</strong></span> <span class='ocrx_word' id='word_1_208' title='bbox 1297 1660 1580 1697; x_wconf 86' lang='lat' dir='ltr'><strong>Neocaesareae</strong></span> <span class='ocrx_word' id='word_1_209' title='bbox 1601 1671 1725 1708; x_wconf 82' lang='lat' dir='ltr'><strong>agros.</strong></span> 
     </span>
     <span class='ocr_line' id='line_1_26' title="bbox 222 1715 1726 1768; baseline -0.001 -15"><span class='ocrx_word' id='word_1_210' title='bbox 222 1735 224 1737; x_wconf 91' lang='lat'>·</span> <span class='ocrx_word' id='word_1_211' title='bbox 265 1721 448 1768; x_wconf 89' lang='lat' dir='ltr'><strong>superato</strong></span> <span class='ocrx_word' id='word_1_212' title='bbox 465 1715 606 1753; x_wconf 87' lang='lat' dir='ltr'><strong>deinde</strong></span> <span class='ocrx_word' id='word_1_213' title='bbox 622 1722 662 1754; x_wconf 89' lang='lat' dir='ltr'><strong>et</strong></span> <span class='ocrx_word' id='word_1_214' title='bbox 677 1716 762 1754; x_wconf 86' lang='lat' dir='ltr'><strong>suso</strong></span> <span class='ocrx_word' id='word_1_215' title='bbox 774 1716 995 1768; x_wconf 89' lang='lat' dir='ltr'><strong>Nicephoro</strong></span> <span class='ocrx_word' id='word_1_216' title='bbox 1007 1717 1243 1768; x_wconf 86' lang='lat' dir='ltr'><strong>Palaeologo‚</strong></span> <span class='ocrx_word' id='word_1_217' title='bbox 1261 1729 1351 1754; x_wconf 89' lang='lat' dir='ltr'><strong>cum</strong></span> <span class='ocrx_word' id='word_1_218' title='bbox 1367 1715 1548 1754; x_wconf 86' lang='lat' dir='ltr'><strong>Alexium</strong></span> <span class='ocrx_word' id='word_1_219' title='bbox 1560 1715 1726 1752; x_wconf 86' lang='lat' dir='ltr'><strong>Comne-</strong></span> 
     </span>
     <span class='ocr_line' id='line_1_27' title="bbox 265 1771 1726 1824; baseline -0.003 -12"><span class='ocrx_word' id='word_1_220' title='bbox 265 1786 364 1812; x_wconf 88' lang='lat' dir='ltr'><strong>num</strong></span> <span class='ocrx_word' id='word_1_221' title='bbox 390 1785 574 1822; x_wconf 86' lang='lat' dir='ltr'><strong>magnum</strong></span> <span class='ocrx_word' id='word_1_222' title='bbox 599 1772 855 1811; x_wconf 88' lang='lat' dir='ltr'><strong>domesticum</strong></span> <span class='ocrx_word' id='word_1_223' title='bbox 882 1786 971 1811; x_wconf 92' lang='lat' dir='ltr'><strong>cum</strong></span> <span class='ocrx_word' id='word_1_224' title='bbox 988 1773 1140 1812; x_wconf 87' lang='lat' dir='ltr'><strong>idoneis</strong></span> <span class='ocrx_word' id='word_1_225' title='bbox 1157 1774 1277 1824; x_wconf 87' lang='lat' dir='ltr'><strong>copiis</strong></span> <span class='ocrx_word' id='word_1_226' title='bbox 1295 1773 1509 1811; x_wconf 87' lang='lat' dir='ltr'><strong>adventare</strong></span> <span class='ocrx_word' id='word_1_227' title='bbox 1527 1771 1726 1822; x_wconf 87' lang='lat' dir='ltr'><strong>percepis-</strong></span> 
     </span>
     <span class='ocr_line' id='line_1_28' title="bbox 266 1827 1724 1880; baseline -0.001 -14"><span class='ocrx_word' id='word_1_228' title='bbox 266 1835 350 1879; x_wconf 89' lang='lat' dir='ltr'><strong>set,</strong></span> <span class='ocrx_word' id='word_1_229' title='bbox 388 1830 431 1867; x_wconf 90' lang='lat' dir='ltr'><strong>in</strong></span> <span class='ocrx_word' id='word_1_230' title='bbox 447 1830 693 1877; x_wconf 86' lang='lat' dir='ltr'><strong>Turcorum‚</strong></span> <span class='ocrx_word' id='word_1_231' title='bbox 731 1830 799 1879; x_wconf 88' lang='lat' dir='ltr'><strong>qui</strong></span> <span class='ocrx_word' id='word_1_232' title='bbox 826 1829 998 1880; x_wconf 83' lang='lat' dir='ltr'><strong>proximi</strong></span> <span class='ocrx_word' id='word_1_233' title='bbox 1028 1829 1212 1878; x_wconf 86' lang='lat' dir='ltr'><strong>aderant,</strong></span> <span class='ocrx_word' id='word_1_234' title='bbox 1242 1829 1356 1867; x_wconf 90' lang='lat' dir='ltr'><strong>missa</strong></span> <span class='ocrx_word' id='word_1_235' title='bbox 1385 1828 1493 1880; x_wconf 87' lang='lat' dir='ltr'><strong>prius</strong></span> <span class='ocrx_word' id='word_1_236' title='bbox 1519 1827 1724 1879; x_wconf 83' lang='lat' dir='ltr'><strong>legatione,</strong></span> 
     </span>
     <span class='ocr_line' id='line_1_29' title="bbox 266 1885 1722 1937; baseline -0.001 -14"><span class='ocrx_word' id='word_1_237' title='bbox 266 1891 394 1923; x_wconf 89' lang='lat' dir='ltr'><strong>castra</strong></span> <span class='ocrx_word' id='word_1_238' title='bbox 412 1885 620 1933; x_wconf 90' lang='lat' dir='ltr'><strong>concessit,</strong></span> <span class='ocrx_word' id='word_1_239' title='bbox 650 1898 715 1923; x_wconf 89' lang='lat' dir='ltr'><strong>eos</strong></span> <span class='ocrx_word' id='word_1_240' title='bbox 740 1886 782 1924; x_wconf 90' lang='lat' dir='ltr'><strong>in</strong></span> <span class='ocrx_word' id='word_1_241' title='bbox 809 1899 898 1924; x_wconf 89' lang='lat' dir='ltr'><strong>suas</strong></span> <span class='ocrx_word' id='word_1_242' title='bbox 922 1892 1055 1937; x_wconf 88' lang='lat' dir='ltr'><strong>partes</strong></span> <span class='ocrx_word' id='word_1_243' title='bbox 1075 1886 1229 1924; x_wconf 87' lang='lat' dir='ltr'><strong>allicere</strong></span> <span class='ocrx_word' id='word_1_244' title='bbox 1257 1891 1296 1923; x_wconf 85' lang='lat' dir='ltr'><strong>et</strong></span> <span class='ocrx_word' id='word_1_245' title='bbox 1317 1885 1392 1923; x_wconf 90' lang='lat' dir='ltr'><strong>sibi</strong></span> <span class='ocrx_word' id='word_1_246' title='bbox 1422 1885 1629 1923; x_wconf 89' lang='lat' dir='ltr'><strong>conciliare</strong></span> <span class='ocrx_word' id='word_1_247' title='bbox 1647 1897 1722 1921; x_wconf 90' lang='lat' dir='ltr'><strong>an-</strong></span> 
     </span>
     <span class='ocr_line' id='line_1_30' title="bbox 264 1940 1722 1993; baseline -0.001 -14"><span class='ocrx_word' id='word_1_248' title='bbox 264 1941 396 1981; x_wconf 79' lang='lat' dir='ltr'><strong>nixus.</strong></span> <span class='ocrx_word' id='word_1_249' title='bbox 453 1954 593 1981; x_wconf 90' lang='lat' dir='ltr'><strong>verum</strong></span> <span class='ocrx_word' id='word_1_250' title='bbox 610 1942 729 1980; x_wconf 89' lang='lat' dir='ltr'><strong>Turci</strong></span> <span class='ocrx_word' id='word_1_251' title='bbox 747 1942 862 1980; x_wconf 90' lang='lat' dir='ltr'><strong>donis</strong></span> <span class='ocrx_word' id='word_1_252' title='bbox 878 1942 1101 1993; x_wconf 87' lang='lat' dir='ltr'><strong>ingentibus</strong></span> <span class='ocrx_word' id='word_1_253' title='bbox 1129 1949 1168 1981; x_wconf 91' lang='lat' dir='ltr'><strong>et</strong></span> <span class='ocrx_word' id='word_1_254' title='bbox 1197 1942 1409 1981; x_wconf 86' lang='lat' dir='ltr'><strong>maioribus</strong></span> <span class='ocrx_word' id='word_1_255' title='bbox 1427 1941 1546 1979; x_wconf 89' lang='lat' dir='ltr'><strong>illecti</strong></span> <span class='ocrx_word' id='word_1_256' title='bbox 1564 1940 1722 1992; x_wconf 86' lang='lat' dir='ltr'><strong>pollici-</strong></span> 
     </span>
     <span class='ocr_line' id='line_1_31' title="bbox 263 1997 1720 2050; baseline -0.001 -15"><span class='ocrx_word' id='word_1_257' title='bbox 263 1998 498 2048; x_wconf 85' lang='lat' dir='ltr'><strong>tationibus‚</strong></span> <span class='ocrx_word' id='word_1_258' title='bbox 537 1998 732 2036; x_wconf 89' lang='lat' dir='ltr'><strong>Ursellum</strong></span> <span class='ocrx_word' id='word_1_259' title='bbox 760 1999 897 2037; x_wconf 86' lang='lat' dir='ltr'><strong>Alexio</strong></span> <span class='ocrx_word' id='word_1_260' title='bbox 919 1999 1099 2038; x_wconf 87' lang='lat' dir='ltr'><strong>vinctum</strong></span> <span class='ocrx_word' id='word_1_261' title='bbox 1122 1999 1311 2048; x_wconf 88' lang='lat' dir='ltr'><strong>tradunt,</strong></span> <span class='ocrx_word' id='word_1_262' title='bbox 1350 2012 1372 2035; x_wconf 91' lang='lat' dir='ltr'><strong>a</strong></span> <span class='ocrx_word' id='word_1_263' title='bbox 1402 2011 1480 2049; x_wconf 93' lang='lat' dir='ltr'><strong>quo</strong></span> <span class='ocrx_word' id='word_1_264' title='bbox 1504 1997 1720 2050; x_wconf 88' lang='lat' dir='ltr'><strong>perductus</strong></span> 
     </span>
     <span class='ocr_line' id='line_1_32' title="bbox 262 2053 1720 2107; baseline -0.001 -16"><span class='ocrx_word' id='word_1_265' title='bbox 262 2059 322 2091; x_wconf 91' lang='lat' dir='ltr'><strong>est</strong></span> <span class='ocrx_word' id='word_1_266' title='bbox 345 2054 726 2107; x_wconf 87' lang='lat' dir='ltr'><strong>Constantinopolim</strong></span> <span class='ocrx_word' id='word_1_267' title='bbox 754 2055 976 2105; x_wconf 88' lang='lat' dir='ltr'><strong>carcerique</strong></span> <span class='ocrx_word' id='word_1_268' title='bbox 998 2055 1257 2107; x_wconf 82' lang='lat' dir='ltr'><strong>mancipatus.</strong></span> <span class='ocrx_word' id='word_1_269' title='bbox 1314 2055 1495 2093; x_wconf 85' lang='lat' dir='ltr'><strong>nuntiata</strong></span> <span class='ocrx_word' id='word_1_270' title='bbox 1510 2060 1602 2106; x_wconf 90' lang='lat' dir='ltr'><strong>post</strong></span> <span class='ocrx_word' id='word_1_271' title='bbox 1622 2053 1720 2091; x_wconf 86' lang='lat' dir='ltr'><strong>haec</strong></span> 
     </span>
     <span class='ocr_line' id='line_1_33' title="bbox 261 2109 1718 2162; baseline -0.001 -14"><span class='ocrx_word' id='word_1_272' title='bbox 261 2109 471 2162; x_wconf 71' lang='lat' dir='ltr'><strong>Nicephosi</strong></span> <span class='ocrx_word' id='word_1_273' title='bbox 492 2111 679 2162; x_wconf 83' lang='lat' dir='ltr'><strong>Bryennii</strong></span> <span class='ocrx_word' id='word_1_274' title='bbox 698 2111 914 2150; x_wconf 88' lang='lat' dir='ltr'><strong>desectione</strong></span> <span class='ocrx_word' id='word_1_275' title='bbox 925 2140 938 2160; x_wconf 91' lang='lat'>‚</span> <span class='ocrx_word' id='word_1_276' title='bbox 982 2111 1147 2150; x_wconf 61' lang='lat' dir='ltr'><strong>Michael</strong></span> <span class='ocrx_word' id='word_1_277' title='bbox 1159 2144 1170 2162; x_wconf 92' lang='lat'><strong>,</strong></span> <span class='ocrx_word' id='word_1_278' title='bbox 1210 2112 1289 2151; x_wconf 89' lang='lat' dir='ltr'><strong>suis</strong></span> <span class='ocrx_word' id='word_1_279' title='bbox 1312 2112 1487 2162; x_wconf 88' lang='lat' dir='ltr'><strong>undique</strong></span> <span class='ocrx_word' id='word_1_280' title='bbox 1507 2109 1718 2149; x_wconf 85' lang='lat' dir='ltr'><strong>dilabenti-</strong></span> 
     </span>
     <span class='ocr_line' id='line_1_34' title="bbox 260 2165 1718 2220; baseline 0 -16"><span class='ocrx_word' id='word_1_281' title='bbox 260 2166 358 2216; x_wconf 88' lang='lat' dir='ltr'><strong>bus,</strong></span> <span class='ocrx_word' id='word_1_282' title='bbox 386 2166 603 2216; x_wconf 89' lang='lat' dir='ltr'><strong>Ursellum,</strong></span> <span class='ocrx_word' id='word_1_283' title='bbox 632 2168 700 2217; x_wconf 89' lang='lat' dir='ltr'><strong>qui</strong></span> <span class='ocrx_word' id='word_1_284' title='bbox 720 2168 772 2206; x_wconf 84' lang='lat' dir='ltr'><strong>ad</strong></span> <span class='ocrx_word' id='word_1_285' title='bbox 791 2169 1040 2207; x_wconf 87' lang='lat' dir='ltr'><strong>Botaniatam</strong></span> <span class='ocrx_word' id='word_1_286' title='bbox 1063 2169 1227 2220; x_wconf 89' lang='lat' dir='ltr'><strong>perinde</strong></span> <span class='ocrx_word' id='word_1_287' title='bbox 1250 2168 1503 2207; x_wconf 88' lang='lat' dir='ltr'><strong>rebellantem</strong></span> <span class='ocrx_word' id='word_1_288' title='bbox 1523 2165 1718 2220; x_wconf 87' lang='lat' dir='ltr'><strong>proficisci</strong></span> 
     </span>
     <span class='ocr_line' id='line_1_35' title="bbox 260 2223 1716 2273; baseline 0 -13"><span class='ocrx_word' id='word_1_289' title='bbox 260 2223 339 2261; x_wconf 88' lang='lat' dir='ltr'><strong>iam</strong></span> <span class='ocrx_word' id='word_1_290' title='bbox 370 2229 486 2261; x_wconf 88' lang='lat' dir='ltr'><strong>antea</strong></span> <span class='ocrx_word' id='word_1_291' title='bbox 523 2223 566 2261; x_wconf 90' lang='lat' dir='ltr'><strong>in</strong></span> <span class='ocrx_word' id='word_1_292' title='bbox 605 2224 735 2262; x_wconf 91' lang='lat' dir='ltr'><strong>animo</strong></span> <span class='ocrx_word' id='word_1_293' title='bbox 764 2223 977 2273; x_wconf 85' lang='lat' dir='ltr'><strong>habuerat,</strong></span> <span class='ocrx_word' id='word_1_294' title='bbox 1026 2226 1213 2263; x_wconf 89' lang='lat' dir='ltr'><strong>eductum</strong></span> <span class='ocrx_word' id='word_1_295' title='bbox 1247 2225 1296 2263; x_wconf 90' lang='lat' dir='ltr'><strong>de</strong></span> <span class='ocrx_word' id='word_1_296' title='bbox 1331 2237 1487 2263; x_wconf 89' lang='lat' dir='ltr'><strong>carcere</strong></span> <span class='ocrx_word' id='word_1_297' title='bbox 1519 2223 1716 2273; x_wconf 84' lang='lat' dir='ltr'><strong>variisque</strong></span> 
     </span>
     <span class='ocr_line' id='line_1_36' title="bbox 261 2278 1716 2332; baseline -0.001 -15"><span class='ocrx_word' id='word_1_298' title='bbox 261 2279 446 2318; x_wconf 87' lang='lat' dir='ltr'><strong>affectum</strong></span> <span class='ocrx_word' id='word_1_299' title='bbox 482 2278 699 2318; x_wconf 89' lang='lat' dir='ltr'><strong>honoribus</strong></span> <span class='ocrx_word' id='word_1_300' title='bbox 728 2281 851 2320; x_wconf 89' lang='lat' dir='ltr'><strong>mittit</strong></span> <span class='ocrx_word' id='word_1_301' title='bbox 877 2287 1015 2319; x_wconf 91' lang='lat' dir='ltr'><strong>contra</strong></span> <span class='ocrx_word' id='word_1_302' title='bbox 1048 2282 1301 2332; x_wconf 88' lang='lat' dir='ltr'><strong>Bryennium.</strong></span> <span class='ocrx_word' id='word_1_303' title='bbox 1370 2294 1449 2332; x_wconf 88' lang='lat' dir='ltr'><strong>qua</strong></span> <span class='ocrx_word' id='word_1_304' title='bbox 1475 2281 1517 2319; x_wconf 90' lang='lat' dir='ltr'><strong>in</strong></span> <span class='ocrx_word' id='word_1_305' title='bbox 1547 2278 1716 2330; x_wconf 84' lang='lat' dir='ltr'><strong>expedi-</strong></span> 
     </span>
     <span class='ocr_line' id='line_1_37' title="bbox 258 2335 1715 2389; baseline -0.001 -16"><span class='ocrx_word' id='word_1_306' title='bbox 258 2337 366 2374; x_wconf 86' lang='lat' dir='ltr'><strong>tione</strong></span> <span class='ocrx_word' id='word_1_307' title='bbox 392 2336 566 2374; x_wconf 86' lang='lat' dir='ltr'><strong>Ursellus</strong></span> <span class='ocrx_word' id='word_1_308' title='bbox 595 2337 786 2389; x_wconf 80' lang='lat' dir='ltr'><strong>egregiam</strong></span> <span class='ocrx_word' id='word_1_309' title='bbox 815 2337 1046 2389; x_wconf 89' lang='lat' dir='ltr'><strong>imperatori</strong></span> <span class='ocrx_word' id='word_1_310' title='bbox 1078 2339 1242 2377; x_wconf 88' lang='lat' dir='ltr'><strong>navavit</strong></span> <span class='ocrx_word' id='word_1_311' title='bbox 1279 2350 1450 2389; x_wconf 85' lang='lat' dir='ltr'><strong>operam.</strong></span> <span class='ocrx_word' id='word_1_312' title='bbox 1526 2335 1715 2374; x_wconf 69' lang='lat' dir='ltr'><strong>Michaffle</strong></span> 
     </span>
     <span class='ocr_line' id='line_1_38' title="bbox 260 2391 1715 2445; baseline 0.001 -16"><span class='ocrx_word' id='word_1_313' title='bbox 260 2391 427 2443; x_wconf 88' lang='lat' dir='ltr'><strong>denique</strong></span> <span class='ocrx_word' id='word_1_314' title='bbox 446 2392 487 2430; x_wconf 91' lang='lat' dir='ltr'><strong>in</strong></span> <span class='ocrx_word' id='word_1_315' title='bbox 512 2392 690 2431; x_wconf 87' lang='lat' dir='ltr'><strong>ordinem</strong></span> <span class='ocrx_word' id='word_1_316' title='bbox 713 2394 891 2443; x_wconf 88' lang='lat' dir='ltr'><strong>redacto,</strong></span> <span class='ocrx_word' id='word_1_317' title='bbox 921 2393 1164 2445; x_wconf 90' lang='lat' dir='ltr'><strong>Nicephorus</strong></span> <span class='ocrx_word' id='word_1_318' title='bbox 1181 2394 1399 2445; x_wconf 87' lang='lat' dir='ltr'><strong>logotheta,</strong></span> <span class='ocrx_word' id='word_1_319' title='bbox 1427 2392 1551 2444; x_wconf 90' lang='lat' dir='ltr'><strong>quiin</strong></span> <span class='ocrx_word' id='word_1_320' title='bbox 1566 2391 1715 2444; x_wconf 85' lang='lat' dir='ltr'><strong>palatio</strong></span> 
     </span>
     <span class='ocr_line' id='line_1_39' title="bbox 258 2447 1715 2502; baseline 0 -17"><span class='ocrx_word' id='word_1_321' title='bbox 258 2461 391 2487; x_wconf 87' lang='lat' dir='ltr'><strong>rerum</strong></span> <span class='ocrx_word' id='word_1_322' title='bbox 408 2448 599 2487; x_wconf 85' lang='lat' dir='ltr'><strong>hactenus</strong></span> <span class='ocrx_word' id='word_1_323' title='bbox 616 2449 768 2501; x_wconf 90' lang='lat' dir='ltr'><strong>potitus</strong></span> <span class='ocrx_word' id='word_1_324' title='bbox 786 2451 927 2500; x_wconf 83' lang='lat' dir='ltr'><strong>suerat,</strong></span> <span class='ocrx_word' id='word_1_325' title='bbox 945 2451 1160 2502; x_wconf 85' lang='lat' dir='ltr'><strong>Selybriam</strong></span> <span class='ocrx_word' id='word_1_326' title='bbox 1171 2451 1222 2502; x_wconf 90' lang='lat'><strong>*),</strong></span> <span class='ocrx_word' id='word_1_327' title='bbox 1249 2464 1330 2500; x_wconf 90' lang='lat' dir='ltr'><strong>seu,</strong></span> <span class='ocrx_word' id='word_1_328' title='bbox 1350 2456 1396 2488; x_wconf 91' lang='lat' dir='ltr'><strong>ut</strong></span> <span class='ocrx_word' id='word_1_329' title='bbox 1411 2449 1595 2501; x_wconf 87' lang='lat' dir='ltr'><strong>Scylitzes</strong></span> <span class='ocrx_word' id='word_1_330' title='bbox 1614 2447 1715 2486; x_wconf 87' lang='lat' dir='ltr'><strong>scri-</strong></span> 
     </span>
     <span class='ocr_line' id='line_1_40' title="bbox 257 2503 1714 2558; baseline 0 -17"><span class='ocrx_word' id='word_1_331' title='bbox 257 2503 333 2552; x_wconf 88' lang='lat' dir='ltr'><strong>bit,</strong></span> <span class='ocrx_word' id='word_1_332' title='bbox 375 2505 605 2556; x_wconf 84' lang='lat' dir='ltr'><strong>Hei·acleam</strong></span> <span class='ocrx_word' id='word_1_333' title='bbox 635 2506 687 2544; x_wconf 88' lang='lat' dir='ltr'><strong>ad</strong></span> <span class='ocrx_word' id='word_1_334' title='bbox 719 2506 914 2545; x_wconf 87' lang='lat' dir='ltr'><strong>Ursellum</strong></span> <span class='ocrx_word' id='word_1_335' title='bbox 949 2508 1080 2556; x_wconf 80' lang='lat' dir='ltr'><strong>venit,</strong></span> <span class='ocrx_word' id='word_1_336' title='bbox 1118 2521 1197 2558; x_wconf 93' lang='lat' dir='ltr'><strong>quo</strong></span> <span class='ocrx_word' id='word_1_337' title='bbox 1239 2507 1321 2545; x_wconf 81' lang='lat' dir='ltr'><strong>eius</strong></span> <span class='ocrx_word' id='word_1_338' title='bbox 1350 2519 1423 2558; x_wconf 83' lang='lat' dir='ltr'><strong>ope</strong></span> <span class='ocrx_word' id='word_1_339' title='bbox 1451 2507 1493 2543; x_wconf 87' lang='lat' dir='ltr'><strong>in</strong></span> <span class='ocrx_word' id='word_1_340' title='bbox 1525 2504 1714 2555; x_wconf 81' lang='lat' dir='ltr'><strong>Bryennii</strong></span> 
     </span>
     <span class='ocr_line' id='line_1_41' title="bbox 257 2561 1711 2615; baseline 0.001 -18"><span class='ocrx_word' id='word_1_341' title='bbox 257 2566 384 2598; x_wconf 89' lang='lat' dir='ltr'><strong>castra</strong></span> <span class='ocrx_word' id='word_1_342' title='bbox 402 2562 610 2611; x_wconf 77' lang='lat' dir='ltr'><strong>transiret3</strong></span> <span class='ocrx_word' id='word_1_343' title='bbox 643 2575 760 2612; x_wconf 88' lang='lat' dir='ltr'><strong>quem</strong></span> <span class='ocrx_word' id='word_1_344' title='bbox 787 2563 853 2600; x_wconf 89' lang='lat' dir='ltr'><strong>ille</strong></span> <span class='ocrx_word' id='word_1_345' title='bbox 879 2563 1011 2601; x_wconf 87' lang='lat' dir='ltr'><strong>statim</strong></span> <span class='ocrx_word' id='word_1_346' title='bbox 1041 2562 1364 2615; x_wconf 88' lang='lat' dir='ltr'><strong>comprehensum</strong></span> <span class='ocrx_word' id='word_1_347' title='bbox 1381 2562 1433 2600; x_wconf 86' lang='lat' dir='ltr'><strong>ad</strong></span> <span class='ocrx_word' id='word_1_348' title='bbox 1450 2561 1711 2606; x_wconf 86' lang='lat' dir='ltr'><strong>Botaniatam,</strong></span> 
     </span>
     <span class='ocr_line' id='line_1_42' title="bbox 257 2617 1711 2669; baseline 0.001 -16"><span class='ocrx_word' id='word_1_349' title='bbox 257 2617 325 2665; x_wconf 88' lang='lat' dir='ltr'><strong>qui</strong></span> <span class='ocrx_word' id='word_1_350' title='bbox 360 2622 447 2653; x_wconf 90' lang='lat' dir='ltr'><strong>tum</strong></span> <span class='ocrx_word' id='word_1_351' title='bbox 487 2618 700 2669; x_wconf 86' lang='lat' dir='ltr'><strong>imperator</strong></span> <span class='ocrx_word' id='word_1_352' title='bbox 738 2620 866 2657; x_wconf 86' lang='lat' dir='ltr'><strong>fuerat</strong></span> <span class='ocrx_word' id='word_1_353' title='bbox 897 2620 1168 2668; x_wconf 88' lang='lat' dir='ltr'><strong>renuntiatus,</strong></span> <span class='ocrx_word' id='word_1_354' title='bbox 1211 2621 1384 2657; x_wconf 87' lang='lat' dir='ltr'><strong>vinctum</strong></span> <span class='ocrx_word' id='word_1_355' title='bbox 1423 2617 1598 2656; x_wconf 87' lang='lat' dir='ltr'><strong>adducit.</strong></span> <span class='ocrx_word' id='word_1_356' title='bbox 1654 2617 1711 2655; x_wconf 81' lang='lat' dir='ltr'><strong>ita</strong></span> 
     </span>
     <span class='ocr_line' id='line_1_43' title="bbox 256 2671 1710 2727; baseline 0.002 -18"><span class='ocrx_word' id='word_1_357' title='bbox 256 2671 491 2723; x_wconf 81' lang='lat' dir='ltr'><strong>Bryennius:</strong></span> <span class='ocrx_word' id='word_1_358' title='bbox 519 2675 587 2712; x_wconf 89' lang='lat' dir='ltr'><strong>sed</strong></span> <span class='ocrx_word' id='word_1_359' title='bbox 607 2688 688 2713; x_wconf 85' lang='lat' dir='ltr'><strong>rem</strong></span> <span class='ocrx_word' id='word_1_360' title='bbox 709 2677 827 2727; x_wconf 90' lang='lat' dir='ltr'><strong>paulo</strong></span> <span class='ocrx_word' id='word_1_361' title='bbox 844 2688 955 2714; x_wconf 86' lang='lat' dir='ltr'><strong>secus</strong></span> <span class='ocrx_word' id='word_1_362' title='bbox 971 2683 1108 2715; x_wconf 88' lang='lat' dir='ltr'><strong>narrat</strong></span> <span class='ocrx_word' id='word_1_363' title='bbox 1127 2675 1324 2727; x_wconf 86' lang='lat' dir='ltr'><strong>Scylitzes.</strong></span> <span class='ocrx_word' id='word_1_364' title='bbox 1364 2674 1419 2712; x_wconf 81' lang='lat' dir='ltr'><strong>ait</strong></span> <span class='ocrx_word' id='word_1_365' title='bbox 1438 2674 1580 2726; x_wconf 88' lang='lat' dir='ltr'><strong>quippe</strong></span> <span class='ocrx_word' id='word_1_366' title='bbox 1597 2673 1710 2724; x_wconf 81' lang='lat' dir='ltr'><strong>logo-</strong></span> 
     </span>
     <span class='ocr_line' id='line_1_44' title="bbox 256 2727 1709 2782; baseline 0.001 -17"><span class='ocrx_word' id='word_1_367' title='bbox 256 2727 407 2766; x_wconf 85' lang='lat' dir='ltr'><strong>thetam</strong></span> <span class='ocrx_word' id='word_1_368' title='bbox 439 2730 656 2780; x_wconf 86' lang='lat' dir='ltr'><strong>confugisse</strong></span> <span class='ocrx_word' id='word_1_369' title='bbox 693 2733 743 2769; x_wconf 89' lang='lat' dir='ltr'><strong>ad</strong></span> <span class='ocrx_word' id='word_1_370' title='bbox 777 2733 969 2771; x_wconf 89' lang='lat' dir='ltr'><strong>Ursellum</strong></span> <span class='ocrx_word' id='word_1_371' title='bbox 1008 2733 1321 2781; x_wconf 81' lang='lat' dir='ltr'><strong>occultatumque</strong></span> <span class='ocrx_word' id='word_1_372' title='bbox 1362 2731 1603 2782; x_wconf 86' lang='lat' dir='ltr'><strong>aliquamdiu</strong></span> <span class='ocrx_word' id='word_1_373' title='bbox 1636 2729 1709 2767; x_wconf 89' lang='lat' dir='ltr'><strong>de—</strong></span> 
     </span>
     <span class='ocr_line' id='line_1_45' title="bbox 255 2785 1710 2841; baseline 0.001 -19"><span class='ocrx_word' id='word_1_374' title='bbox 255 2791 370 2822; x_wconf 91' lang='lat' dir='ltr'><strong>tonsa</strong></span> <span class='ocrx_word' id='word_1_375' title='bbox 393 2797 503 2823; x_wconf 89' lang='lat' dir='ltr'><strong>coma</strong></span> <span class='ocrx_word' id='word_1_376' title='bbox 524 2786 572 2823; x_wconf 90' lang='lat' dir='ltr'><strong>ab</strong></span> <span class='ocrx_word' id='word_1_377' title='bbox 593 2786 677 2837; x_wconf 90' lang='lat' dir='ltr'><strong>ipso</strong></span> <span class='ocrx_word' id='word_1_378' title='bbox 696 2795 917 2841; x_wconf 89' lang='lat' dir='ltr'><strong>servatum,</strong></span> <span class='ocrx_word' id='word_1_379' title='bbox 943 2790 1136 2828; x_wconf 87' lang='lat' dir='ltr'><strong>Ursellum</strong></span> <span class='ocrx_word' id='word_1_380' title='bbox 1155 2788 1282 2841; x_wconf 84' lang='lat' dir='ltr'><strong>ipsum</strong></span> <span class='ocrx_word' id='word_1_381' title='bbox 1303 2799 1454 2827; x_wconf 88' lang='lat' dir='ltr'><strong>veneno</strong></span> <span class='ocrx_word' id='word_1_382' title='bbox 1476 2785 1710 2826; x_wconf 81' lang='lat' dir='ltr'><strong>exstinxisse</strong></span> 
     </span>
    </p>
   </div>
   <div class='ocr_carea' id='block_1_5' title="bbox 269 2869 528 2876">
    <p class='ocr_par' dir='ltr' id='par_1_5' title="bbox 269 2869 528 2876">
     <span class='ocr_line' id='line_1_46' title="bbox 269 2869 528 2876; baseline 0 386"><span class='ocrx_word' id='word_1_383' title='bbox 269 2869 528 2876; x_wconf 95' lang='lat' dir='ltr'><strong> </strong></span> 
     </span>
    </p>
   </div>
   <div class='ocr_carea' id='block_1_6' title="bbox 344 2906 760 2952">
    <p class='ocr_par' dir='ltr' id='par_1_6' title="bbox 344 2906 760 2952">
     <span class='ocr_line' id='line_1_47' title="bbox 344 2906 760 2952; baseline 0.007 -12"><span class='ocrx_word' id='word_1_384' title='bbox 344 2906 384 2950; x_wconf 68' lang='lat' dir='ltr'><strong>*J</strong></span> <span class='ocrx_word' id='word_1_385' title='bbox 409 2906 559 2952; x_wconf 84' lang='lat' dir='ltr'><strong>Bryenn.</strong></span> <span class='ocrx_word' id='word_1_386' title='bbox 578 2907 600 2942; x_wconf 92' lang='lat'><strong>1.</strong></span> <span class='ocrx_word' id='word_1_387' title='bbox 616 2907 639 2943; x_wconf 88' lang='lat'><strong>3</strong></span> <span class='ocrx_word' id='word_1_388' title='bbox 655 2918 687 2942; x_wconf 92' lang='lat' dir='ltr'><strong>n.</strong></span> <span class='ocrx_word' id='word_1_389' title='bbox 704 2909 760 2943; x_wconf 69' lang='lat'><strong>26.</strong></span> 
     </span>
    </p>
   </div>
  </div>
 </body>
</html>
