1878 3262
252 215 350 260 362
705 211 909 255 CAROLI
938 212 1018 255 DU
1047 213 1259 258 FRESNE

248 326 335 362 mai
352 323 518 360 lzavesse
537 327 672 358 tenuto
691 320 728 358 il
740 334 817 358 suo
833 318 979 372 padre,
1000 334 1020 358 e
1037 320 1237 359 tornando
1257 322 1490 363 Rodoslavo
1509 326 1564 364 da
1579 325 1710 378 Cpoli,

247 380 482 418 commincio
508 378 815 429 signoreggiare
838 378 938 415 nelle
966 384 1066 415 terre
1097 392 1167 416 Sue
1191 380 1355 417 insieme
1368 384 1424 419 ου’
1442 385 1536 420 suoi
1545 384 1711 434 fratelli

248 436 413 475 Ivanisc
442 443 478 472 et
508 433 779 473 ValadimirO.
836 440 940 472 certe
973 434 1132 472 Servios
1161 447 1204 472 ea
1233 441 1463 488 tempestate
1489 439 1710 478 Manu'elem

247 497 295 530 ut
328 492 571 544 superiorem
609 491 816 530 dominum
848 491 1052 543 agnovisse
1083 497 1251 530 testatur
1282 499 1484 545 praeterea
1511 496 1710 535 Amoldus

246 548 390 589 Lubec.
408 548 434 588 l.
453 552 480 590 2
499 562 532 588 c.
554 547 595 590 4.

357 605 487 657 p.204
500 618 540 647 v.
551 606 589 646 8.
630 599 849 656 Βελούσην]
869 603 977 652 Quin
991 604 1117 642 illesit
1128 605 1366 658 cuiussupra
1378 605 1709 646 meminitCinna-
1755 609 1759 611 ⁴

246 675 333 700 mus
349 676 390 713 Ρ.
409 664 487 703 117
509 661 614 699 Bela
634 664 741 710 Bari,
771 661 904 698 nullus
920 661 1072 699 dubito.
1107 662 1176 699 sed
1197 662 1304 712 quod
1326 663 1438 701 addit
1454 663 1584 701 Belam
1601 663 1709 703 hunc

246 725 286 757 et
316 719 452 756 Desem
490 719 634 757 fratres
667 718 783 756 fuisse
814 717 1001 755 Rodoslai
1038 731 1106 756 seu
1135 719 1349 769 Primislai‚
1390 720 1584 758 Diocleati
1609 721 1709 759 scri—

244 776 352 827 ptori
369 787 535 824 coaevo,
563 780 610 813 ut
629 774 811 823 videtur,
839 780 1045 825 repugnat.
1081 775 1114 812 is
1132 776 1235 813 enim
1258 777 1413 815 Dessam
1430 776 1567 815 Urosci
1584 778 1709 815 comi-

244 833 297 870 tis
309 865 321 882 ‚
351 832 419 882 qui
449 833 555 870 Urus-
572 831 806 870 Thwroczio
826 830 973 870 dicitur
985 861 995 880 ‚
1025 831 1153 869 filium
1171 832 1280 871 facit.
1323 846 1560 884 quamquam
1577 834 1709 872 Belam

243 889 386 927 Dessae
410 890 573 927 fratrem
603 888 720 926 fuisse
748 888 947 939 probabile
972 893 1049 936 est,
1088 901 1178 927 cum
1205 890 1412 940 utriusque
1438 903 1581 941 parens
1607 891 1709 929 Urus

245 958 315 984 seu
334 947 504 983 Uroscus
531 945 662 983 suerit.
719 945 774 982 sic
799 950 927 982 autem
948 944 1193 997 praedictam
1216 948 1483 985 narrationem
1502 947 1709 998 prosequi-

244 1008 315 1041 tur
337 1003 571 1040 Diocleates:
599 1015 668 1038 ma
691 1015 762 1038 con
780 1015 960 1038 success-o
982 1000 1028 1038 di
1046 1009 1173 1053 tempo
1191 1005 1229 1040 Si
1250 1004 1437 1041 levarono
1457 1005 1597 1042 alcuni
1616 1018 1709 1041 ma—

245 1060 355 1110 ligni
381 1059 589 1105 huomini,
630 1072 658 1095 a
690 1058 775 1095 loro
809 1059 968 1095 inimici
994 1059 1171 1107 antichi,
1215 1061 1233 1096 i
1263 1061 1380 1111 quali
1404 1059 1628 1099 ribellando
1652 1059 1709 1098 da

246 1116 354 1164 loro,
394 1113 635 1152 condas-vero
656 1116 792 1151 Dessa
803 1115 993 1165 figliuolo
1014 1113 1057 1152 d'
1069 1116 1215 1163 Uro-w,
1263 1132 1282 1154 e
1301 1118 1369 1168 gli
1399 1117 1559 1155 diedero
1579 1124 1708 1168 zema,

246 1188 266 1210 e
291 1171 472 1220 Trebiae,
501 1186 529 1209 α
549 1169 754 1209 Βαάίείαο
780 1178 816 1208 et
847 1176 939 1208 suoi
961 1172 1123 1220 fratelli
1153 1174 1251 1210 resti
1280 1175 1316 1210 il
1335 1188 1457 1224 paese
1487 1176 1708 1225 maritimo,

247 1243 323 1267 con
341 1229 385 1266 la
402 1230 502 1266 citta
519 1227 565 1265 di
586 1227 777 1279 Catcaro,
811 1229 930 1265 insin’
951 1241 978 1264 a
999 1229 1176 1267 Scutari.
1234 1230 1278 1267 la
1310 1230 1412 1267 oncle
1437 1245 1518 1268 non
1542 1244 1709 1268 ces-sava

246 1284 462 1324 Radoslao
491 1286 548 1322 co’
565 1285 736 1335 flatelli
761 1287 859 1336 ogni
886 1283 932 1321 di
960 1284 1181 1322 combatere
1211 1293 1351 1324 contra
1379 1301 1463 1324 esso
1484 1289 1640 1336 Bessa,
1670 1294 1708 1324 et

243 1343 347 1380 altri
364 1342 450 1380 loro
475 1343 649 1390 inimici,
676 1355 747 1393 per
770 1344 999 1393 ricuperare
1024 1342 1060 1379 le
1077 1343 1305 1393 provincie,
1339 1343 1408 1381 clze
1436 1346 1475 1381 si
1499 1345 1564 1395 gli
1587 1357 1706 1381 erano

243 1399 426 1438 ribellate
440 1429 450 1446 ‚
482 1414 501 1436 e
518 1412 750 1436 consert'are
767 1399 802 1435 il
816 1405 990 1435 restante
1007 1397 1074 1435 del
1092 1413 1227 1450 regno.

354 1469 394 1497 v.
421 1459 489 1498 22.
549 1452 858 1506 Κλιτζιεσθλᾶν]
889 1456 987 1493 Rem
1011 1455 1130 1493 etiam
1146 1461 1285 1494 narrat
1305 1455 1459 1494 Nicetas
1478 1455 1504 1497 l.
1526 1458 1552 1498 3
1567 1469 1607 1494 n.
1626 1455 1654 1498 5
1669 1459 1707 1493 et

241 1515 282 1561 6,
311 1512 382 1550 ubi
405 1516 444 1551 et
460 1518 590 1550 terrae
609 1519 740 1550 motus
759 1512 951 1549 meminit.

352 1582 390 1619 p.
411 1571 495 1609 206
515 1582 560 1608 v.
583 1572 645 1610 19.
674 1569 865 1618 Λουκᾶς]
895 1567 1065 1616 Quando
1087 1567 1211 1605 Lucas
1226 1567 1513 1620 Chrysoberges
1533 1567 1706 1619 patriar-

240 1623 394 1662 chalem
415 1624 642 1674 dignitatem
661 1625 828 1675 adeptus
850 1624 922 1672 sit,
951 1624 1160 1662 incertum.
1216 1624 1260 1662 id
1289 1630 1445 1662 tantum
1473 1629 1630 1663 constat
1654 1637 1705 1661 ex

241 1681 341 1719 serie
381 1680 699 1732 patriarcharum
744 1681 1002 1719 Constantino
1035 1679 1245 1719 Chliareno
1284 1681 1525 1721 successisse.
1599 1680 1706 1718 hanc

239 1745 347 1776 certe
365 1738 569 1776 obtinebat
589 1738 631 1780 A.
661 1741 766 1780 1166
785 1738 868 1777 ind.
887 1738 927 1788 4,
955 1743 1001 1776 ut
1017 1750 1067 1775 ex
1084 1737 1315 1776 Balsamone
1337 1738 1535 1789 colligitur
1550 1737 1603 1776 ad
1622 1737 1706 1776 No-

238 1808 339 1833 moc.
363 1794 479 1832 Phot.
499 1795 560 1832 tit.
586 1798 636 1837 13
660 1808 690 1834 c.
711 1799 747 1837 1.

349 1865 390 1903 p.
409 1854 493 1893 207
511 1865 551 1890 v.
577 1854 643 1893 11.
698 1850 810 1905 ’ὑγρῷ
829 1865 870 1891 τε
889 1849 1007 1903 πυρὶ]
1035 1848 1130 1901 Igne
1149 1851 1319 1901 Graeco,
1348 1850 1415 1901 qui
1441 1853 1524 1903 πῦρ
1546 1847 1704 1891 θαλάσ-

240 1919 328 1948 σιον
359 1914 400 1945 et
427 1910 507 1959 πῦρ
535 1904 662 1959 ὑγρόν
687 1908 833 1945 dicitur
857 1907 975 1945 etiam
997 1906 1230 1959 Theophani
1257 1921 1297 1959 p.
1326 1908 1410 1950 295
1439 1909 1534 1950 352.
1591 1908 1704 1958 ignis

232 1966 455 2014 pennatias
484 1965 526 2002 in
546 1964 671 2002 Gestis
694 1963 936 2015 Triumphal.
962 1964 1190 2002 Pisanorum
1219 1966 1264 2002 A.
1292 1963 1418 2012 1114,
1452 1964 1560 2014 quod
1579 1964 1704 2001 instar

236 2026 501 2070 pennatorum
526 2022 754 2061 animalium
783 2021 903 2061 volet.
959 2021 1054 2060 vide
1079 2026 1193 2059 notas
1219 2026 1375 2059 nostras
1404 2020 1456 2057 ad
1481 2019 1700 2058 loinvillam

352 2144 392 2182 Ρ.
416 2133 498 2172 208
515 2144 554 2168 v·
577 2138 614 2173 1.
677 2129 1005 2185 Τουρκομᾶνους]
1037 2133 1259 2171 Turcorum
1279 2138 1320 2170 et
1332 2133 1699 2177 Turcomannorum

241 2187 378 2224 eadem
393 2187 471 2223 suit
489 2187 597 2237 origo
613 2216 623 2234 ,
654 2190 720 2236 qui
739 2203 828 2227 curn
850 2189 996 2227 relictis
1019 2189 1398 2241 Septentrionalibus
1418 2187 1639 2239 regionibus
1657 2188 1698 2225 in

239 2244 443 2282 Orientem
465 2242 812 2293 transmigrassem,
843 2259 932 2297 rege
951 2246 1024 2284 sibi
1047 2253 1194 2295 creato,
1224 2247 1426 2284 universas
1448 2256 1570 2295 paene
1588 2243 1699 2282 Asiae

236 2300 462 2352 provincias
482 2305 632 2337 armata
651 2312 769 2336 manu
789 2309 1045 2349 occuparunt.
1077 2309 1225 2341 extunc
1241 2316 1334 2354 gens
1353 2301 1432 2348 illa,
1457 2299 1573 2338 rudis
1589 2300 1699 2352 prius

238 2363 280 2394 et
315 2356 464 2394 inculta
502 2369 576 2393 nec
613 2361 740 2393 certas
770 2354 918 2391 habens
942 2356 1161 2394 mansiones
1198 2358 1343 2406 oppida
1374 2357 1501 2409 coepit
1526 2357 1699 2395 incolere

235 2413 415 2464 legesque
445 2413 614 2451 condere
646 2418 686 2449 et
712 2411 973 2462 agriculturae
1003 2424 1164 2462 operam
1203 2412 1310 2449 dare.
1366 2411 1475 2448 fuere
1496 2418 1627 2450 tamen
1647 2426 1698 2450 ex

235 2469 321 2519 his,
363 2470 429 2520 qui
447 2470 488 2507 in
509 2483 579 2509 sua
595 2469 770 2507 ruditate
787 2473 1030 2515 constantes,
1062 2469 1234 2518 priorem
1250 2465 1360 2505 haud
1382 2466 1604 2505 deserentes
1630 2469 1697 2507 vi-

233 2526 355 2564 vendi
376 2525 535 2564 modum
550 2557 561 2575 ,
603 2539 652 2563 ex
669 2531 782 2577 rapto
799 2524 936 2562 vivere
956 2525 1101 2562 assueti
1129 2524 1171 2562 id
1198 2524 1302 2563 vitae
1329 2529 1544 2562 tenuerunt
1561 2537 1694 2575 genus·

234 2581 277 2620 hi
302 2583 567 2620 Turcomanni
589 2583 716 2634 prisca
736 2581 995 2633 appellatione
1023 2581 1118 2619 dicti
1144 2587 1238 2620 sunt
1266 2580 1458 2618 vocabulo
1488 2594 1538 2618 ex
1557 2582 1696 2620 Turcis

235 2644 276 2676 et
294 2639 496 2687 Comanis,
540 2654 562 2676 a
597 2640 739 2690 quibus
767 2639 893 2690 prima
919 2650 1054 2675 eorum
1079 2638 1186 2689 origo
1215 2637 1289 2675 fuit
1312 2638 1540 2689 composita.
1596 2637 1695 2677 haec

235 2696 355 2734 ferme
375 2696 519 2746 Tyrius
546 2696 574 2733 1.
598 2699 617 2736 1
659 2709 691 2733 c.
713 2698 739 2736 7
768 2701 808 2732 et
836 2707 885 2732 ex
915 2707 960 2731 eo
981 2695 1142 2732 lacobus
1175 2693 1223 2732 de
1252 2693 1425 2731 vitriaco
1451 2694 1475 2732 l.
1509 2698 1529 2736 1
1567 2709 1599 2733 e.
1630 2698 1694 2737 11.

92 2753 120 2788 Ρ
145 2752 212 2790 467
234 2751 452 2791 Monachus
472 2751 652 2789 Altisiod..
674 2752 719 2790 A.
743 2752 871 2792 1187:
908 2763 979 2800 per
1001 2750 1074 2788 llos
1099 2749 1184 2788 dies
1206 2750 1536 2789 latrunculorum
1553 2753 1695 2802 Syriae

235 2816 273 2847 et
291 2822 426 2847 eorum
447 2810 517 2861 qui
535 2807 796 2845 solitudinem
819 2806 1063 2854 inhabitant,
1093 2820 1193 2857 quos
1218 2807 1519 2859 Tarcomagnos
1535 2814 1693 2857 vocant,

236 2868 448 2905 innumera
479 2863 701 2904 multitudo
732 2861 979 2903 Laodiceam
1016 2863 1147 2902 urbem
1178 2865 1374 2915 impetunt
1401 2872 1438 2902 et
1467 2863 1692 2904 devastant.
