1878 3262
358 199 417 242 IN
438 197 753 241 HISTORIAM
772 196 1002 240 IOANNIS
1026 194 1259 240 CINNAMI
1277 194 1478 238 NOTAE.
1566 194 1664 240 357

300 321 340 359 p.
363 309 440 350 181
465 319 506 345 v.
529 308 593 349 12.
648 302 886 358 Ἀντιοχείας
912 301 1150 359 ἀρχιερέως]
1180 305 1234 343 Ut
1266 305 1432 356 pessime
1456 310 1497 343 et
1523 310 1665 343 contra

175 363 390 416 dignitatis
407 363 528 402 decus
548 362 707 401 habitus
726 363 775 400 sit
793 362 842 400 ab
865 362 1072 413 Raynaldo
1095 361 1314 400 Aimericus
1330 361 1558 414 patriarcha
1576 360 1662 400 An-

189 419 420 471 tiochenas,
450 432 577 472 quave
596 434 647 459 ex
665 433 782 458 causa
805 420 892 457 fuse
909 425 1048 457 narrat
1067 419 1173 457 idem
1194 419 1338 471 Tyrius
1359 419 1387 457 l.
1407 422 1460 461 18
1481 432 1515 460 c.
1536 422 1573 462 1.

300 490 340 517 v.
359 480 426 519 20.
465 477 591 529 μέλιτι
609 477 834 530 ἐπιχρίσας]
865 475 1032 527 Tyriusz
1055 474 1246 527 quodque
1261 477 1367 513 satis
1385 474 1548 514 videtur
1569 475 1663 513 abo-

189 534 406 583 minabile,
443 533 689 572 sacerdotem
713 534 979 586 longaevum,
1016 534 1133 570 Petri
1158 534 1434 584 apostolorum
1456 533 1662 584 principis

187 605 477 642 successorem,
517 593 654 631 virum
685 591 983 642 aegrotativum
1012 596 1050 626 et
1074 604 1203 641 paene
1227 597 1420 642 perpetuo
1448 590 1663 642 infirman-

188 655 288 695 tem,
317 646 431 686 nudo
464 650 597 701 capite
623 654 660 685 et
683 647 797 685 melle
819 645 1023 696 delibuto,
1058 660 1135 697 per
1160 649 1360 685 aestivam
1380 645 1487 684 diem
1512 648 1558 684 in
1578 646 1662 684 sole

177 705 480 757 ferventissimo
511 705 707 756 compulit
735 702 889 755 sedere,
914 704 1069 741 nemine
1086 710 1228 741 contra
1247 704 1347 741 solis
1371 704 1663 755 importunita-

188 770 266 799 tem
296 762 510 814 praebente
540 760 760 800 remedium
801 761 866 799 vel
889 761 1035 812 gratia
1069 761 1242 812 pietatis
1269 774 1434 798 muscas
1461 761 1659 814 abigente.

188 819 238 858 de
258 819 451 858 eiusmodi
466 819 659 870 supplicio
677 817 771 858 vide
789 817 1004 856 Baronium
1023 816 1075 854 ad
1092 820 1146 859 28
1162 817 1261 855 Iulii.

298 889 337 928 p.
363 879 444 919 182
469 889 508 915 v.
532 877 573 917 5.
628 874 859 927 ἐφεστρίδος
890 870 1058 927 ἱμάντα]
1094 874 1304 926 Pei-peram
1332 874 1455 911 vestis
1476 873 1661 925 cingula,

186 936 235 970 ut
251 937 292 970 et
306 932 412 970 infra
430 945 471 983 p.
493 934 573 974 187
599 932 721 970 vertit
740 931 907 970 Tollius:
935 930 998 969 his
1027 930 1173 982 quippe
1197 930 1329 970 verbis
1357 929 1564 982 stapedum
1592 941 1663 967 seu

186 988 490 1038 scandularum,
518 989 661 1039 quibus
686 989 731 1027 in
756 1001 902 1040 equum
930 987 1020 1039 quis
1046 987 1224 1037 tollitur,
1254 988 1341 1026 lora
1361 987 1494 1025 innuit
1516 986 1664 1024 Cinna-

185 1058 286 1086 mus,
345 1059 436 1084 cum
463 1045 566 1084 enim
594 1058 712 1096 eques
738 1046 781 1089 in
806 1058 952 1096 equum
979 1044 1124 1094 insilit,
1152 1044 1281 1083 teneri
1302 1043 1431 1082 solent
1451 1057 1474 1081 a
1492 1048 1664 1081 stratore

185 1102 378 1140 eiusmodi
408 1114 579 1155 appensa
603 1103 718 1140 sellae
747 1102 920 1153 equestri
936 1101 1042 1150 lora,
1069 1114 1120 1139 ne
1142 1101 1239 1139 dum
1256 1100 1430 1140 validius
1448 1099 1662 1138 scandulae

185 1171 255 1197 seu
281 1160 444 1210 stapiae
470 1158 646 1209 insistit,
682 1159 768 1211 ipsa
793 1158 1084 1210 circumagatur
1118 1158 1231 1195 sella:
1273 1157 1329 1195 sic
1358 1157 1463 1195 enim
1493 1156 1662 1195 observo

184 1215 392 1253 scandulas
417 1216 513 1254 istas
539 1216 728 1268 appellari
744 1216 788 1254 in
805 1216 934 1254 veteri
957 1214 1234 1266 inscriptione:
1264 1213 1365 1251 dum
1391 1213 1662 1266 virgunculae

178 1272 343 1324 placere
372 1286 576 1324 cuperem,
599 1287 674 1324 pes
697 1273 831 1310 lzaesit
858 1274 1020 1324 stapiae
1048 1279 1086 1309 et
1113 1279 1272 1309 tractus
1289 1272 1411 1323 perii.
1469 1276 1511 1308 at
1533 1269 1665 1308 infimi<

185 1330 277 1368 aevi
306 1329 519 1381 scriptores
546 1329 676 1367 Latini
705 1337 862 1381 strepae
890 1328 1086 1368 vocabulo
1118 1328 1181 1367 usi
1205 1342 1288 1366 non
1318 1327 1438 1366 semel
1459 1328 1660 1378 leguntur,

184 1399 259 1437 pro
292 1385 518 1435 scandala,
559 1400 642 1425 non
667 1387 777 1437 quod
806 1394 943 1438 strepa
970 1385 1158 1424 scandula
1176 1385 1317 1434 fuerit,
1346 1384 1416 1422 sed
1432 1383 1563 1436 ipsum
1581 1396 1668 1434 quo-

184 1442 253 1480 illa
269 1442 487 1481 innectitur
505 1443 657 1492 lorum,
687 1457 711 1480 a
727 1456 825 1482 voce
844 1443 1038 1482 Saxonica
1056 1450 1161 1494 strep
1174 1471 1186 1492 ,
1215 1443 1242 1483 i.
1265 1441 1444 1493 corrigia.
1490 1439 1661 1492 proinde

184 1506 362 1551 strepam
389 1507 516 1537 tenere
543 1500 650 1552 apud
677 1500 835 1539 eosdem
863 1500 1097 1552 scriptoreS,
1136 1512 1235 1549 quos
1266 1499 1371 1536 infra
1396 1496 1660 1545 laudabimus,

183 1556 345 1608 proprie
370 1562 431 1596 est
456 1563 583 1594 tenere
607 1557 743 1595 lorum
767 1555 962 1608 stapedis.
1019 1556 1221 1594 interdum
1245 1555 1365 1593 etiam
1387 1562 1566 1606 stregam
1590 1559 1662 1592 aut

183 1620 390 1665 streguam
417 1621 542 1651 tenere
571 1613 781 1665 dixerunt,
809 1620 859 1652 ut
876 1614 978 1652 Acta
1004 1612 1200 1651 Hadriani
1219 1612 1274 1651 lv
1298 1617 1339 1650 et
1366 1610 1587 1649 Alexandri
1607 1609 1661 1648 111

183 1683 251 1721 pp.
273 1670 382 1722 apud
402 1671 653 1721 Baronium„
668 1684 768 1722 quae
786 1684 870 1710 vox
888 1670 994 1709 idem
1013 1675 1130 1708 sonat
1148 1683 1194 1708 ac
1212 1676 1368 1720 strepa,
1398 1682 1421 1705 a
1441 1680 1542 1707 voce
1563 1680 1661 1719 per-

183 1726 280 1764 inde
311 1727 507 1765 Saxonica
538 1735 698 1780 stt-eng,
739 1728 768 1770 i.
797 1727 972 1777 chorda,
1010 1726 1137 1775 funis,
1174 1726 1400 1774 vinculum,
1427 1725 1566 1776 ligula,
1595 1724 1661 1762 lo-

183 1796 278 1821 rum
304 1789 399 1831 etc„
439 1784 501 1822 uti
522 1785 776 1824 observatum
805 1798 829 1822 a
856 1786 1069 1823 Somnero:
1107 1783 1217 1822 unde
1242 1784 1347 1820 forte
1367 1782 1472 1819 Italis
1494 1788 1661 1832 stregua

186 1839 334 1878 dicitur
363 1854 492 1891 equus
522 1843 782 1893 sagmarius,
811 1841 922 1892 quod
939 1840 1115 1879 sarcinae
1134 1840 1244 1890 equis
1259 1839 1343 1876 istis
1356 1838 1561 1889 impositae
1579 1837 1660 1875 cir-

186 1897 374 1935 cumactis
405 1897 583 1948 undique
608 1898 703 1936 loris
733 1899 994 1950 stringantur.
1051 1903 1225 1935 utuntur
1251 1895 1421 1945 denique
1444 1894 1660 1946 scriptores

185 1953 357 2004 staplzae
394 1959 434 1991 et
470 1954 618 2006 staffae
652 1955 848 1993 vocabulo
878 1955 1015 1992 eadem
1041 1953 1204 1992 notione
1232 1965 1302 1991 seu
1328 1966 1402 2004 pro
1430 1951 1516 2003 ipsa
1544 1964 1661 1988 scan-

186 2010 302 2058 dula,
332 2009 571 2061 Radulphus
598 2010 647 2048 de
665 2011 801 2048 Diceto
821 2009 870 2051 A.
892 2014 1023 2052 1170:
1054 2024 1146 2048 cum
1175 2017 1310 2047 autem
1333 2022 1402 2046 rex
1432 2016 1469 2046 et
1496 2007 1658 2046 archie-

177 2068 377 2118 piscopus
406 2069 654 2105 secessissent
681 2069 725 2105 in
748 2075 911 2119 partem
939 2067 1079 2118 bisque
1114 2065 1429 2113 descendissent,
1474 2065 1538 2103 bis
1569 2071 1657 2101 sta-

178 2123 309 2175 pham
330 2137 398 2160 rex
418 2126 548 2162 tenuit
569 2124 884 2176 archiepiscopo.
941 2137 1163 2176 anonymus
1190 2123 1457 2162 Salernitanus
1477 2126 1592 2171 parte
1609 2120 1655 2163 4:
1678 2129 1706 2164 P
1731 2128 1800 2165 463

183 2180 329 2218 sellam
356 2194 477 2232 super
496 2195 623 2233 quam
646 2181 858 2233 equitabat
884 2181 1134 2234 staffamque
1149 2179 1319 2216 solitam
1330 2177 1518 2228 ponebat.
1568 2184 1658 2215 sta-

177 2237 309 2289 pham
329 2238 440 2289 quasi
459 2241 639 2291 stapiam
659 2238 806 2277 dictam
822 2238 911 2278 vult
926 2239 1087 2278 Vossius
1105 2236 1136 2276 l.
1153 2238 1172 2276 1
1198 2234 1247 2272 de
1267 2234 1380 2272 Vitiis
1391 2235 1515 2272 Serm.
1536 2247 1573 2285 p.
1586 2234 1655 2276 35.

184 2294 302 2333 aliam
332 2294 521 2346 originem
546 2295 741 2340 vocabulo
761 2295 827 2333 isti
846 2295 1010 2332 accersit
1030 2290 1228 2342 Goropius
1247 2290 1432 2329 Bekanus
1453 2291 1479 2328 l.
1502 2293 1530 2331 2
1558 2290 1655 2328 Gal-

183 2351 352 2390 licorum
367 2365 406 2402 p.
424 2353 491 2395 49.
549 2352 617 2390 sed
637 2349 834 2399 quidquid
851 2349 902 2387 sit
920 2348 970 2387 de
987 2354 1144 2400 etymo,
1187 2354 1344 2386 constat
1368 2348 1462 2386 inde
1492 2347 1656 2398 staffie-

184 2421 253 2444 ros
281 2408 330 2445 ab
353 2408 462 2444 Italis
490 2406 708 2458 appellatos
735 2411 949 2456 stratores,
989 2405 1099 2456 quod
1126 2404 1178 2443 ad
1205 2405 1374 2457 staffam
1395 2409 1523 2452 stent,
1563 2416 1654 2442 cum

185 2475 302 2513 eques
332 2476 478 2513 equum
505 2462 736 2501 conscendit
778 2468 849 2501 aut
870 2462 955 2514 ipse
976 2462 1138 2500 incedit.
1198 2474 1273 2499 nec
1302 2461 1448 2500 mirum
1475 2460 1657 2499 barbaris

185 2519 290 2557 hisce
310 2519 477 2558 vocibus
498 2534 590 2559 usos
616 2533 696 2558 esse
715 2520 858 2571 passim
880 2520 1093 2570 scriptores
1110 2518 1376 2567 recentiores,
1406 2531 1497 2556 cum
1519 2524 1655 2569 stape-

187 2575 284 2614 dum
310 2589 380 2615 seu
406 2578 687 2616 scandularum
716 2577 849 2615 nullus
872 2577 992 2615 suerit
1013 2575 1121 2627 apud
1150 2582 1303 2614 veteres
1331 2588 1448 2624 usus,
1488 2575 1546 2612 uti
1565 2574 1654 2626 pri—

188 2632 278 2670 dem
304 2646 492 2673 monuere
519 2635 682 2674 Ioannes
715 2634 948 2684 'lortellius,
979 2633 1184 2671 Galeottus
1205 2631 1393 2682 Martius,
1422 2631 1528 2670 idem
1547 2631 1653 2670 Vos-

187 2689 290 2738 sius,
318 2691 547 2742 Salmasius,
578 2694 710 2730 Sant-
723 2690 926 2730 Amantius
954 2697 993 2729 et
1021 2690 1098 2728 alii.
1156 2689 1296 2728 Graeci
1324 2689 1466 2741 nuperi
1491 2687 1654 2740 staphas

122 2764 134 2772 ·
187 2741 335 2794 σκᾶλας
360 2761 574 2799 vocavere,
603 2755 650 2788 ut
678 2749 791 2786 Ieo
782 2763 876 2801 imp.
904 2748 946 2786 in
977 2748 1087 2785 Tact.
1116 2760 1147 2787 c.
1171 2749 1198 2789 6
1225 2760 1265 2786 n.
1295 2750 1408 2795 10‚c
1387 2748 1495 2788 ο.12
1521 2759 1561 2784 n.
1583 2743 1651 2790 53,

187 2803 422 2843 Mauritius·
411 2819 453 2844 m
470 2808 652 2857 Strateg„
674 2805 815 2844 Suidas
826 2835 837 2855 ,
862 2804 1116 2854 Eustathius,
1147 2804 1287 2848 Codin.
1310 2803 1358 2842 de
1374 2802 1450 2842 Off.
1469 2816 1504 2844 e.
1522 2805 1546 2843 3
1564 2814 1603 2839 n.
1623 2802 1652 2842 9

188 2867 261 2900 etc.
318 2862 509 2913 κλίμακας
528 2864 786 2914 Pachymeres
804 2863 872 2902 l.
847 2879 874 2905 ο
899 2876 930 2903 c.
947 2865 1013 2905 27.
