1878 3262
38 3095 46 3235 „‚«„-„.-«.<
36 3005 44 3058 ,Α’-

645 201 1039 245 HISTORIARUM
1071 203 1117 245 L.
1152 201 1185 248 Ι.
1577 205 1640 250 23

180 318 246 359 καὶ
283 312 403 358 πάλιν
438 316 615 358 Κιλίκων
650 314 811 372 ἐχώρει,
835 316 958 358 ,κατὰ
993 321 1089 359 νοῦν
1123 316 1224 372 ἔχων
1257 318 1329 372 τὴν
1364 319 1540 360 Κιλίκων
1571 321 1637 361 καὶ
1662 325 1692 360 C

173 385 404 438 Ἀντιοχέων
430 385 501 435 ξὺν
521 382 715 427 Ἀττάλου
743 386 809 426 καὶ
835 382 993 442 Κύπρῳ
1019 388 1076 435 εἷς
1099 390 1248 443 κλῆρον
1273 386 1560 430 ἀποδώσεσθαι
1583 391 1640 446 τῷ

180 451 398 508 listron-727».
468 452 567 495 ὅθεν
589 454 631 495 δὲ
654 455 717 495 ἐπὶ
737 454 900 506 ταυτηνὶ
922 452 995 507 τὴν
1015 452 1169 496 ἔννοιαν
1188 450 1314 510 ἦλθεν
1334 456 1435 512 ἐρῶν
1457 455 1638 512 ἔρχομαι.

181 519 330 578 φθάνει
356 522 430 575 μὲν
449 522 633 579 Ἀλεξίῳ,
677 520 722 571 ὃς
754 518 1030 579 πρεσβύτατος
1055 522 1166 580 αὐτῷ
1190 526 1346 566 παίδων
1380 524 1555 580 ἐγένετο,
1589 525 1641 567 τὰ

146 589 386 644 5Ῥωμαίων
399 592 442 632 ἐκ
455 594 607 632 πολλοῦ
630 588 979 645 μνηστευσάμενος
1002 594 1199 647 σκῆπτρα.
1267 593 1349 634 ἐπεὶ
1375 594 1419 635 δὲ
1444 594 1511 635 καὶ
1536 595 1640 636 Μα-

177 659 301 713 νουὴλ
337 659 506 714 ἔσχατος
539 659 651 716 αὐτῷ
681 659 862 714 γένοιτο,
906 656 1050 715 φάσεις
1074 658 1219 701 αὐτίκα
1253 661 1424 716 ἐφοίτων
1447 663 1514 703 καὶ
1539 660 1641 716 ξύμ-

174 732 283 781 βολα
308 730 516 781 βασιλείας
541 729 597 778 εἷς
621 727 690 769 τὸν
715 729 842 769 παῖδα
868 727 1096 783 ἔγνωρίζετο
1108 759 1122 779 ‚
1172 721 1229 770 ὧν
1254 726 1340 777 ἰνὸς
1364 727 1390 782 ἢ
1417 731 1527 771 δυοῖν
1551 732 1640 772 ἔπι-

176 800 411 851 μνησθῆναι
448 795 498 838 οὕ
533 813 604 850 μοι
631 796 763 846 ἔδοξεν
789 794 869 837 ἄπο
908 793 1006 838 εἶναι
1032 800 1189 853 καιροῦ.
1258 795 1392 851 ἐπειδή
1419 813 1513 839 ποτε
1540 798 1640 855 πρὸς

175 863 300 906 ὕπνον
327 865 577 922 κατέδαρθεν
604 863 625 906 ὃ
652 862 858 919 Μανουήλ
871 895 886 916 ,
920 862 1019 920 γυνή
1045 882 1107 915 τις
1132 863 1232 922 ὄναρ
1257 866 1470 922 ἐφίσταται
1495 864 1639 923 τούτῳ,

126 940 168 974 10
178 931 278 987 ὄψις
300 932 448 988 σεμνή,
482 935 653 987 μέλαινα
678 931 829 987 ἐσθής,
866 933 908 975 ἓν
934 933 978 974 δὲ
998 935 1115 990 χερσὶ
1140 934 1282 976 πέδιλα
1308 931 1426 976 ὁποῖα
1450 938 1642 988 βασιλεῦ-

178 1018 241 1049 σιν
274 1000 546 1044 ὖποδεδέσθαι
582 1000 717 1056 νόμος.
793 1002 860 1043 καὶ
894 1003 1103 1058 παρείχετο
1137 1007 1196 1060 τῷ
1229 1002 1436 1056 Μανουὴλ
1457 1006 1643 1059 χρῆσθαι

177 1067 394 1113 κελεύουσα
420 1070 721 1127 ἀποσεισαμένῳ
746 1071 884 1112 ταυτί·
931 1072 1102 1113 ἐδείκνυε
1139 1072 1184 1113 δὲ
1218 1071 1269 1114 τὰ
1304 1070 1464 1127 συνήθη
1490 1069 1631 1114 κυανά.
1653 1078 1686 1112 D

177 1138 198 1179 ὃ
225 1139 268 1180 δὲ
293 1138 477 1195 θορύβου
502 1140 649 1192 μεστὸς
671 1137 931 1195 ἀνεγρόμενος
952 1139 1086 1194 ἐπειδὴ
1109 1139 1167 1194 μὴ
1181 1138 1427 1195 ἐντυγχάνειν
1439 1146 1522 1190 τοῖς
1543 1138 1642 1197 ὅρα-

176 1210 307 1248 θεῖσιν
333 1206 458 1262 εἶχεν,
505 1209 846 1264 ἓκλαυθμυρίζετο
873 1207 978 1250 κατὰ
1013 1208 1109 1258 τοὺς
1132 1210 1282 1258 παῖδας
1306 1210 1373 1250 καὶ
1399 1208 1642 1265 ἀφῃρῆσθαι

122 1281 164 1317 15
179 1280 306 1318 ταῦτα
332 1275 444 1333 παρά
470 1293 541 1318 του
568 1281 649 1318 τῶν
673 1278 763 1332 περὶ
788 1276 861 1331 τὴν
887 1274 1022 1318 ἑστίαν
1048 1275 1160 1336 ᾤετο.
1227 1280 1345 1319 τοῦτο
1358 1277 1432 1331 μὲν
1445 1277 1494 1332 δὴ
1509 1281 1642 1318 τοιοῦ-

175 1361 266 1396 τον,
312 1346 445 1400 ἕτερον
472 1346 515 1387 δὲ
553 1345 668 1386 οὐδὲν
695 1345 806 1402 αὐτῷ
832 1344 1015 1388 ἔλασσον.
1081 1339 1132 1400 ἦν
1155 1362 1217 1395 τις
1241 1349 1454 1399 μοναχῶν·
1498 1347 1642 1402 πατρὶς

176 1413 287 1470 αὐτῷ
323 1415 548 1464 Γαλιλαία,
582 1415 673 1467 βίος
698 1410 999 1470 ἀναχωρητικός
1033 1430 1074 1455 τε
1101 1415 1168 1455 καὶ
1194 1412 1323 1470 ὄρειος
1339 1427 1350 1439 ·
1393 1406 1510 1463 οὗτος
1535 1414 1640 1456 ἕπει-

177 1480 227 1535 δή
255 1499 349 1524 ποτε
376 1483 418 1532 ἐς
450 1479 609 1535 ὁμιλίαν
645 1485 811 1535 βασιλ-εἴ
829 1483 1054 1524 καθίστατο
1076 1479 1261 1538 Ἰωάννῃ,
1303 1481 1400 1531 τοὺς
1428 1484 1578 1532 παῖδας
1602 1483 1643 1532 ἐς

176 1549 300 1596 αὐτὸν
323 1549 604 1607 παρελθόντας
625 1550 722 1592 ἴδιὸν
742 1557 825 1600 τοῖς
837 1551 910 1604 μὲν
924 1549 1062 1600 ἄλλοις
1082 1549 1160 1592 ὅσα
1173 1552 1240 1592 καὶ
1255 1552 1467 1600 ἰδιωτικοῖς
1486 1567 1641 1606 προση-

120 1631 165 1664 20
178 1613 300 1675 νέχθη
314 1652 328 1671 ,
384 1619 593 1674 Μανουὴλ
630 1619 673 1661 δὲ
706 1623 848 1662 τοῦτον
883 1618 957 1662 σὺν
993 1619 1181 1678 εὐλαβείᾳ
1214 1618 1393 1676 προσιών
1427 1617 1639 1674 ἔπευλόγει.

175 1688 482 1741 πυνθανομένου
510 1689 553 1730 δὲ
585 1688 786 1742 βασιλέως
811 1686 905 1730 ὅτου
941 1689 1054 1730 ἓνεκα
1078 1692 1207 1730 ταῦτα
1234 1689 1388 1743 ποιοίη,
1422 1685 1640 1741 ὖπολαβών
1664 1696 1693 1731 Ρ
1718 1697 1760 1732 13

174 1752 195 1795 ὃ
222 1755 399 1808 μοναχὸς
428 1753 559 1812 “331’'
591 1754 692 1811 ἔφη,
731 1754 756 1769 “
769 1754 894 1808 μόνος
931 1756 973 1805 ἐξ
1000 1754 1188 1798 ἁπάντων
1212 1755 1419 1810 Μανουὴλ
1452 1756 1644 1810 βασιλεὺς

176 1823 262 1876 ἐμοὶ
290 1822 509 1881 φαίνεται.”
580 1823 624 1865 ἐκ
650 1824 693 1866 δὲ
717 1822 871 1875 τούτων
904 1825 971 1865 καὶ
996 1821 1188 1866 τοιούτων
1223 1824 1356 1866 ἄλλων
1389 1825 1430 1873 ἐς
1467 1823 1641 1880 ἀπεράν-

268 1932 302 1965 2.
326 1926 393 1972 ξῦν
416 1925 610 1981 Ἀττάλου]
644 1929 743 1965 Fort.
777 1929 847 1974 εῡν
871 1931 919 1976 τῇ
948 1928 1129 1966 Ἀττάλου.
1278 1930 1333 1966 15.
1359 1927 1507 1977 ἑστίαν]
1545 1930 1598 1965 ιω
1615 1915 1649 1966 ι.’

267 1976 421 2011 Vossius.
458 1975 547 2010 Cod.
570 1975 720 2012 ενθίαν.

177 2067 283 2103 moliri
296 2094 307 2110 ‚
331 2066 490 2101 continuo
516 2067 668 2101 Ciliciam
691 2066 835 2113 repetit,
863 2078 904 2100 eo
921 2066 1030 2101 animo
1058 2069 1097 2100 ut
1117 2077 1184 2101 non
1201 2066 1353 2100 Ciliciam
1368 2066 1556 2111 duntaxat,
1579 2068 1640 2102 sed

177 2118 214 2150 et
235 2113 472 2156 Antiochiam,
494 2113 655 2148 Attaliam
689 2117 726 2146 et
750 2113 902 2158 Cyprum
925 2112 1077 2146 Manueli
1102 2113 1173 2146 filio
1199 2112 1234 2146 in
1259 2113 1500 2148 haereditatem
1528 2113 1639 2148 daret.

177 2160 266 2194 unde
289 2171 370 2194 vero
394 2159 429 2193 id
453 2159 484 2193 ei
507 2159 643 2193 venerit
666 2158 700 2192 in
716 2164 859 2193 mentem
874 2185 885 2200 ‚
908 2158 1028 2204 paucis
1050 2158 1236 2204 expediam.
1283 2158 1400 2193 Alexio
1417 2159 1639 2204 primogenito

176 2206 366 2242 Romanum
378 2205 553 2250 imperium
575 2205 642 2238 iam
655 2204 786 2250 pridem
798 2204 938 2238 tradere
951 2204 1168 2239 decreverat:
1192 2204 1252 2238 sed
1275 2206 1358 2238 nato*
1369 2204 1529 2239 Manuale
1554 2204 1639 2239 libe-

177 2263 293 2286 rorum
313 2256 485 2296 postremo
497 2276 508 2293 ‚
532 2251 576 2285 de
598 2262 638 2285 eo
663 2250 778 2285 statim
803 2250 1049 2295 praedictiones
1063 2250 1098 2284 in
1114 2250 1237 2295 vulgus
1251 2261 1408 2295 sparsae,
1434 2251 1518 2285 etin
1531 2261 1640 2296 puero

178 2309 247 2333 non
262 2308 372 2343 pauca
386 2296 517 2342 imperii
539 2297 653 2341 agnita
668 2300 747 2330 sunt
773 2296 932 2340 auguria,
957 2298 1097 2342 quorum
1112 2307 1213 2330 unum
1236 2301 1341 2340 atque
1363 2297 1506 2331 alterum
1519 2308 1640 2331 recen-

177 2355 253 2379 sere
269 2343 359 2377 haud
375 2343 436 2377 abs
456 2355 495 2377 re
511 2342 586 2381 erit.
634 2341 811 2376 dormienti
832 2342 1010 2387 aliquando
1033 2342 1181 2377 Manueli
1204 2342 1362 2388 apparuit
1377 2342 1495 2376 mulier
1508 2370 1518 2387 ‚
1542 2342 1639 2376 vultu

177 2400 322 2431 severo,
345 2389 443 2433 nigra
457 2388 575 2423 induta
598 2393 715 2430 veste,
738 2387 889 2422 manibus
903 2394 1022 2422 tenens
1047 2389 1293 2430 oelceamenta,
1317 2388 1438 2433 quibus
1456 2388 1638 2433 imperato-

177 2446 232 2469 res
255 2434 348 2468 indui
373 2434 476 2469 moris
500 2438 564 2472 est.
613 2446 653 2469 ea
679 2433 830 2468 Manueli
852 2434 974 2468 obtulit
1005 2434 1227 2478 indueretque
1259 2433 1456 2479 praecepit,
1487 2433 1636 2478 reiectis,

177 2481 301 2526 quibus
315 2480 367 2514 uti
382 2484 607 2514 consueverat
622 2484 657 2514 et
672 2490 761 2525 quae
773 2480 984 2514 monstrabat
998 2480 1134 2522 mulier,
1159 2479 1334 2514 caeruleis.
1380 2479 1547 2514 excitatus
1563 2481 1651 2514 cum'

177 2526 308 2571 ingenti
321 2526 600 2571 perturbatione,
623 2526 681 2559 ubi
701 2537 788 2569 quae
810 2525 943 2560 viderat
957 2537 1024 2560 non
1046 2526 1195 2571 reperit,
1220 2536 1401 2570 puerorum
1415 2536 1509 2559 more
1523 2524 1638 2570 plora-

177 2572 258 2614 bat,
282 2583 392 2617 eaque
413 2584 433 2605 e
458 2572 650 2607 domesticis
673 2571 815 2616 aliquem
838 2571 999 2606 credebat
1019 2571 1208 2606 abstulisse.
1254 2570 1415 2605 eiusmodi
1444 2570 1510 2604 fuit
1531 2582 1638 2615 augu-

180 2617 283 2660 rium,
307 2617 362 2651 cui
378 2617 467 2651 haud
490 2618 584 2652 istud
600 2617 703 2651 cedit.
751 2618 931 2652 monachus
946 2622 1048 2662 gente
1065 2617 1257 2659 Galilaeus‚
1282 2616 1339 2661 qui
1357 2615 1465 2650 vitam
1479 2616 1637 2650 monasti-

183 2673 255 2696 cam
279 2663 314 2696 in
337 2663 431 2697 silvis
454 2674 495 2697 ac
518 2663 686 2698 montibus
702 2664 826 2707 agebat
838 2689 848 2706 ‚
870 2664 949 2697 dum
964 2663 1054 2697 forte
1069 2674 1137 2697 una
1152 2674 1226 2696 cum
1247 2663 1450 2708 imperatore
1467 2662 1637 2707 colloque-

181 2712 298 2750 retur,
320 2709 520 2753 videretque
543 2709 747 2743 accedentes
772 2709 816 2742 ad
838 2720 877 2743 se
900 2709 990 2743 illius
1012 2709 1154 2749 liberos,
1186 2712 1317 2742 ceteros
1348 2707 1452 2742 veluti
1479 2708 1636 2754 privatos

183 2754 320 2796 habuit,
342 2754 492 2789 Manueli
512 2767 595 2790 vero
619 2755 974 2800 humaniteraccepto
991 2754 1256 2789 benedictionem
1279 2753 1452 2802 impertiit.
1497 2757 1638 2798 rogatus

184 2811 205 2830 a
231 2798 556 2844 pdncipessquorsum
579 2801 664 2834 haec
683 2801 828 2845 egisset,
862 2800 1035 2846 respondit
1058 2800 1260 2843 monachus,
1289 2811 1389 2834 unum
1425 2811 1467 2834 ex
1489 2798 1638 2833 omnibus

184 2843 377 2879 Manuelem
399 2845 463 2882 sibi
488 2846 723 2892 imperatorem
750 2846 869 2883 videri.
916 2849 1000 2882 haec
1023 2851 1060 2881 et
1082 2845 1202 2882 similia
1226 2845 1288 2880 etsi
1312 2845 1407 2881 varie
1429 2844 1639 2891 imperatoris
