1878 3262
253 214 347 268 102
472 235 475 237 ·
690 216 997 263 NICEPHORI
1029 215 1297 261 BRYENNH
1334 223 1339 240 '²

247 335 386 393 ῥέκτῃ,
421 331 449 390 ἢ
470 333 504 375 εἰ
523 331 581 388 μὴ
604 330 712 374 ἄκων
727 329 893 387 βούλοιο
915 335 1034 375 τοῦτο
1054 336 1226 383 παθεῖν,
1260 335 1333 374 τοῦ
1349 331 1394 375 τὸ
1417 329 1604 376 κοινωνὸν
1627 333 1706 375 αὖ-

247 403 318 445 τὸν
339 402 542 456 λαβέσθαι
568 401 795 455 σκέμματος
818 402 1053 456 ἀποστῆναι.
1121 399 1242 443 ταῦτ’
1274 400 1401 456 εἴρηκε
1432 403 1499 443 καὶ
1530 403 1585 452 εἷς
1617 402 1706 452 δέος

247 470 351 525 μέγα
371 469 440 512 τὸν
460 470 632 523 βασιλέα
652 470 813 524 ἐνέβαλε
836 471 902 512 καὶ
923 469 1056 520 ἄλλως
1077 467 1207 511 δειλόν
1231 485 1273 511 τε
1297 467 1393 511 ὄντα
1420 470 1486 510 καὶ
1512 469 1586 524 τὴν
1607 468 1705 512 ἔαυ-

247 542 322 581 τοῦ
343 537 460 581 σκιὰν
484 535 815 592 ὑποπτήσσοντα,
845 537 867 580 ὅ
888 555 1026 595 φασιν.
1422 539 1425 542 “

130 609 162 644 V
185 608 231 644 50
390 606 435 650 3.
497 605 759 663 Ἀφικομένου
788 607 920 649 τοίνυν
945 610 1018 648 τοῦ
1039 603 1256 661 Βρυεννίου
1281 601 1302 645 ὃ
1322 603 1513 657 βασιλεὺς
1531 601 1739 659 Μιχαὴλ5

197 677 230 712 D
254 673 331 717 τὸν-
345 672 495 717 σκόπον
514 675 786 729 μεταθέμενος
805 673 990 729 ἐβούλετο
1014 677 1156 715 τοῦτον
1177 674 1303 714 ὁόῧκα
1326 675 1398 726 τῆς
1419 675 1499 714 τῶν
1520 671 1706 728 Βουλγά-

246 759 331 800 ρων
350 743 646 793 ἀποδείξασθαι
669 743 801 798 πάσης
814 742 978 799 χώρας,
1015 740 1114 784 ὥστε
1143 741 1200 783 δι’
1236 741 1361 782 αὐτοῦ
1394 741 1461 782 καὶ
1493 739 1539 782 τὸ
1562 743 1707 782 Effla-

245 813 370 866 βίνων
399 810 519 861 ἔθνος
548 816 866 868 κατακυριεῦσαν
890 811 1176 864 ἇνασταλῆναι.
1245 810 1311 851 καὶ
1336 808 1385 863 δὴ
1409 809 1449 850 ἓν
1472 810 1708 868 Βουλγαρίᾳ
1750 849 1759 857 x

244 877 453 934 γενόμενος
474 878 516 921 ἓν
535 884 687 936 βραχεῖ’
700 884 829 936 καιρῷ
846 881 886 929 ἐς
907 883 1099 921 τοσοῦτον
1119 877 1164 920 τὸ
1187 878 1430 930 Σθλαβίνων
1450 877 1708 919 ἐταπείνωσεν

246 946 389 999 ἔθνος,
434 945 490 997 ὥς
517 945 596 989 ὑπὸ
621 948 736 1004 ζυγὸν
749 946 959 1001 Ῥωμαίων
984 942 1107 996 αὖθις
1130 949 1247 988 τοῦτο
1272 949 1437 999 ποιῆσαι
1456 947 1523 987 καὶ
1547 945 1707 1001 ἀγαπᾶν
1718 946 1764 985 10
1785 937 1788 942 ’

243 1013 317 1056 ὑπ’
351 1015 499 1058 ἐκείνου
519 1020 600 1057 τῶν
626 1016 666 1057 ἓν
691 1017 926 1075 Βουλγαρία
951 1013 1198 1072 πραγμάτων
1221 1012 1491 1070 κυριεύεσθαι.
1560 1015 1642 1055 ἐπεὶ
1664 1014 1708 1056 δὲ

243 1080 493 1138 Χωροβάτοι
522 1085 589 1124 καὶ
613 1084 799 1134 Διοκλεῖς
826 1083 899 1136 τὴν
923 1084 1125 1140 Ἰλλυρίδα
1156 1086 1289 1132 κακῶς
1308 1083 1510 1124 διετίθουν
1522 1114 1536 1134 ,
1573 1084 1640 1124 καὶ
1661 1081 1709 1124 τὸ

125 1148 156 1183 Ρ
179 1150 225 1186 70
252 1149 452 1207 Φράγγων
483 1149 603 1200 ἔθνος
631 1155 948 1207 κατακυριεῢσαν
979 1156 1052 1205 τῆς
1074 1152 1247 1200 Ἰταλίας
1281 1152 1348 1192 καὶ
1379 1152 1564 1200 Σικελίας
1598 1149 1709 1192 δεινὰ

246 1218 351 1260 κατὰ
375 1217 584 1272 Ῥωμαίων
617 1220 810 1273 ἐμελέτων
820 1251 834 1270 ,
881 1218 1111 1273 ἐβουλεύετο
1142 1223 1284 1260 τοῦτον
1316 1216 1336 1260 ὅ
1363 1220 1539 1272 Μιχαὴλ
1569 1219 1612 1260 ἐκ
1635 1222 1708 1273 τῆς

200 1298 207 1307 ’
243 1288 504 1343 Βουλγαριάς
520 1287 583 1328 ἐπὶ
605 1288 651 1329 τὸ
673 1286 910 1344 Δυρράχιον
929 1288 1197 1342 μεταβαίνειν,
1221 1284 1243 1327 ὃ
1264 1285 1508 1342 μητρόπολίς
1528 1287 1610 1328 ἔστι
1633 1290 1707 1328 τοῦ
1718 1290 1762 1329 15

238 1355 475 1411 Ἰλλυρικοῦ.
545 1355 669 1406 εὐθὺς
703 1350 774 1397 οὖν
806 1355 1029 1412 γράμματα
1060 1354 1161 1412 πρὸς
1190 1355 1337 1396 ἐκεῖνον
1359 1355 1551 1408 ἐπέμπετο
1575 1355 1622 1396 οὗ
1640 1371 1708 1397 κε-

242 1421 411 1465 λεύοντα
429 1426 585 1477 μᾶλλον
608 1423 635 1478 ἢ
660 1424 848 1475 ἀξιοῦντα
870 1426 941 1478 τὴν
969 1426 1025 1473 εἷς
1043 1423 1088 1465 τὸ
1108 1423 1325 1479 Ἰλλυρικὸν
1344 1427 1581 1476 μεταβῆναι.
1608 1423 1709 1480 ἀφί-

242 1508 332 1533 κετο
357 1486 449 1542 οὖν,
484 1493 551 1533 καὶ
577 1490 721 1542 πάντες
751 1491 932 1546 ἀσμένως
956 1491 1078 1534 αὐτὸν
1100 1489 1336 1545 ὑπεδέχοντο
1359 1490 1397 1532 οἱ
1418 1489 1622 1547 ἐγχώριοι·
1657 1485 1709 1545 ἦν

243 1559 322 1614 γὰρ
358 1557 378 1600 ὃ
408 1558 509 1614 ἀνὴρ
532 1561 798 1616 χαριέστατος
824 1562 891 1602 καὶ
924 1557 1274 1615 ἐλευθεριώτατος.
1351 1559 1511 1614 βραχὺν
1542 1560 1588 1600 δέ
1615 1575 1706 1601 τινα

240 1624 390 1683 χρόνον
415 1628 535 1669 ἐκεῖσε
567 1628 830 1684 ἔνδιατρίψας
859 1627 960 1670 ὥστε
986 1628 1036 1669 τὰ
1064 1627 1165 1684 πρὸς
1191 1627 1259 1668 τὸν
1279 1625 1452 1679 πόλεμον
1475 1629 1763 1683 ἔξαρτῧσαι,80

194 1698 226 1735 Β
249 1693 484 1751 ἐστράτευσε
519 1696 624 1739 κατὰ
645 1697 850 1738 Διοκλέων
872 1698 938 1738 καὶ
961 1693 1239 1753 Χωροβάτων.
1307 1696 1349 1736 ἓν
1371 1694 1641 1751 ὀχυρωτάτοις
1663 1696 1711 1738 δὲ·

247 1761 400 1805 τούτων
415 1764 581 1819 χωρίοις
602 1765 1024 1821 στρατοπεδευομένων
1032 1797 1047 1817 ,
1080 1764 1154 1813 τὰς
1171 1764 1398 1819 δυσχωρίας
1417 1762 1538 1813 αὐτὸς
1555 1764 1710 1805 καθαί-

339 1882 373 1971 ῗί.
395 1875 443 1961 ἢλ]
469 1879 593 1914 Addidi
614 1879 778 1915 suadente
800 1881 971 1918 Bekkero.
1108 1880 1193 1917 ibid.
1217 1877 1386 1928 βούλοιο]
1409 1880 1464 1915 Ita
1486 1880 1624 1915 Bekker
1641 1891 1704 1927 pro

367 1937 410 1960 ov
436 1937 531 1962 οιτο,·
907 1952 909 1954 .

244 2026 392 2071 adigat-is
406 2027 450 2061 ad
464 2027 499 2061 id
514 2029 603 2074 quod
617 2028 755 2074 horres,
788 2039 913 2063 revoca
938 2027 983 2062 sis
1006 2028 1091 2062 male
1112 2028 1291 2062 formatum
1315 2030 1351 2061 et
1372 2026 1466 2062 nimis
1482 2026 1704 2073 periculosum

244 2073 417 2106 consilium
438 2073 505 2107 viri
526 2075 601 2108 talis
623 2074 658 2108 in
683 2074 814 2120 imperii
842 2073 1043 2108 consortium
1065 2073 1262 2109 assumendi.
1307 2074 1357 2107 his
1374 2074 1472 2107 dictis
1487 2074 1706 2107 veliementer

246 2118 430 2151 conterruit
452 2119 703 2164 imperatorem,
733 2120 891 2165 pavidum
919 2119 1045 2165 alioqui
1070 2123 1105 2154 et
1127 2131 1221 2155 suam
1244 2119 1370 2164 ipsius,
1401 2118 1493 2164 quod
1516 2118 1583 2153 dici
1604 2117 1704 2160 solet,

244 2164 395 2197 umbram
409 2163 528 2198 timere
541 2165 686 2199 solitum.

336 2209 369 2243 3.
417 2209 502 2243 Cum
524 2210 628 2253 igitur
650 2210 846 2244 advenisset
861 2210 1066 2254 Bryennius,
1096 2210 1280 2255 imperator
1294 2210 1443 2244 michael
1459 2211 1586 2243 mutata
1601 2207 1704 2253 priori

244 2253 420 2288 voluntate
443 2255 562 2288 ducem
585 2255 693 2299 ipsum
718 2256 905 2289 declaravit
920 2256 1096 2290 universae
1112 2257 1334 2300 Bulgarorum
1351 2255 1516 2300 regionis,
1548 2260 1586 2286 ut
1602 2265 1703 2297 prae-

245 2299 413 2334 valentem
433 2299 504 2333 illic
519 2300 734 2334 Slavinorum
753 2306 886 2344 gentem
903 2302 1149 2345 comprimeret.
1196 2302 1230 2335 in
1247 2313 1312 2346 quo
1330 2313 1395 2335 non
1412 2312 1492 2334 sane
1507 2310 1584 2344 spes
1600 2299 1704 2333 fefel-

245 2345 296 2378 lit.
337 2345 416 2378 illuc
433 2345 519 2378 euim
535 2346 707 2391 profectus
724 2346 820 2379 brevi
835 2350 989 2390 tempore
1005 2348 1131 2379 animos
1146 2347 1320 2380 audacium
1337 2347 1512 2380 Slavorum
1529 2344 1608 2378 belli
1623 2356 1703 2378 suc-

246 2390 395 2424 cessibus
410 2390 551 2433 deiecit,
580 2395 619 2424 ut
638 2391 718 2434 iugo
735 2392 909 2424 Romanae
933 2392 1104 2436 potentiae
1118 2403 1234 2425 rursus
1250 2392 1337 2425 colla
1352 2391 1585 2424 submitterent
1601 2395 1635 2423 et
1649 2391 1704 2424 fa-

247 2436 312 2469 cile
334 2441 534 2480 paterentur
557 2436 620 2469 tali
635 2437 814 2480 Bulgariae
836 2436 911 2469 duci
938 2437 1077 2481 obsequi
1103 2448 1143 2470 ao
1168 2437 1298 2471 servire
1313 2447 1399 2470 sese.
1447 2435 1601 2479 quoniam
1617 2446 1701 2470 vero

247 2480 435 2515 Chorobati
460 2485 495 2515 et
519 2481 717 2515 Dioclenses
743 2481 910 2525 lllyricum
938 2482 1170 2526 incursabant,
1201 2487 1238 2516 et
1264 2493 1348 2526 gens
1375 2481 1576 2514 Francorum
1604 2481 1702 2516 Italia

247 2526 431 2570 Siciliaque
447 2527 621 2572 occupatis
639 2526 758 2571 gravia
773 2527 806 2560 in
822 2527 990 2560 Romanos
1007 2527 1244 2572 meditabatur,
1291 2526 1424 2572 putavit
1447 2537 1466 2558 e
1489 2537 1527 2559 re
1542 2527 1618 2559 fore
1631 2526 1702 2559 Mi—

248 2571 344 2603 chnel
361 2575 531 2615 Augustus
546 2572 574 2606 si
590 2573 792 2616 Bryennium
809 2584 828 2606 e
844 2572 1006 2616 Bulgaria
1025 2573 1248 2617 Dyrrachium
1263 2572 1482 2612 transferret,
1517 2583 1604 2615 quae
1619 2573 1701 2606 urbs

247 2620 301 2648 est
316 2618 512 2661 metropolis
526 2617 664 2660 Illyrici.
709 2618 823 2651 statim
849 2629 929 2661 ergo
954 2618 997 2651 ad
1023 2630 1096 2652 eum
1114 2618 1247 2652 litterae
1274 2618 1450 2650 mittuntur
1466 2628 1532 2650 non
1547 2617 1702 2651 iubentes

246 2661 352 2704 magis
369 2673 467 2705 quam
482 2667 641 2706 rogantes
657 2667 695 2696 ut
709 2663 742 2696 iu
757 2662 926 2707 Illyricum
941 2665 1113 2697 transiret.
1159 2663 1223 2697 ivit
1237 2662 1340 2704 igitur
1352 2689 1362 2704 ,
1390 2669 1426 2695 et
1440 2662 1551 2695 cuncti
1568 2673 1641 2696 eum
1657 2663 1701 2696 li-

246 2705 366 2740 benter
381 2707 558 2750 indigenae
573 2714 810 2752 susceperunt,
844 2714 919 2742 erat
944 2709 1031 2742 enim
1056 2710 1152 2742 homo
1178 2707 1436 2752 gratiosissimus
1454 2713 1488 2741 et
1504 2707 1701 2741 liberalissi-

246 2762 331 2785 mus.
377 2758 510 2796 sumpto
537 2757 648 2786 autern
674 2753 720 2786 ibi
747 2754 858 2798 aliquo
875 2765 942 2787 non
957 2765 1076 2797 magno
1093 2753 1250 2798 temporis
1266 2753 1372 2797 spatio
1392 2753 1434 2786 ad
1451 2753 1699 2798 expeditionem

247 2797 503 2841 comparandam
519 2797 616 2830 duxit
631 2799 813 2832 exercitum
830 2804 949 2832 eontra
966 2799 1159 2832 Dioclenses
1173 2804 1209 2832 et
1224 2798 1450 2835 Chor0bat0s‚
1497 2810 1570 2832 cum
1587 2803 1700 2833 autem

244 2841 295 2877 illi
317 2843 351 2877 in
374 2842 568 2890 praeruptis
593 2847 630 2877 et
655 2854 791 2878 accessu
819 2843 1010 2878 difficilibus
1035 2849 1150 2878 castra
1165 2843 1347 2878 munissent
1362 2844 1462 2886 locis,
1492 2843 1580 2879 hauc
1593 2855 1703 2889 expe-
