1878 3262
239 219 333 268 142
658 218 964 263 NICEPHORI
993 218 1262 262 BRYENNII

235 332 486 392 στρατιώτας
511 331 664 391 ἄνδρας
696 333 880 390 ἀγαθοὺς
909 332 1096 389 γενέσθαι
1124 332 1238 383 κλέος
1259 338 1436 377 τοιοῦτον
1459 333 1482 377 ὃ
1499 333 1687 390 νικήσαν-

234 422 298 453 τες
323 401 543 457 ἀλλήλους,
578 404 645 444 καὶ
668 401 722 452 ὥς
743 402 788 445 τὸ
812 401 946 444 στενὸν
967 406 1040 444 τοῦ
1061 405 1205 458 καιροῦ
1226 401 1438 460 συνεχώρει
1461 403 1686 447 καταστάν-

231 489 295 521 τες
315 469 445 521 τάξεις
460 473 648 527 γενναίως
666 469 855 528 ἐξώρμων
874 471 977 514 κατὰ
995 469 1201 527 Τούρκων.

116 541 142 574 Ρ
165 542 210 576 95
376 540 452 584 12.
524 540 576 582 Οἳ
607 541 650 582 ὁὲ
676 539 887 597 φεύγοντες
912 537 1195 596 προτροπάδην
1230 534 1360 580 εἷλκον
1389 539 1557 589 ἐκείνους
1587 540 1688 597 πρὸς

233 608 307 658 τὰς
328 609 513 666 ἐνέδρας,
549 608 623 659 ἕως
641 609 755 665 ε’γγῦς
775 607 936 666 πρώτης
956 609 1117 665 ἐνέδρας
1139 603 1356 664 γεγόνασιν.
1425 609 1505 650 ἐπεὶ
1523 609 1565 649 δὲ
1584 613 1718 664 πλη-5

235 679 322 719 σιόν
344 677 539 733 γένοιντο,
574 678 695 720 αῧτοί
715 695 757 720 τε
781 676 1031 734 ὑπέστρεφον
1053 678 1120 718 καὶ
1143 677 1181 718 οἳ
1201 679 1273 730 τῆς
1294 675 1455 732 ἐνέδρας
1472 676 1591 726 ὀξέως
1612 695 1686 719 κα-

233 745 537 801 ταπηδήσαντες
572 745 774 789 πάντοθεν
804 746 951 795 αὖτοὺς
980 743 1218 799 τοξεύμασιν
1249 745 1419 798 ἔβαλλον
1454 747 1521 786 καὶ
1556 750 1700 795 κακῶς

233 816 436 858 ι)”ιετι’θουν
463 817 530 868 καὶ
552 816 702 865 *ἵππους
719 817 787 857 καὶ
811 814 975 870 ἄνδρας.
1044 814 1199 856 ἐκείνων
1222 814 1264 856 δὲ
1285 812 1386 870 πρὸς
1405 813 1534 871 φυγὴν
1557 814 1687 855 ἐκκλι-

231 882 380 925 νόντων
409 883 487 938 ἤδη
499 916 512 936 ,
548 881 569 925 ὃ
595 887 675 925 τῶν
705 888 861 938 σχολῶν
886 882 1119 937 ὸόμέστικος
1137 886 1210 925 τοῦ
1229 886 1302 925 τοῦ
1320 884 1538 940 Βρυεννιόυ
1561 898 1687 938 στρα-

228 949 426 1005 τεύματος
455 950 476 994 ὃ
506 951 812 1008 κουροπαλάτης
828 949 1034 1006 Ἰωάννης,
1070 950 1115 993 ὃν
1137 952 1284 994 ἐκείνου
1304 948 1504 1005 ὁμαίμονα
1523 949 1544 992 ὃ
1567 949 1685 1006 λόγος
1701 960 1744 994 10

232 1018 405 1077 φθάσας
432 1019 640 1078 ἐγνώρισεν
666 1020 845 1072 ἄνωθεν,
880 1018 1133 1074 {story-9215&
1152 1018 1263 1074 τάχει
1287 1024 1436 1078 πολλῷ.
1503 1018 1549 1061 ὃν
1580 1018 1688 1061 ῗὸόν-

230 1106 295 1138 τες
316 1088 353 1129 οἱ
370 1091 460 1145 περὶ
478 1088 546 1130 τὸν
568 1090 783 1145 Βρυέννιον
798 1087 1133 1145 θαρραλεώτερον
1151 1089 1254 1130 κατὰ
1270 1093 1350 1131 τῶν
1374 1085 1568 1144 Τούρκων
1587 1086 1689 1142 ἐχώ-

131 1207 140 1213 .
232 1173 342 1213 ρουν.
412 1157 450 1198 οἳ
487 1157 529 1198 6²
567 1152 691 1207 αὖθις
715 1156 964 1213 ὑπέστρεφον
988 1159 1054 1198 καὶ
1077 1155 1232 1213 φεύγειν
1256 1157 1303 1199 οὗ
1325 1158 1418 1213 πρὶν
1443 1156 1594 1211 ἀνῆκαν
1615 1157 1690 1206 ἕως

110 1207 131 1238 x
164 1207 208 1285 63
232 1219 281 1266 οὗ
314 1231 403 1274 ταῖς
435 1225 614 1282 ἐνέδραις
646 1232 868 1283 περιπεσεῖν
896 1224 991 1274 ,τοὺς
1011 1223 1231 1275 διώκοντας
1255 1223 1571 1282 παρεσκεύασαν.
1640 1219 1690 1267 οὗ

230 1293 281 1348 δὴ
309 1293 518 1349 γενομένου
551 1295 616 1335 καὶ
641 1294 742 1351 πρὸς
773 1293 904 1351 φυγὴν
922 1291 1182 1335 ἐκκλινάντων
1207 1291 1393 1335 ἁπάντων
1414 1293 1514 1348 ἤδη,
1549 1295 1687 1348 συχνοὶ
1700 1298 1743 1335 15

226 1365 308 1404 τῶν
330 1364 418 1419 περὶ
441 1362 510 1404 τὸν
530 1363 747 1419 Βρυέννιον
770 1360 915 1404 ἐόντων
937 1361 1110 1404 ἔπιπτον.
1180 1360 1203 1404 ὃ
1226 1361 1399 1404 κατιδὼν
1420 1363 1565 1412 ἐκεῖνος
1584 1367 1689 1417 βοη-

227 1435 318 1473 θεῖν
351 1432 538 1488 ἐπεχείρει
572 1432 750 1485 ταχέως·
797 1429 972 1480 πολλοὺς
1003 1430 1080 1487 γὰρ
1115 1434 1196 1473 τῶν
1229 1429 1452 1473 διωκόντων
1485 1435 1689 1473 συναντῶν

229 1498 366 1555 ἀνῄρει
388 1502 453 1541 καὶ
474 1500 568 1549 τοὺς
585 1499 807 1556 φεύγοντας
827 1496 1042 1555 παρεκάλει
1061 1499 1204 1552 μένειν.
1252 1500 1345 1542 ἀλλ’
1371 1502 1426 1549 εἷς
1444 1498 1557 1541 κενὸν
1577 1500 1688 1556 αὐτῷ

228 1565 467 1622 καθεστήκει
489 1567 540 1609 τὰ
558 1573 631 1610 τοῦ
649 1566 983 1621 σπουδάσματος·
1011 1565 1155 1617 πάντες
1179 1567 1256 1625 γὰρ
1275 1566 1454 1618 λιπόντες
1475 1567 1596 1610 αὐτὸν
1617 1567 1687 1618 ξὺν

227 1640 286 1693 τῷ
310 1636 387 1694 υἱῷ
410 1638 476 1678 καὶ
495 1640 554 1694 τῷ
570 1637 735 1694 ἀδελφῷ
754 1634 1000 1692 ὑπεχώρουν.
1068 1635 1182 1677 αὐτοὶ
1205 1637 1248 1678 δὲ
1268 1640 1464 1693 λαμπρῶς
1485 1635 1743 1691 ἀγωνισά-ΞΟ

226 1721 339 1758 μενοι
363 1706 429 1746 καὶ
452 1705 623 1758 συχνοὺς
655 1710 735 1748 τῶν
770 1703 964 1761 Τούρκων
995 1702 1313 1758 καταβαλόντες,
1349 1704 1483 1758 ε’πειὸὴ
1505 1705 1578 1759 τὴν
1603 1703 1686 1761 φά-

228 1777 357 1829 λαγγα
386 1778 522 1815 πᾶσαν
549 1776 914 1817 διασκεδασθεῖσαν
945 1769 1104 1827 ἑώρων,
1135 1770 1326 1830 ἐξώρμων
1352 1774 1418 1816 καὶ
1445 1772 1559 1826 αὐτοὶ
1586 1773 1687 1830 πρὸς

319 1895 350 1929 1.
374 1890 479 1932 κλέος
501 1912 548 1918 -
571 1887 776 1935 ἀλλήλους]
798 1891 898 1925 Haec
919 1890 1079 1925 lacunosa
1101 1893 1180 1925 sunt
1204 1893 1239 1925 et
1261 1893 1432 1936 corrupta.
1563 1892 1597 1927 2.
1621 1903 1684 1926 κοι-

316 1935 536 1982 ταστάντες]
561 1936 762 1971 Addendum
785 1937 849 1978 εἰς.

226 2041 424 2086 phalangem
450 2040 676 2081 conabantur,
710 2038 928 2073 adhortantes
949 2038 992 2072 ad
1013 2038 1100 2072 bene
1122 2036 1336 2082 pugnandum
1359 2040 1540 2082 partaeque
1555 2037 1618 2072 iam
1633 2038 1684 2072 vi-

225 2087 353 2120 ctoriae
370 2087 471 2120 decus
486 2085 710 2120 obtinendum.
756 2084 890 2129 iamque
911 2096 975 2130 pro
999 2084 1156 2129 angustia
1171 2083 1331 2128 temporis
1347 2083 1431 2118 satis
1445 2083 1612 2118 restitutis
1626 2095 1684 2118 or-

226 2132 357 2166 dinibus
371 2132 405 2165 in
419 2132 553 2165 Turcos
565 2131 773 2165 ferebantur.

323 2180 376 2213 12.
423 2177 469 2210 At
495 2177 529 2210 hi
557 2176 665 2211 effuse
690 2176 859 2220 fugientes
875 2186 934 2210 eos
950 2175 984 2209 in
998 2174 1134 2209 insidias
1149 2174 1331 2209 trabebant
1345 2173 1476 2209 duobus
1490 2179 1529 2208 ut
1543 2173 1683 2208 diximus

225 2224 308 2258 locis
330 2223 479 2269 positas,
509 2222 551 2256 ad
576 2233 717 2266 quorum
739 2221 884 2267 priorem
909 2225 947 2255 ut
972 2231 1010 2255 se
1027 2221 1265 2264 admoverunt,
1295 2220 1542 2265 erumpentibus
1562 2231 1604 2253 ex
1621 2232 1681 2254 oc-

227 2270 317 2304 culto
335 2269 402 2303 suis
420 2273 455 2302 et
468 2267 530 2313 ipsi
545 2269 629 2312 fuga
643 2268 765 2302 omissa
780 2279 817 2301 se
831 2267 1053 2311 adiungentes
1074 2266 1303 2300 innumerabili
1319 2266 1458 2300 telorum
1473 2265 1682 2300 multitudine

224 2316 342 2350 hostes
366 2315 554 2349 obruebant
566 2339 576 2355 ‚
608 2313 895 2358 vulnerabantque
911 2313 1034 2359 passim
1050 2317 1085 2347 et
1099 2313 1189 2346 viros
1206 2316 1242 2346 et
1257 2323 1374 2356 equos.
1419 2321 1524 2356 quare
1544 2311 1682 2355 Bryeu-

224 2361 333 2395 nianis
359 2360 447 2394 haud
477 2359 577 2393 dubie
603 2359 637 2393 in
661 2360 775 2402 sugam
797 2359 1052 2401 inclinantibus,
1082 2358 1140 2403 qui
1162 2357 1252 2403 apud
1278 2356 1480 2401 Bryennium
1507 2356 1679 2391 domestici

223 2407 412 2441 scholarum
436 2405 569 2439 titulum
593 2405 757 2446 habebat,
788 2405 1001 2449 curopalates
1030 2404 1169 2437 Ioannes
1182 2430 1192 2444 ‚
1224 2415 1320 2448 quem
1347 2401 1503 2447 Bryennii
1533 2402 1680 2438 eiusdem

224 2453 330 2487 fuisse
345 2455 484 2486 fratrem
499 2451 653 2496 superius
669 2450 831 2492 diximus,
847 2450 971 2483 auxilio
987 2450 1079 2483 venit
1094 2449 1267 2483 celeritate
1282 2459 1416 2492 magna,
1434 2459 1533 2492 quem
1548 2449 1681 2492 Bryen-

225 2499 313 2532 niani
329 2499 483 2531 videntes
497 2497 655 2530 audacius
670 2495 793 2530 Turcis
808 2495 1011 2530 resistebant
1025 2495 1059 2528 in
1075 2507 1201 2539 eosque
1217 2495 1304 2528 ultro
1320 2493 1506 2528 irruebant.
1547 2494 1578 2527 hi
1595 2505 1680 2528 vero

225 2555 344 2578 rursus
360 2544 545 2577 artificiosa
560 2543 642 2586 fuga
658 2546 857 2576 cesserunt:
887 2553 950 2575 nec
965 2546 1058 2575 retro
1074 2541 1156 2574 ferri
1173 2540 1372 2574 destiterunt
1387 2539 1576 2583 priusquam
1590 2539 1680 2574 inse-

226 2594 370 2634 quentes
384 2589 419 2622 in
434 2589 599 2622 secundas
614 2588 750 2621 insidias
767 2587 1021 2632 pertraxissent.
1069 2586 1158 2631 quod
1180 2597 1254 2620 cum
1268 2589 1357 2619 esset
1371 2584 1496 2618 factum
1513 2584 1607 2618 multi
1622 2595 1679 2619 re·

223 2639 326 2680 pente
350 2634 640 2678 Bryennianorum
663 2633 875 2674 ceciderunt,
903 2632 1025 2677 aliique
1048 2643 1162 2666 omnes
1186 2624 1300 2675 fug'am
1326 2629 1413 2665 haud
1430 2630 1530 2664 dubie
1545 2634 1680 2676 specta-

223 2681 330 2715 bant:
363 2691 429 2723 quo
457 2680 668 2723 curopalates
691 2680 765 2713 viso
789 2678 909 2724 raptim
931 2678 1104 2723 suppetias
1128 2678 1255 2712 laturus
1279 2687 1458 2710 accurrens
1482 2677 1604 2710 multos
1634 2687 1677 2710 ex

223 2725 396 2760 Alexianis
409 2736 508 2759 versa
523 2725 586 2757 iam
601 2725 675 2758 vice
690 2724 940 2769 insequentibus
963 2724 1086 2758 occidit
1101 2727 1137 2758 et
1150 2722 1316 2766 fugientes
1332 2733 1410 2755 suos
1427 2722 1624 2756 hortabatur
1639 2725 1678 2756 ut

225 2775 406 2805 manerent.
451 2770 511 2804 sed
532 2771 658 2803 frustra
685 2770 918 2803 contendebat.
964 2780 1077 2802 omnes
1102 2769 1189 2802 enim
1217 2767 1288 2813 ipso
1312 2778 1384 2800 cum
1408 2767 1515 2802 fratre
1530 2772 1566 2801 et
1582 2767 1678 2800 buius

224 2818 297 2851 filio
316 2816 439 2851 relictis
463 2819 686 2850 recesserunt.
731 2815 765 2848 hi
781 2826 883 2860 porro
898 2814 1101 2848 memorabili
1139 2824 1228 2857 ugna
1244 2813 1333 2846 edita
1349 2813 1526 2858 multisque
1541 2812 1676 2846 Turco-

223 2875 295 2898 rum
310 2861 467 2906 deiectis,
499 2866 676 2907 postquam
688 2860 878 2895 universam
892 2859 1089 2906 phalangem
1105 2825 1299 2904 ‹iissipatam
1314 2858 1493 2903 fiderunt,
1522 2857 1678 2894 abierunt
