1878 3262
261 213 321 256 IN
339 210 645 255 NICEPHORI
659 208 927 254 BRYENNII
945 208 1237 253 COMMENT.
1252 207 1453 251 NOTAE.
1523 207 1622 253 209

165 323 231 362 ciis
247 327 479 375 potestatem
497 320 570 359 sibi
587 319 823 359 vindicavit:
852 320 908 358 ita
926 325 974 357 ut
998 332 1090 358 cum
1106 318 1444 357 Melec-Rachimo
1467 323 1623 370 praeter

165 393 318 419 merum
338 379 501 417 titulum
517 376 617 416 nihil
632 383 800 416 restaret
811 406 821 426 ,
852 377 901 414 de
916 376 1000 428 ipsa
1015 376 1205 427 cogitaret
1222 375 1448 414 invadenda
1467 375 1623 426 Bagda-

167 436 279 475 densi
309 436 428 484 urbe,
458 441 498 473 et
525 447 575 472 ex
602 447 646 472 ea
677 433 908 486 depellendo
933 432 1138 484 Chalipha.
1198 432 1307 483 quod
1333 446 1424 471 cum
1446 431 1626 471 rescisset

167 492 469 531 Caimbiamrilla
493 491 705 543 Chalipha,
734 492 767 529 T
770 490 1022 542 ogrulbecum
1040 489 1243 538 evocavit,
1273 502 1352 539 quo
1375 503 1416 527 se
1436 488 1627 529 adversus

166 550 420 588 Basasareum
438 554 641 597 tueretur,
671 548 739 598 qui
764 547 996 598 Togrulbeci
1014 553 1198 598 percepto
1217 545 1415 595 adventu,
1445 546 1629 585 Mustan-

167 606 380 644 serobellae
396 605 563 656 Aegypti
583 605 730 643 domini
748 603 966 643 subsidjum
983 603 1222 655 imploravit.
1280 603 1545 654 Togrulbecus
1562 604 1629 641 in-

166 663 284 701 terim
315 668 431 715 capto
455 660 817 711 Meloe-Rachim,
847 667 887 699 et
913 661 956 698 in
990 660 1169 698 ordinem
1199 660 1382 708 redacto,
1415 660 1555 698 urbem
1586 666 1628 698 et

166 732 393 771 supremum
423 718 708 771 principatum,
751 730 867 769 quem
899 722 1113 755 tenuerant
1143 716 1313 766 Boutae,
1343 717 1416 755 sibi
1445 717 1626 766 asseruit,

168 776 261 814 data
275 776 318 814 in
340 788 505 815 uxorem
526 774 736 827 Chaliphae
753 776 912 827 propria
929 786 1075 822 sorore,
1105 773 1151 813 A.
1172 774 1266 825 Heg.
1283 772 1379 823 447,
1396 773 1488 812 Chr.
1507 773 1627 816 1055.

167 845 308 872 verum
339 833 573 870 Basasareus
600 832 667 882 qui
699 831 876 870 desertus
902 831 1031 869 fuerat
1060 843 1080 867 a
1112 830 1213 879 suis,
1256 829 1630 869 Mustanserobellae

167 902 285 941 opera
305 895 344 927 et
367 889 514 927 auxilio
527 920 538 938 ,
570 901 686 939 quem
705 887 933 940 Chalipham
950 887 1271 934 renuntiaverat,
1299 886 1527 938 Bagdadum
1553 886 1627 925 ad-

167 952 300 995 ortus,
327 946 371 986 vi
391 946 494 997 cepit
512 944 560 988 A.
581 946 676 997 Heg.
696 944 799 993 450,
828 957 949 995 eaque
966 949 1027 981 est
1048 943 1197 995 potitus
1212 956 1282 994 per
1304 957 1450 980 annum
1463 972 1473 992 ,
1502 957 1525 980 a
1545 943 1628 981 To-

165 1003 368 1054 grulbeco,
398 1003 466 1054 qui
493 1015 628 1040 recens
657 1001 898 1040 lbrahimum
923 1001 1085 1038 fratrem
1111 1000 1364 1038 rebellantem
1391 999 1495 1038 bello
1526 1013 1625 1051 pro-

166 1065 382 1109 straverat,
414 1059 552 1110 (quod
571 1059 686 1097 etiam
701 1058 831 1108 attigit
850 1057 1036 1108 Scylitzes
1054 1070 1093 1107 p.
1110 1057 1220 1107 788)
1249 1056 1347 1094 urbe
1362 1055 1534 1107 primum
1551 1069 1626 1094 ex·-

165 1116 374 1166 turbatus,
403 1115 564 1154 tandem
589 1115 737 1167 praelio
769 1116 897 1164 susus,
927 1120 968 1152 et
991 1113 1077 1152 neci
1101 1112 1217 1151 datus
1239 1118 1298 1151 est
1319 1126 1424 1151 anno
1444 1113 1626 1165 proxime

163 1173 351 1223 sequenti.

276 1242 317 1280 p.
334 1232 388 1271 30
404 1242 444 1269 v.
466 1231 529 1272 18.
586 1228 823 1279 Καρμεσῆν]
855 1226 999 1265 Eadem
1014 1225 1163 1263 habent
1174 1225 1361 1278 Scylitzes
1381 1232 1421 1265 et
1439 1227 1622 1265 Zonaras.

166 1285 216 1324 de
233 1286 419 1323 Cutlumo
438 1285 612 1323 dicemus
631 1284 733 1322 infra
756 1282 848 1323 adl.
871 1287 896 1326 3
916 1297 958 1321 n.
981 1285 1045 1324 16.

274 1355 315 1393 Ρ.
334 1346 387 1384 31
407 1354 446 1381 v.
465 1344 527 1383 18.
581 1337 727 1392 Ἆσοῖν]
758 1340 897 1378 Asanis
915 1339 1065 1377 cladem
1081 1338 1203 1377 refert
1220 1339 1368 1389 pariter
1387 1338 1589 1390 Scylitzes.

275 1412 314 1449 p.
334 1402 389 1441 32
410 1412 449 1439 v.
470 1401 512 1440 7.
573 1396 906 1451 Χρυσὸσκουλον]
937 1395 1128 1436 Manu'elis
1153 1395 1304 1433 cladem
1324 1402 1492 1434 narrant
1510 1396 1628 1434 etiam

165 1454 351 1505 Scylitzes
380 1460 421 1493 et
447 1455 635 1492 Zonaras.
690 1454 760 1492 sed
780 1453 829 1491 de
849 1467 915 1501 ea,
939 1459 987 1491 ut
1009 1459 1049 1490 et
1070 1452 1118 1489 de
1139 1450 1400 1502 Chrysosculo
1413 1482 1424 1501 ,
1454 1452 1541 1490 silet
1558 1452 1627 1490 El-

163 1510 351 1549 Macinus.
408 1511 551 1549 incidit
564 1511 632 1548 illa
646 1511 687 1548 in
705 1510 752 1552 A.
769 1510 823 1552 M.
843 1511 958 1548 iuxta
981 1509 1151 1547 Graecos
1171 1511 1281 1551 6778
1301 1509 1440 1547 indict.
1459 1512 1485 1550 8
1510 1509 1628 1548 Chri-

164 1567 215 1605 sti
234 1571 352 1610 1070.
408 1567 588 1606 meminit
605 1566 854 1619 Chrysosculi
872 1579 1032 1604 rursum
1051 1564 1271 1614 Bryennius
1289 1565 1318 1607 l.
1335 1568 1360 1607 3
1379 1578 1418 1603 n.
1442 1565 1507 1607 15.

276 1637 314 1676 p.
336 1627 390 1666 33
415 1637 454 1663 v.
473 1627 537 1665 17.
593 1618 693 1676 ἦρος
713 1620 957 1676 ἀρχομένου]
988 1622 1062 1660 An.
1083 1620 1175 1661 Chr.
1203 1625 1323 1663 1071.

276 1694 317 1731 Ρ.
336 1683 389 1722 36
413 1684 452 1719 v‘.
472 1683 540 1723 21.
597 1679 688 1733 περὶ
707 1677 752 1720 τὸ
770 1677 1052 1732 Μαζίκερτον]
1084 1676 1275 1728 Scylitzae
1294 1675 1558 1729 Ματζικιὲρτ,
1587 1683 1628 1716 et

168 1736 474 1788 Μαντζικιὲρτε,
503 1737 679 1774 Zonarae
698 1736 964 1789 Μανζικίερτ,
993 1735 1089 1773 urbs
1109 1734 1427 1785 Baaspracaniae‚
1454 1746 1524 1771 seu
1543 1733 1629 1772 Me—

168 1792 276 1841 diae,
306 1792 400 1830 olim
432 1791 754 1844 Theodosiopolis
786 1793 913 1841 dicta,
942 1797 990 1829 ut
1020 1796 1157 1829 auctor
1189 1797 1247 1827 est
1276 1791 1382 1828 Isaac
1402 1789 1628 1828 Catholicae

167 1849 367 1888 Invectiva
385 1848 421 1886 ΙΙ
447 1849 490 1886 in
516 1847 720 1887 Armenios
738 1862 780 1898 p.
795 1847 874 1889 411
886 1878 897 1898 ‚
927 1859 1027 1897 quae
1044 1859 1135 1884 cum
1153 1846 1222 1884 diu
1240 1847 1440 1885 Saracenis
1460 1846 1626 1897 Ameria,

167 1919 338 1957 quorum
374 1905 512 1943 seriem
545 1911 586 1942 et
619 1910 772 1955 gentem
801 1909 980 1942 recenset
1008 1902 1288 1940 Constantinus
1315 1903 1364 1940 de
1392 1902 1506 1942 Adm.
1533 1903 1627 1955 imp.

168 1976 203 2003 c.
220 1962 275 2003 44
303 1961 519 2013 paruisset,
557 1961 717 1999 tandem
746 1961 787 1998 in
813 1961 1054 1998 Graecorum
1081 1964 1311 2010 potestatem
1337 1960 1462 1998 venit.
1523 1959 1628 1998 hanc

168 2018 356 2057 Sultanus
383 2017 640 2056 Monomacho
665 2018 884 2069 imperante
914 2015 1086 2065 obsedit,
1118 2022 1166 2054 ut
1196 2022 1255 2054 est
1282 2016 1388 2067 apud
1417 2017 1625 2067 Scylitzem
1648 2019 1677 2054 P
1698 2021 1767 2056 203

166 2089 207 2127 p.
223 2078 306 2118 780
316 2104 328 2125 ,
356 2075 426 2113 ubi
443 2075 561 2113 etiam
579 2074 833 2123 describitur,
861 2086 935 2112 nec
947 2079 1078 2110 tamen
1098 2072 1219 2124 cepit,
1249 2073 1321 2110 etsi
1336 2073 1469 2111 statim
1487 2079 1626 2124 postea

167 2133 211 2170 in
236 2133 520 2170 Saracenorum
547 2131 609 2169 ius
634 2131 789 2169 cessisse
815 2143 888 2183 par
916 2130 966 2168 sit
992 2128 1171 2178 credere,
1202 2143 1291 2167 cum
1314 2129 1521 2181 Diogenem
1540 2131 1626 2168 Ro-

170 2202 333 2227 manum
358 2188 534 2226 eamdem
560 2188 812 2239 postmodum
840 2198 1097 2238 expugnasse,
1137 2191 1178 2223 et
1204 2187 1402 2224 Saracenis
1423 2187 1624 2225 abstulisse

167 2245 351 2297 legamus.
407 2258 446 2283 v.
465 2244 672 2295 Scylitzem
692 2258 732 2296 p.
750 2247 832 2287 837
853 2249 893 2281 et
911 2242 994 2285 842
1012 2248 1052 2280 et
1068 2243 1260 2281 Zonaram
1276 2256 1314 2294 p.
1332 2245 1428 2285 223.

281 2315 322 2353 p.
343 2305 396 2343 37
416 2315 455 2340 v.
470 2304 509 2342 3.
567 2298 805 2355 βεᾷτάρχου]
835 2300 921 2338 Hac
940 2299 1130 2350 dignitate
1146 2299 1305 2337 functos
1322 2299 1542 2350 complures
1559 2312 1627 2337 re-

170 2364 330 2397 censent
361 2358 589 2408 scriptores,
619 2364 735 2409 atque
762 2357 804 2395 in
831 2356 967 2408 primis
995 2355 1182 2406 Scylitzes
1211 2369 1249 2407 p.
1281 2358 1375 2404 762,
1402 2359 1501 2402 763,
1530 2358 1627 2406 771,

170 2418 264 2464 793,
282 2416 388 2463 820,
417 2415 589 2452 Zonaras
613 2428 651 2466 p,
672 2417 766 2463 218,
787 2416 890 2462 219,
918 2411 1085 2450 Allatius
1112 2411 1161 2450 de
1193 2412 1302 2451 libris
1336 2412 1469 2452 eccles.
1489 2413 1628 2453 Graec.

170 2471 320 2513 dissert.
339 2471 373 2509 11
391 2484 431 2522 p.
452 2473 532 2512 169
548 2476 624 2513 etc.

280 2541 319 2579 p.
336 2529 388 2569 41
413 2540 453 2565 v.
476 2531 512 2568 1.
566 2523 799 2577 Ἀλυάττης]
833 2524 1064 2563 Theodorus
1089 2524 1290 2576 AlyatteS,
1320 2520 1424 2576 ἀνήρ
1443 2529 1628 2578 γενναῖος

170 2581 239 2623 καὶ
260 2581 458 2633 ἐπιφανὴς
478 2582 546 2623 καὶ
564 2582 643 2637 θέᾳ
662 2578 1017 2634 θαυμασιώτατος,
1047 2581 1103 2619 ait
1120 2581 1327 2632 Scylitzes,
1357 2581 1425 2632 qui
1447 2582 1487 2620 in
1507 2595 1625 2633 prae-

170 2639 224 2677 lio
248 2645 362 2691 capto
386 2640 542 2678 effossos
565 2653 587 2677 a
606 2638 864 2678 Constantino
883 2639 992 2677 Duca
1014 2638 1147 2677 oculos
1165 2638 1309 2688 refert,
1339 2651 1428 2676 cum
1447 2638 1627 2690 Diogenis

171 2701 303 2748 partes
320 2701 510 2737 tueretur.

283 2765 324 2793 v.
344 2755 383 2794 9.
441 2753 482 2794 οἱ
505 2751 549 2793 δὲ
575 2750 768 2805 Τοῦρκοι]
798 2751 1054 2802 Diogenianae
1073 2750 1193 2789 cladis
1210 2750 1437 2800 historiam,
1467 2755 1624 2802 praeter

174 2808 434 2860 Bryennium,
461 2809 670 2860 Scylitzem
697 2815 737 2847 et
765 2808 959 2846 Zonaram
987 2808 1165 2861 pluribus
1183 2808 1411 2859 exsequitur
1428 2805 1624 2846 El—Maci-

176 2878 252 2904 nus
277 2865 415 2908 Arabs.
471 2871 513 2904 at
531 2866 677 2905 cumin
696 2865 878 2904 omnibus
898 2878 987 2904 cum
1014 2865 1172 2905 Graecis
1191 2864 1447 2917 scriptoribus
1465 2863 1624 2902 minime
