1878 3262
623 222 1026 271 -HISTORIARUM
1059 227 1108 270 L.
1141 227 1198 271 Π.
1566 230 1634 277 67

164 353 256 387 σαις
273 355 314 380 τε
335 338 403 380 καὶ
416 335 631 397 Ῥωμαίοις
648 336 816 382 ἔσεσθαι
837 337 1083 396 ὧμολόῃόυν.
1151 339 1181 384 ἃ
1211 339 1514 401 προσηκᾶμενος
1549 349 1631 400 βα·-

164 406 298 456 σιλεῦς
311 406 383 448 τὸν
398 405 573 461 πόλεμον
589 406 716 458 λύσας
734 409 796 450 ἐπὶ
814 407 1037 460 Βυζάντιον
1053 404 1193 464 ἦλθεν.

304 474 378 519 12.
441 475 652 519 Ἐντεῦθεν
673 476 724 519 τὰ
743 478 786 528 ἐξ
805 474 977 533 ἑσπέρας
996 477 1125 535 ἀρχὴν
1143 478 1246 534 ἴσχε.
1303 481 1450 524 Κελτοὶ
1468 481 1547 539 γὰρ
1565 483 1633 524 καὶ

162 544 364 600 Γερμανοὶ
401 546 468 586 καὶ
497 545 543 587 τὸ
576 546 775 588 Γαλατῶν
802 544 923 595 ἔθνος
951 547 1020 587 καὶ
1051 545 1129 588 ὅσα
1160 548 1234 602 τὴν
1257 550 1436 592 παλαιὰν
1461 549 1634 607 ἀμφινέ-

126 621 149 656 5
159 628 304 666 μονται
330 610 514 668 Ῥώμην,
560 614 746 670 Βρίττιοί
770 630 812 656 τε
851 615 918 656 καὶ
946 616 1144 671 Βρετανοὶ
1172 617 1240 657 καὶ
1272 615 1380 660 ἅπαν
1415 616 1555 669 ἁπλῶς
1585 619 1632 661 τὸ

158 679 341 738 ἑσπέριον
360 682 557 736 ἐκεκίνητο
577 680 749 738 κράτος,
784 679 890 740 λόγῳ
909 683 983 736 μὲν
1005 687 1063 741 τῷ
1079 685 1278 741 προχείρῳ
1299 683 1354 735 ὥς
1370 687 1413 736 ἐξ
1432 685 1633 744 Εὐρώπης

157 749 220 791 ἐπὶ
238 749 311 804 τὴν
322 750 460 793 Ἀσίαν
481 748 743 804 διαβήσονται
760 751 946 808 Πέρσαις
962 769 1002 793 τε
1021 751 1296 807 μαχησόμενοι
1314 761 1398 803 τοῖς
1418 756 1531 811 παρὰ
1550 754 1626 797 πό·-
1650 763 1684 798 V
1706 765 1752 801 30

158 819 234 868 δας
263 820 331 860 καὶ
358 819 428 861 τὸν
458 819 500 861 ἓν
529 821 787 876 Παλαιστίνῃ
815 819 1144 874 καταληψόμενοι
1173 821 1272 864 νειὸν
1302 820 1452 872 τόπους
1475 840 1517 866 τε
1535 825 1631 875 τούς

158 886 290 943 ἱεροὺς
319 885 617 944 ἴστορήσοντες,
647 893 698 945 τῇ
726 905 768 944 γε
794 887 877 943 μὴν
906 889 1082 949 ἀληθείᾳ
1112 887 1168 940 ὥς
1197 888 1270 944 τήν
1298 907 1339 933 τε
1362 889 1506 948 χώραν
1528 890 1629 934 Ῥω-

102 962 146 996 10
155 956 288 1009 μαίων
317 957 361 1006 ἐξ
387 955 538 1013 ἐφόδου
558 960 797 1007 καθέξοντες
817 959 884 999 καὶ
906 957 955 999 τὰ
976 958 1017 999 ἓν
1035 960 1130 1001 ποσὶ
1151 959 1510 1016 καταστρέψοντες.
1579 955 1630 1015 ἦν

153 1024 198 1066 δὲ
220 1023 395 1079 αὗτοῖςὴ
416 1025 587 1082 στρατιὰ
606 1026 790 1082 ἀριθμοῦ
811 1027 1016 1083 κρείσσων.
1079 1027 1271 1081 βασιλεὺς
1291 1028 1335 1070 δὲ
1354 1029 1490 1084 ἐπειδὴ
1513 1028 1629 1084 ἄγχι-

154 1108 231 1134 στα
270 1097 350 1135 τῶν
381 1093 584 1136 Οὖννικῶν
614 1092 734 1151 ὁρίων
775 1095 972 1150 γεγονέναι
1005 1094 1180 1138 ἐπύθετο
1216 1094 1408 1148 τούτους,
1443 1098 1630 1154 πρέσβεις

153 1160 330 1212 ἔστελλε,
366 1160 604 1219 Δημήτριόν
630 1164 675 1205 τέ
698 1181 788 1205 τινα
812 1165 1162 1221 Μακρεμβολίτην
1184 1166 1251 1206 καὶ
1267 1165 1530 1223 Ἀλέξανδρον
1553 1166 1625 1208 ἄν-
1651 1174 1679 1209 Ρ
1703 1176 1748 1212 38

153 1231 232 1286 δρα
245 1229 399 1272 Ἰταλὸν
418 1231 491 1284 μὲν
511 1231 555 1273 τὸ
578 1232 690 1287 γένος
710 1234 751 1273 Γ
748 1234 916 1289 ραβίνης
938 1233 980 1275 δὲ
999 1231 1151 1283 πόλεως
1164 1233 1362 1289 Ἰταλικῆς
1385 1232 1542 1290 κόμητα
1560 1252 1627 1291 γε-

99 1296 316 1354 15γονότα,
352 1297 453 1356 πρός
478 1317 518 1342 τε
541 1305 614 1342 τοῦ
632 1302 818 1351 Σικελίας
836 1300 1033 1358 τυράννου
1069 1301 1155 1355 ἅμα
1184 1304 1360 1345 πλείοσιν
1391 1301 1529 1354 ἄλλοις
1555 1309 1628 1359 τῆς

150 1384 193 1409 τε
228 1367 355 1424 ἀρχῆς
385 1368 719 1423 ἄποβιβασθέι,’τα
746 1371 814 1411 καὶ
838 1374 1004 1424 βασιλεῖ
1025 1370 1094 1412 διὰ
1121 1374 1240 1413 τοῦτο
1265 1369 1491 1425 αὐτόμολον
1513 1389 1627 1428 γεγο-

149 1433 261 1478 νότα.
330 1437 480 1479 ἐκέλευε
505 1438 548 1480 δὲ
569 1442 642 1492 τῆς
659 1456 700 1480 τε
722 1436 884 1494 γνώμης
904 1437 1260 1496 ἄποπειράσασθαι
1281 1444 1397 1497 σᾳῶν
1408 1472 1422 1492 ,
1459 1443 1525 1482 καὶ
1550 1441 1626 1497 εἴγε

148 1504 206 1559 μὴ
227 1506 288 1546 ἐπὶ
309 1509 367 1562 τῷ
384 1510 548 1563 πονηρῷ
563 1505 773 1560 Ῥωμαίων
791 1506 958 1562 ἥκουσιν
969 1539 982 1559 ,
1018 1506 1154 1565 ὅρκοις
1170 1508 1215 1550 τὸ
1234 1512 1401 1563 πρᾶγμα
1418 1513 1625 1562 βεβαιοῦν.

150 1572 196 1615 οἳ
217 1575 284 1616 καὶ
315 1574 449 1627 ἐπειδὴ
482 1576 545 1616 ἐπὶ
575 1575 670 1625 τοὺς
699 1579 778 1618 τῶν
808 1574 1034 1632 βαρβάρων
1069 1575 1222 1618 τούτων
1252 1575 1450 1632 ἥγεμόνας
1479 1572 1624 1632 ἦλθον,

95 1640 286 1693 2οἒ’λεξαν
310 1640 428 1684 τάδε·
469 1641 495 1658 ‘²
508 1642 732 1700 ἀκήρυκτον
762 1643 936 1698 πόλεμον
963 1644 1071 1700 ἄγειν
1091 1646 1154 1686 ε’πὶ
1172 1645 1267 1695 τοὺς
1286 1645 1413 1700 μηδὲν
1433 1644 1623 1700 ἠδικηκό-

148 1727 244 1762 τας,
281 1710 371 1754 οῧτε
402 1709 512 1755 ὅσιον
540 1712 629 1755 οὕτε
663 1712 795 1763 ἄλλως
823 1713 1013 1770 εὐπρεπές
1047 1712 1282 1771 ἀνθρώποις
1314 1714 1396 1756 ἐστὶ
1420 1715 1558 1770 γένους
1579 1732 1620 1757 τε

149 1780 385 1839 περιᾳανεία
403 1783 469 1822 καὶ
493 1780 701 1835 δυνάμεως
722 1783 930 1841 περιουσίᾳ
952 1780 1131 1836 μάλιστα
1148 1783 1418 1839 κεχρημένοις.
1475 1787 1619 1825 νικῶν-
1642 1796 1673 1831 Β

149 1865 214 1898 τες
244 1846 345 1906 γάρ,
384 1847 433 1890 ἂν
461 1848 566 1910 οὕτω
594 1849 732 1904 τύχοι,
767 1851 814 1892 οὗ
838 1851 912 1893 σὺν
934 1850 1097 1910 ἀνδρεία
1121 1849 1351 1906 νικήσουσι,
1388 1852 1455 1892 καὶ
1483 1850 1622 1906 ἡσσώ-

148 1956 234 1990 fore.
283 1955 404 2001 quibus
419 1953 571 2001 acceptis
590 1956 853 2000 conditionibus,
882 1957 1064 2003 solutoque
1090 1957 1202 2001 bello,
1235 1957 1440 2004 Byzantium
1462 1957 1621 2004 princeps

147 2002 342 2036 revertitur.

243 2050 296 2085 12.
342 2048 432 2082 Tum
461 2059 516 2082 res
533 2047 770 2082 occidentales
798 2048 930 2083 initium
956 2060 1122 2083 novorum
1148 2051 1298 2083 motuum
1322 2050 1450 2086 fecere.
1497 2049 1622 2084 Celtae

148 2094 233 2128 enim
250 2094 477 2139 Germanique
493 2099 529 2128 et
545 2094 657 2138 Galli,
694 2099 728 2127 et
743 2095 798 2139 qui
814 2101 967 2128 veterem
985 2095 1262 2129 circumhabitant
1288 2095 1429 2129 Romam
1441 2120 1452 2137 ‚
1483 2095 1619 2129 Brittii-

147 2151 215 2184 que
247 2146 283 2173 et
314 2140 489 2182 Britanni,
522 2146 623 2184 atque
647 2140 732 2173 adeo
756 2141 936 2174 universae
952 2140 1149 2175 Occidentis
1162 2141 1252 2174 vires
1266 2146 1455 2175 moverunt.
1501 2147 1620 2175 tantae

147 2186 369 2230 expeditionis
384 2186 416 2219 in
434 2185 579 2230 speciem
594 2197 696 2220 causa
712 2186 795 2219 haec
810 2187 1002 2227 serebatur,
1031 2194 1069 2220 ut
1085 2199 1126 2220 ex
1144 2187 1283 2232 Europa
1297 2187 1331 2220 in
1350 2187 1462 2220 Asiam
1477 2187 1617 2221 traiice-

147 2236 247 2275 rent‚
278 2232 541 2276 dimicarentque
570 2243 644 2265 cum
675 2231 784 2265 obviis
814 2233 950 2274 Persis,
980 2232 1125 2277 indeque
1139 2232 1172 2265 in
1189 2232 1414 2267 Palaestinam
1431 2233 1616 2267 contende-

146 2282 243 2322 rent,
275 2278 435 2324 templum
466 2278 665 2311 dominicum
695 2278 838 2321 locaque
863 2283 1079 2312 sacrosancta
1111 2278 1298 2312 lustraturi.
1357 2285 1506 2312 ceterum
1533 2290 1618 2313 vera

146 2323 245 2357 huius
274 2324 492 2368 protectionis
527 2335 630 2358 causa
654 2324 738 2364 suit,
768 2330 806 2356 ut
827 2324 862 2357 in
886 2323 1028 2358 transitu
1046 2324 1272 2357 Romanorum
1286 2324 1488 2358 infestarent
1502 2335 1617 2369 agros,

148 2373 185 2403 et
215 2370 316 2404 obvia
346 2381 500 2414 quaeque
531 2374 735 2404 everterent.
783 2369 974 2404 innumerus
989 2375 1100 2403 autem
1114 2370 1246 2403 illorum
1262 2376 1336 2404 erat
1351 2370 1530 2404 exercitus.
1578 2374 1616 2404 at

145 2414 204 2448 ubi
231 2414 298 2448 iam
328 2417 498 2460 proximos
529 2415 604 2450 esse
633 2417 871 2459 Hungarorum
895 2416 1018 2450 finibus
1042 2415 1179 2449 rescivit
1203 2414 1378 2461 princeps,
1406 2414 1614 2449 Demetrium

146 2461 313 2506 quendam
337 2461 644 2503 Macrembolitem‚
674 2467 709 2494 et
732 2461 957 2495 Alexandrum
973 2467 1076 2506 gente
1091 2462 1234 2501 Italum,
1265 2461 1440 2494 Gravinae
1465 2460 1614 2495 civitatis

140 2505 286 2549 ,Italicae
315 2506 393 2540 olim
431 2507 606 2548 comitem,
639 2507 765 2552 quique
793 2518 813 2540 a
842 2507 979 2541 Siciliae
1004 2513 1148 2551 tyranno
1174 2518 1248 2540 cum
1276 2507 1500 2552 compluribus
1537 2506 1612 2540 aliis

147 2552 413 2596 possessionibus
427 2553 495 2587 suis
512 2558 635 2587 exutus
645 2578 656 2594 ‚
682 2552 726 2587 ad
741 2553 977 2598 imperatorem
995 2554 1059 2586 hac
1074 2553 1116 2585 de
1132 2563 1236 2586 causa
1249 2552 1450 2593 transierat,
1483 2551 1614 2596 legatos

148 2597 268 2631 mittit:
306 2598 371 2632 hoc
392 2598 472 2632 dato
490 2599 523 2632 in
547 2599 732 2639 mandatis,
765 2605 803 2632 ut
815 2610 927 2633 eorum
942 2604 1086 2633 mentem
1102 2597 1291 2642 diligentius
1306 2597 1546 2642 explorarent3
1577 2602 1613 2632 et

149 2642 181 2676 si
202 2642 237 2676 in
261 2644 488 2678 Romanorum
514 2645 669 2679 damnum
685 2644 833 2678 dicerent
846 2657 912 2678 non
930 2656 968 2679 se
983 2644 1162 2677 advenisse
1175 2669 1185 2686 ‚
1220 2643 1255 2677 id
1272 2643 1489 2677 sacramentis
1505 2643 1612 2677 adfir-

149 2693 299 2724 marent:
329 2690 434 2734 legati
453 2691 557 2734 igitur
581 2691 623 2725 ad
651 2692 868 2724 barbarorum
885 2691 987 2724 duces
1003 2689 1179 2736 perducti,
1206 2689 1240 2722 in
1257 2690 1344 2723 hunc
1359 2689 1493 2722 modum
1508 2690 1616 2723 verba

149 2733 314 2771 fecerunt.
361 2736 519 2770 “bellum
542 2748 609 2770 non
637 2737 796 2770 indictum
817 2736 947 2771 inferre
967 2737 1026 2780 iis,
1059 2735 1115 2780 qui
1143 2734 1267 2768 nullam
1280 2734 1432 2768 iniuriam
1448 2736 1615 2777 fecerunt,

96 2784 99 2787 “
149 2778 234 2812 nulli
250 2779 412 2815 bominum
426 2786 485 2816 aut
501 2788 652 2816 sanctum
667 2793 814 2827 unquam
828 2782 914 2823 fuit,
945 2789 1005 2816 aut
1030 2781 1207 2814 decorum:
1238 2780 1383 2815 maxime
1406 2781 1528 2826 quibus
1552 2792 1614 2814 no-

150 2824 289 2858 bilitatis
303 2831 339 2860 et
351 2828 526 2871 potentiae
540 2829 674 2863 abunde
689 2835 750 2862 est.
797 2828 826 2863 si
851 2828 935 2862 enim
953 2828 1090 2862 vincere
1104 2827 1179 2860 illos
1197 2826 1390 2871 contingat,
1419 2825 1611 2860 fortitudini

150 2880 219 2904 non
233 2870 446 2908 adscribetur
458 2873 612 2910 victoria.
659 2874 795 2919 contra,
824 2875 854 2909 si
875 2874 960 2910 victi
973 2873 1118 2918 fuerint,
1151 2883 1220 2908 non
1235 2884 1298 2919 pro
1314 2872 1440 2908 virtute
1454 2871 1613 2918 periculis
