1878 3262
629 189 1022 259 fflS'rORIARUM
1052 189 1115 232 1..·-
1131 187 1212 235 VI.
1564 183 1664 230 281

214 307 305 350 νίκα
332 303 574 363 Ῥομπέρτος
610 305 755 354 ἐκεῖνος
787 305 829 354 ἐξ
856 303 1028 352 Ἰταλίας
1052 302 1115 344 ἐπὶ
1139 297 1374 359 Δυρράχιον
1399 298 1545 354 διαβὰς
1567 299 1664 340 ἐπο-
1684 302 1718 337 V
1743 302 1807 337 128

212 373 363 431 λιόρκει
386 374 461 428 τὴν
480 373 647 431 χώραν,
683 374 856 427 ἀμοιβῆς
885 369 1124 425 τυγχάνουσι
1160 375 1233 424 τῆς
1269 386 1311 412 τε
1350 369 1478 423 ἄλλης
1506 369 1578 410 καὶ
1612 366 1663 422 δὴ
1686 377 1717 412 Β

215 444 284 486 καὶ
309 442 508 492 στενωπὸς
533 443 668 492 αὐτοῖς
692 444 733 483 ἐν
762 440 968 496 Βυζαντίῳ
995 439 1237 481 ἄποτέτακτο
1246 471 1260 490 ,
1285 437 1330 480 ὃν
1348 437 1550 491 Ἔμβολον
1575 435 1668 478 ὀνο-

214 510 410 566 μάζουσιν
443 511 481 553 οἱ
513 513 678 562 πολλοί,
711 508 826 564 μόνοι
850 524 892 550 τε
918 511 999 550 τῶν
1023 505 1212 549 ἁπάντων
1237 506 1304 549 διὰ
1328 510 1447 548 τοῦτο
1473 505 1548 555 τὰς
1572 504 1665 547 κατ’

181 581 412 636 ξέμπορίαν
433 578 603 629 δεκάτας
623 579 752 621 οὐδενὶ
767 576 975 631 Ῥωμαίων
999 576 1041 625 ἐξ
1067 576 1214 616 ἐκείνου
1240 576 1502 630 παρέσχοντο.
1535 575 1668 615 τοίνυν

215 650 284 690 καὶ
304 647 350 689 τὸ
374 648 639 704 ἀσυμμέτρους
659 648 842 689 ἐντεῦθεν
862 646 1045 686 πλουτεῖν
1068 643 1171 696 ταχὺ
1199 644 1239 692 ἐς
1260 643 1497 694 ἀλαζονείαν
1522 641 1670 691 αὐτοὺς

214 711 323 773 ἦρεν.
393 716 508 773 ἀνδρὶ
532 717 664 770 μέντοι
691 716 834 770 πολίτῃ
856 712 936 755 ὅσα
959 714 1026 756 καὶ
1054 709 1296 768 ἀνδραπόδῳ
1321 718 1546 766 προσεῖχον,
1573 709 1667 752 ἀλλ’

217 785 293 839 οὐχ
331 782 439 835 ὅπως
469 788 550 826 τῶν
584 787 744 825 πολλῶν
776 800 852 825 τινι
877 783 943 823 καὶ
971 783 1222 835 δημοτικῶν,
1257 779 1362 821 ἀλλὰ
1399 779 1474 820 κᾶν
1508 796 1569 828 τις
1607 779 1674 821 ἐπὶ

217 851 480 907 σεβαστότητι
517 851 675 909 ἐφρόνει
714 850 789 893 κᾶν
826 852 889 892 ἐπὶ
925 848 1059 904 μεῖζόν
1091 866 1129 891 τι
1162 852 1309 904 προῆκε
1335 850 1415 889 τῶν
1440 847 1552 902 παρὰ
1572 845 1672 888 Ῥω·-

164 927 208 962 10
217 922 354 975 μαιόις
388 926 556 974 σεμνῶν.
622 920 692 977 ἐφ’
730 917 790 969 οἷς
809 917 1040 973 χαλεπήνας
1064 915 1085 959 ὃ
1109 916 1301 971 βασιλεὺς
1318 913 1505 969 Ἰωάννης
1527 916 1570 956 ἐκ
1595 931 1672 955 πο-

217 991 298 1031 δῶν
323 993 396 1042 τῆς
413 988 622 1043 Ῥωμαίων
647 988 794 1038 αὖτοὺς
818 985 1032 1041 ἐποιήσατο
1057 987 1271 1035 πολιτείας.
1339 985 1524 1026 ἐντεῦθεν
1562 981 1670 1036 ἀμύ-

215 1061 369 1099 νασθαι
389 1055 612 1111 Ῥωμαίους
637 1056 706 1099 διὰ
729 1058 908 1110 σπουδῆς
932 1055 1069 1105 αὐτοῖς
1092 1049 1154 1110 ἦν.
1214 1051 1357 1096 στόλον
1382 1047 1454 1094 οὖν
1477 1049 1669 1106 τεκτηνά-
1690 1057 1721 1092 C

215 1142 328 1179 μενοι
364 1130 463 1168 νεῶν
499 1124 651 1168 τούτων
689 1126 867 1179 ἐπῆλθον
903 1129 955 1180 τῇ
991 1138 1068 1180 γῃ-
1103 1122 1166 1166 ὅτε
1194 1123 1244 1176 δὴ
1269 1123 1376 1163 Χίον
1401 1138 1442 1163 τε
1470 1118 1576 1163 εἷλον
1602 1122 1669 1162 καὶ

210 1192 351 1236 Ῥόδου
377 1195 444 1237 καὶ
466 1195 639 1248 Λέσβου
664 1192 795 1248 νήσων
821 1194 1073 1249 κατέδραμον
1097 1192 1344 1245 ὀνομαστῶν.
1414 1190 1476 1231 ἐπὶ
1501 1191 1670 1230 Παλαι-

163 1269 206 1306 15
218 1266 361 1304 στινῶν
395 1279 438 1305 τε
476 1263 744 1316 καταχθέντες
775 1261 848 1315 τὴν
873 1266 947 1317 γῆν
974 1259 1111 1317 Τύρον
1136 1259 1223 1314 ἅμα
1248 1259 1384 1308 αὖτοῖς
1408 1255 1670 1313 ἐκπολιορκή-

216 1347 358 1380 σαντες
386 1328 519 1382 εἷλον,
554 1331 627 1384 τὴν
651 1331 693 1371 ἐν
714 1329 910 1386 θαλάσσῃ
944 1346 986 1372 τε
1023 1327 1221 1383 μετιόντες
1257 1329 1443 1384 λῃστείαν
1481 1326 1671 1379 οὗὸεμίαν

215 1399 254 1440 οἳ
291 1401 577 1453 κακοδαίμονες
613 1397 841 1455 ἀνθρώπων
874 1396 1101 1451 ἐλάμβανον
1137 1395 1276 1454 φειδώ.
1345 1396 1400 1438 δι’
1430 1394 1458 1436 ἃ
1482 1394 1675 1449 βασιλεὺς

217 1466 280 1509 ἐπὶ
304 1474 389 1517 τοῖς
412 1469 620 1524 προτέροις
641 1467 788 1516 αὐτοὺς
811 1465 1112 1522 προσηκάμενος
1138 1467 1199 1507 ἐπὶ
1225 1468 1380 1518 μᾶλλον
1404 1465 1540 1520 ἐξῆρεν
1566 1463 1672 1505 ἄλα-

217 1536 368 1587 ξονειάς
404 1538 470 1577 καὶ
508 1534 653 1592 τύφου.
723 1533 923 1577 αὐθάδεια
948 1534 1025 1590 γὰρ
1051 1538 1282 1590 κατορθοῦν
1308 1531 1461 1583 δόξασα
1487 1535 1543 1581 εἷς
1569 1529 1673 1573 ἀπό-

161 1610 330 1646 2ονοιαν
363 1605 605 1661 ἐκφέρεσθαι
637 1602 752 1645 οἶδεν.
820 1602 918 1646 ὅθεν
955 1604 1022 1644 καὶ
1059 1606 1222 1652 πολλοῖς
1258 1607 1338 1644 τῶν
1376 1595 1418 1643 εὖ
1455 1598 1674 1656 γεγονότων

215 1677 381 1726 βασιλεῖ
411 1690 452 1715 τε
490 1673 590 1714 καθ’
630 1670 734 1726 αἷμα
783 1670 1064 1728 προσηκόντων
1113 1669 1268 1726 πληγάς
1305 1687 1346 1712 τε
1385 1670 1572 1711 ἐπέθεντο
1606 1669 1674 1709 καὶ

217 1739 350 1790 ἄλλως
374 1739 595 1796 πικρότατα
621 1741 687 1782 ἐπ’
717 1741 864 1790 αὐτοὺς
886 1740 1072 1796 ὕβρισαν.
1142 1741 1278 1795 διῆγον
1315 1739 1450 1792 μέντοι
1489 1739 1551 1779 ἐπὶ
1590 1743 1674 1786 τοῖς
1694 1740 1728 1774 D

217 1808 355 1858 αὐτοῖς
380 1809 454 1862 οὐχ
479 1807 623 1863 ἥκιστα
649 1810 715 1850 καὶ
741 1809 801 1850 ἐπὶ
827 1813 907 1850 τῶν
932 1807 1137 1862 ΖΠανουὴλ
1159 1808 1358 1862 βασιλέως
1378 1805 1562 1862 χρόνων,
1598 1821 1674 1859 γυ-

217 1878 326 1927 ναιξί
348 1894 388 1919 τε
409 1875 626 1931 Ῥωμαιάις
649 1875 816 1927 ἑαυτοὺς
847 1878 1129 1928 συνοικίζοντες
1153 1878 1220 1918 καὶ
1246 1877 1389 1924 οἲκιάις
1413 1880 1501 1923 ταῖς
1526 1873 1672 1924 αὐτῶν,

219 2005 324 2040 ratori
340 2005 519 2051 aliquando
535 2005 657 2040 auxilio
674 2005 859 2046 venissent,
885 2015 952 2048 quo
966 2008 1119 2049 tempore
1135 2004 1305 2037 Robertus
1328 2003 1385 2037 ille
1410 2014 1453 2036 ex
1466 2001 1561 2036 Italia
1576 2002 1673 2045 Dyr-

219 2052 391 2086 rhachium
419 2052 633 2085 transmissus
655 2057 759 2084 totam
783 2051 954 2084 invaserat
980 2049 1181 2095 provinciam
1195 2075 1205 2091 ‚
1233 2049 1397 2083 mercedis
1413 2049 1488 2082 loco
1509 2059 1582 2081 cum
1606 2047 1672 2081 alia

219 2098 323 2132 multa
349 2109 512 2142 accepere
539 2103 608 2130 tum
636 2097 830 2142 praesertim
847 2096 1000 2139 Byzantii
1014 2095 1238 2140 angiportum,
1261 2106 1359 2140 quem
1373 2094 1550 2128 Embolum
1564 2093 1670 2137 vulgo

221 2143 412 2188 appellant:
436 2143 564 2187 solique
587 2143 727 2176 omnium
751 2148 933 2187 eapropter
958 2153 1000 2175 ex
1024 2141 1080 2174 illo
1095 2147 1248 2186 tempore
1262 2139 1408 2174 decimas
1424 2152 1466 2174 ex
1482 2145 1672 2173 mercatura

220 2189 381 2222 Romanis
396 2200 461 2222 non
476 2189 661 2223 solverunt.
706 2188 785 2221 inde
799 2189 834 2221 iu
848 2188 1041 2221 immensum
1057 2186 1154 2220 ditati
1167 2186 1280 2220 statim
1295 2186 1328 2220 in
1343 2186 1531 2232 superbiam
1546 2196 1670 2230 proru-

220 2245 322 2279 pere:
346 2235 430 2268 adeo
448 2241 486 2268 ut
501 2235 592 2268 cives
607 2234 747 2278 perinde
763 2245 804 2267 ac
818 2233 980 2277 mancipia
995 2237 1200 2275 tractarent,
1223 2243 1332 2276 neque
1348 2244 1407 2266 eos
1422 2232 1597 2265 dumtaxat
1612 2230 1670 2276 qui

221 2280 266 2313 de
279 2280 392 2313 infima
411 2281 509 2325 plebe
533 2285 666 2322 essent,
690 2291 806 2313 verum
823 2284 859 2312 et
873 2279 930 2324 qui
945 2279 1151 2312 sebaston-um
1177 2283 1237 2311 aut
1260 2278 1326 2312 alia
1350 2278 1469 2323 quavis
1488 2277 1580 2323 apud
1596 2277 1670 2310 Ro-

221 2337 335 2359 manos
351 2326 476 2359 maiore
492 2326 658 2369 dignitate
672 2326 860 2369 fulgerent:
888 2325 1007 2369 quibus
1026 2324 1219 2369 indignatus
1234 2324 1377 2357 Ioannes
1396 2323 1583 2368 imperator
1597 2333 1671 2356 om-

222 2382 283 2404 nes
300 2383 320 2405 a
335 2372 487 2405 Romano
502 2367 644 2416 imperio
658 2371 843 2416 expulerat.
889 2377 991 2415 atque
1010 2371 1086 2404 inde
1109 2382 1131 2404 a
1145 2369 1304 2404 Romanis
1320 2369 1501 2403 vindictam
1515 2372 1673 2413 repetere

221 2427 348 2450 summo
370 2428 443 2451 cuin
466 2418 577 2451 studio
599 2417 824 2451 enitebantur.
868 2416 976 2450 classe
990 2415 1107 2461 itaque
1122 2421 1316 2460 comparata
1330 2417 1491 2459 factaque
1504 2414 1539 2447 in
1555 2424 1671 2447 eorum

221 2466 331 2496 terras
353 2462 543 2508 irruptione
567 2463 687 2497 Chium
713 2462 868 2507 capiunt,
892 2468 927 2495 et
945 2462 1100 2496 Rhodum
1125 2468 1228 2506 atque
1250 2461 1412 2502 hesbum,
1437 2459 1675 2493 celeberrimas

220 2506 362 2550 insulas,
395 2509 655 2554 depopulantur.
702 2508 785 2541 Inde
809 2508 853 2541 ad
877 2507 1087 2541 Palaestinos
1108 2507 1211 2540 delati
1235 2518 1308 2540 cum
1333 2506 1380 2540 eis
1405 2506 1538 2549 Tyrum
1566 2516 1676 2550 expu-

222 2560 346 2596 gnant:
381 2554 425 2587 ad
454 2556 539 2588 haec
563 2555 598 2588 in
630 2554 710 2588 mari
735 2553 908 2599 piraticam
929 2558 1127 2587 exercentes
1148 2552 1228 2586 nulli
1253 2551 1419 2585 hominum
1440 2551 1595 2584 scelerati
1616 2549 1677 2584 isti

222 2608 418 2642 pepercere.
465 2601 679 2645 quamobrem
701 2604 739 2633 ut
763 2601 807 2632 ab
833 2599 1039 2644 imperatore
1060 2598 1096 2632 in
1121 2598 1265 2643 priorem
1280 2603 1404 2631 statum
1419 2602 1498 2630 sunt
1511 2596 1675 2639 restituti,

224 2643 329 2676 maior
349 2656 408 2678 eos
430 2646 545 2680 statim
566 2646 703 2680 incessit
723 2645 882 2690 superbia
905 2649 940 2678 et
961 2644 1154 2678 insolentia.
1200 2643 1397 2688 arrogantia
1412 2643 1499 2676 enim
1514 2648 1607 2676 recte
1620 2643 1675 2675 fa-

225 2693 355 2722 ctorum
371 2690 526 2735 opinione
547 2691 669 2725 inflata
690 2692 891 2735 quandoque
904 2690 938 2724 in
952 2690 1100 2724 ultimam
1114 2689 1363 2734 improbitatem
1378 2688 1563 2722 deflectere
1577 2688 1675 2721 solet.

223 2733 314 2767 unde
328 2735 449 2768 factum
466 2743 538 2779 ωε,
558 2742 598 2771 ut
620 2737 734 2771 multis
758 2737 924 2770 nobilibus
939 2736 1019 2769 viris
1034 2741 1070 2769 et
1085 2735 1223 2781 principi
1238 2735 1406 2769 affinitate
1419 2734 1540 2768 iunctis
1555 2734 1676 2779 plagas

223 2778 396 2812 intulerint
403 2781 543 2826 aliisque
553 2794 612 2817 eos
625 2783 830 2827 gravissimis
847 2782 1025 2816 affecerint
1038 2781 1177 2815 iniuriis.
1201 2781 1321 2815 iisdem
1333 2786 1445 2815 tamen
1456 2780 1556 2813 nihilo
1566 2778 1676 2812 secius

223 2825 278 2860 usi
294 2825 439 2860 fortunis
451 2826 618 2864 Manuelis
639 2837 774 2875 quoque
793 2828 1003 2874 imperatoris
1017 2827 1239 2874 temporibus,
1261 2827 1499 2872 Romanasque
1521 2824 1677 2859 mulieres
