1878 3262
305 209 397 255 160
715 208 1019 252 NICEPHORI
1049 207 1314 254 BRYENNII

248 329 280 363 D
441 322 519 367 33.
575 319 630 365 ’Ὅ
658 322 732 376 μὲν
760 317 831 365 οὖν
855 323 1026 373 Ἀλέξιος
1048 322 1149 380 πρὸς
1168 324 1237 366 τὸν
1254 324 1422 378 βασιλέα
1446 323 1560 383 ἀπῄει
1588 326 1629 368 ἓν
1650 333 1743 378 τοῖς

294 392 513 445 βασιλείοις
534 388 720 445 διάγοντα
730 423 744 442 ,
780 389 801 433 ὅ
827 392 869 433 δὲ
891 392 1076 445 ἐκτομίας
1097 392 1170 434 σὺν
1191 391 1339 443 πάσαις
1355 393 1564 448 δυνάμεσιν
1580 393 1740 452 ὥρμησε

297 459 401 502 κατὰ
423 463 495 500 τοῦ
515 462 778 514 Μελισσηνοῢ
788 492 802 511 ,
837 462 902 502 καὶ
921 460 972 502 τὰ
989 463 1180 502 Βιθυνῶν
1200 462 1371 504 διελθὼν
1393 460 1482 517 ὅρια
1503 463 1741 520 ἐστρατοπέ-

297 531 411 570 δευσε
435 529 528 583 περί
547 544 583 569 τι
607 528 836 570 καστὲλλιον
859 527 882 570 ὃ
908 532 1074 571 καλοῦσι
1102 529 1304 580 Βασιλέα,
1343 533 1476 572 πλεῖον
1495 530 1522 584 ἢ
1539 530 1739 588 τεσσαρά-

296 613 419 639 κοντα
441 597 614 638 σταδίων
636 597 810 647 Νικαίας
833 596 990 650 ἀπέχον.
1037 597 1158 639 ἐκεῖσε
1181 598 1224 639 δὲ
1244 599 1436 654 γενομένῳ
1459 598 1770 652 συνεβούλευονδ

295 664 320 706 ὅ
355 682 395 706 τε
427 662 708 719 Παλαιολόγος
737 667 803 706 καὶ
832 663 852 706 ὃ
873 663 1014 707 τούτου
1038 664 1254 723 ἐξάδελφος
1275 667 1500 722 Κουρτίκης
1518 669 1740 721 ληΐσασθαι

293 733 346 774 τὰ
378 731 659 789 παρατυχόντα
690 732 782 790 ἄχρι
817 735 1010 783 Νικαίας,
1039 731 1290 790 ὗποστρέψαι
1320 735 1363 775 δὲ
1393 734 1460 776 διὰ
1480 739 1550 788 τῆς
1566 738 1741 791 παραλι-

293 802 411 854 μνίου
434 803 499 843 καὶ
518 805 779 858 πολιορκῆσαι
800 801 845 843 τὸ
866 807 938 843 τοῦ
956 800 1096 858 Κύρου
1114 804 1156 843 Γ
1152 804 1314 858 εωργιόυ
1334 804 1575 844 καστέλλιον.
1643 801 1666 844 ὃ
1690 802 1740 856 δὴ

294 872 361 925 καὶ
395 868 687 923 καταλαβόντες
717 870 859 911 αὐτίκα
890 870 1094 924 κατέσχον.
1162 869 1244 913 εἶτα
1272 872 1354 912 ἐπεὶ
1374 875 1524 929 βουλῆς
1542 871 1664 913 ἐδεῖτο
1688 871 1739 913 τὰ

151 948 182 980 P
208 949 271 984 105
296 937 514 994 πράγματα
542 938 605 978 ἐπὶ
636 940 759 994 ξυροῦ
785 937 975 992 ἱστάμενα
983 971 997 990 ,
1031 937 1201 989 ἅπαντες
1224 939 1262 981 οἱ
1284 943 1357 981 τοῦ
1377 943 1551 996 στρατοῦ
1574 938 1739 995 λογάδες
1749 947 1794 982 10

292 1009 347 1056 εἷς
371 1006 444 1060 τὴν
466 1005 614 1061 σκηνὴν
642 1009 716 1047 τοῦ
747 1007 929 1060 ἔκτομίου
951 1005 1150 1062 γενόμενοι
1169 1009 1445 1050 διεσκοποῦντο
1468 1007 1542 1050 εἴτε
1562 1007 1634 1062 τὴν
1658 1009 1738 1050 Nl-

290 1092 408 1116 καιαν
442 1078 704 1130 πολιορκῆσαι
740 1076 818 1125 δεῖ,
854 1075 928 1117 εἴτε
959 1077 1014 1125 εἷς
1041 1075 1086 1117 τὸ
1109 1074 1340 1131 Δορύλαιον
1364 1074 1614 1126 ἀπελθόντας
1635 1077 1738 1129 μετὰ

287 1146 363 1184 τοῦ
387 1140 607 1183 σουλτάνου
630 1140 810 1194 συνάψαι
833 1141 1019 1196 πόλεμον.
1087 1143 1168 1185 ἐπεὶ
1190 1144 1234 1185 δὲ
1255 1141 1276 1184 ὃ
1298 1143 1578 1199 Παλαιολόγος
1599 1146 1640 1185 Γ
1636 1142 1738 1200 ἐώρ-

287 1227 374 1265 γιος
407 1211 473 1251 καὶ
505 1207 526 1251 ὅ
559 1207 702 1251 τούτου
731 1207 948 1266 ἐξάδελφος
970 1212 1196 1267 Κουρτίκης
1219 1209 1456 1268 ἀσύμφορον
1475 1212 1543 1254 τὸν
1564 1217 1636 1266 τῆς
1656 1216 1738 1254 Νι-

286 1280 405 1328 καίας
424 1276 596 1331 πόλεμον
611 1278 751 1332 ἐσίγων
758 1309 771 1329 ,
798 1277 915 1320 τοῦτό
937 1295 1038 1328 τινες
1055 1282 1134 1320 τῶν
1152 1283 1225 1320 τοῦ
1241 1279 1422 1332 ἓκτομίου
1439 1278 1624 1321 Ἰωάννου
1645 1297 1734 1337 φω-
1747 1287 1790 1322 15

286 1345 505 1403 ρασάμενοι
528 1344 870 1402 ὗποψιθυρίζουσι
895 1346 989 1389 κατ’
1021 1346 1152 1388 αὐτῶν
1177 1348 1244 1388 καὶ
1265 1346 1369 1388 ἄλλα
1390 1346 1638 1398 κατειπόντες
1659 1348 1736 1389 αὖ*

287 1420 389 1467 τῶν,
424 1415 546 1464 εὐθὺς
565 1415 835 1470 ἀπεφοίβασεν
858 1413 879 1456 ὃ
899 1416 1083 1469 ἐκτομίας
1106 1415 1207 1472 πρὸς
1225 1413 1404 1465 ἅπαντας
1426 1413 1528 1470 ιετὴν
1553 1417 1735 1466 ἐξουσίαν

235 1498 263 1531 Β
287 1488 365 1524 τῶν
385 1481 598 1538 ταγμάτων
619 1483 706 1536 ἐμοὶ
727 1482 892 1525 ἀνέθετο
914 1481 934 1525 ὅ
952 1481 1164 1538 βασιλεύς,
1199 1485 1266 1526 καὶ
1283 1482 1391 1534 ὅπως
1407 1482 1456 1526 ἄν
1476 1484 1596 1534 αὐτὸς
1614 1485 1735 1541 κρίνω

283 1555 400 1593 τοῦτο
423 1552 512 1593 δέον
535 1551 617 1593 ἐστὶ
638 1551 866 1605 γίνεσθαι.”

420 1638 499 1686 34.
559 1639 631 1691 Ὡς
650 1641 693 1683 δὲ
712 1639 909 1684 ἐθεάσατο
928 1639 949 1684 ὅ
970 1639 1253 1698 Παλαιολόγος
1268 1641 1336 1685 τὸν
1351 1641 1453 1685 κατὰ
1470 1646 1541 1697 τῆς
1557 1643 1732 1692 Νικαίας
1741 1651 1787 1687 20

369 1760 404 1795 4.
427 1759 607 1805 Βασιλέα]
633 1759 832 1795 Bacchiae?
876 1760 940 1794 cfr.
965 1771 1001 1805 p.
1023 1762 1097 1795 106.
1123 1761 1164 1795 Β.
1345 1761 1380 1796 7.
1403 1757 1658 1804 ὐποστρέψαι]
1687 1760 1733 1796 V.

330 1852 333 1855 ξ
369 1803 618 1861 ὑποστρέψαςε.
673 1849 683 1861 Ι
747 1807 801 1841 12.
822 1804 1055 1860 Δορύλαιρν]
1078 1806 1122 1859 V:
1146 1803 1341 1861 A⁰9¹572²⁰¹5¹=
1471 1805 1526 1841 15.
1549 1803 1731 1860 πόλεμον]

367 1851 464 1885 Fort.
488 1851 566 1887 add.
588 1862 798 1896 ηγουμενοι.
945 1853 1030 1886 abad.
1052 1853 1186 1898 τουτο]
1211 1863 1322 1886 τουτο
1347 1852 1414 1886 ve?
1555 1851 1640 1886 abad.
1663 1862 1730 1885 του

369 1894 564 1942 ἐκτομίου]
590 1897 635 1931 V.
659 1894 697 1931 ἐκ
720 1897 789 1931 τοῦ
810 1891 991 1941 ἕκτομίου.

368 1999 425 2034 33.
474 1999 532 2032 Sic
546 1998 684 2034 Alexius
700 1998 742 2033 ad
756 1999 993 2043 imperatorem
1006 1996 1040 2030 in
1057 1997 1209 2043 palatium
1226 1997 1339 2033 rediit.
1378 1997 1545 2034 eunuchus
1559 2009 1640 2032 vero
1657 2005 1730 2032 cnm

279 2044 429 2078 omnibus
455 2044 561 2089 copiis
587 2045 749 2079 adversus
771 2044 987 2078 Melissenum
1015 2043 1120 2077 movit
1137 2055 1177 2078 ac
1198 2045 1282 2079 fines
1301 2045 1479 2088 Bithyniae
1502 2048 1730 2087 transgressus

279 2095 391 2123 castra
413 2090 526 2134 posuit
550 2089 639 2124 circa
662 2089 929 2124 munitiunculam
955 2089 1128 2133 quamdam
1143 2115 1153 2131 ,
1185 2090 1239 2123 cui
1263 2090 1396 2124 Basilea
1419 2101 1538 2124 nomen
1555 2095 1625 2131 est,
1653 2088 1729 2133 plus

278 2135 502 2180 quadraginta
517 2136 634 2170 stadiis
650 2135 779 2171 Nicaea
795 2135 983 2169 distantem.
1030 2134 1075 2167 ibi
1102 2135 1290 2169 suadebant
1315 2144 1402 2169 novo
1418 2135 1492 2170 duci
1508 2134 1730 2178 Palaeologus

278 2186 315 2214 et
330 2181 427 2214 huius
443 2181 567 2215 sororis
583 2181 671 2215 filius
689 2181 840 2214 Curtices
851 2207 860 2222 ,
887 2184 925 2213 ut
941 2179 1040 2214 obvia
1057 2191 1209 2226 quaeque
1222 2186 1377 2215 vastaret
1391 2179 1553 2215 Nicaeam
1567 2190 1673 2224 usque
1687 2189 1729 2212 ac

276 2237 432 2260 reversus
450 2236 510 2271 per
526 2237 618 2260 oram
635 2226 745 2269 stagni
762 2225 935 2260 obsidione
951 2225 1102 2270 cingeret
1118 2227 1285 2260 castellum
1301 2227 1366 2260 divi
1383 2226 1543 2271 Georgii,
1573 2224 1616 2259 ad
1631 2225 1724 2269 quod

276 2281 349 2305 cum
365 2271 537 2306 venissent
552 2271 662 2306 statim
676 2271 757 2304 illud
773 2276 990 2316 occuparunt.
1021 2271 1100 2318 inde
1115 2273 1267 2316 quoniam
1285 2272 1420 2306 consilio
1437 2277 1512 2306 erat
1524 2281 1606 2316 opus
1623 2271 1724 2304 rebus

272 2315 310 2350 in
333 2317 407 2351 acie
428 2314 567 2362 periculi
594 2317 780 2358 stantibus,
812 2316 922 2350 cuncti
946 2317 1113 2350 exercitus
1138 2318 1295 2351 ductores
1309 2319 1342 2351 in
1359 2316 1560 2363 praetorium
1582 2315 1722 2349 eunuchi

273 2362 512 2396 convenientes
539 2362 768 2396 deliberabant
794 2362 1059 2406 oppugnandane
1082 2362 1213 2396 Nicaea
1238 2363 1348 2406 foret,
1378 2372 1419 2397 an
1435 2365 1524 2396 esset
1538 2362 1722 2395 consultius

270 2408 441 2453 proficisci
468 2413 563 2442 recta
579 2409 784 2452 Dorylaeum
811 2418 930 2440 versus
955 2413 989 2440 et
1012 2408 1055 2440 ibi
1079 2409 1238 2452 praelium
1255 2418 1327 2442 cum
1345 2409 1484 2442 Sultano
1502 2407 1720 2442 committere.

271 2454 427 2498 quoniam
451 2465 532 2487 vero
552 2454 771 2497 palaeologus
789 2453 979 2496 Georgius,
1013 2459 1048 2486 et
1070 2454 1164 2487 huius
1181 2466 1224 2488 ex
1239 2465 1354 2488 sorore
1370 2464 1472 2498 nepos
1490 2452 1641 2486 Curtices
1655 2452 1721 2487 alia

271 2500 379 2533 omnia
407 2499 586 2533 suadentes
612 2499 655 2532 de
680 2498 931 2544 oppugnatione
947 2498 1096 2532 Nicaeae
1121 2503 1288 2544 tamquam
1305 2498 1538 2543 intempestiva
1555 2505 1590 2532 et
1609 2510 1649 2532 eo
1666 2509 1722 2532 re-

268 2554 342 2577 rum
373 2549 466 2579 statu
493 2545 749 2578 inconveniente
771 2545 948 2585 tacebant,
980 2544 1044 2577 hoc
1068 2545 1200 2588 quidam
1217 2557 1258 2579 ex
1272 2544 1404 2578 Ioannis
1418 2543 1635 2577 familiaribus
1647 2543 1721 2578 ani·-

269 2590 459 2633 madverso,
475 2601 680 2624 murmurare
695 2590 728 2624 in
744 2590 836 2634 ipsos
852 2595 1045 2634 coeperunt,
1062 2590 1127 2624 alia
1142 2597 1276 2635 quoque
1291 2595 1508 2633 congerentes
1524 2589 1644 2634 quibus
1659 2600 1719 2624 su·-

269 2639 406 2679 spectos
422 2647 478 2668 eos
493 2636 680 2670 redderent.
727 2640 808 2669 tunc
822 2636 990 2668 eunuchus
1007 2634 1095 2669 elata
1110 2647 1194 2669 voce
1208 2635 1339 2669 sublato
1355 2635 1531 2679 supercilio
1548 2634 1591 2668 ad
1605 2645 1719 2670 omnes

266 2680 519 2727 pronuntiavit=
551 2681 662 2714 “mihi
688 2681 782 2714 huius
810 2680 979 2714 exercitus
1003 2680 1175 2726 imperium
1201 2681 1243 2715 ab
1264 2682 1415 2724 Augusto
1432 2680 1636 2715 commissum
1653 2685 1718 2724 est,

266 2726 356 2773 quod
371 2737 433 2770 ego
449 2726 631 2759 decrevero
647 2727 710 2760 hoc
727 2731 778 2760 est
791 2726 965 2770 agendum.
975 2724 998 2740 ’'

354 2794 410 2830 34.
457 2792 507 2828 Ut
528 2796 641 2828 autem
659 2794 740 2830 vidit
753 2793 979 2841 Palaeologus
992 2793 1190 2839 praevalere
1204 2792 1374 2829 consilium
1390 2792 1636 2839 oppugnandae
1650 2793 1714 2829 Ni·-
