1878 3262
227 207 324 254 328
675 205 882 249 CAROLI
910 204 990 248 DU
1022 205 1234 250 FRESNE

227 318 466 356 amoenitate
485 315 597 366 capti
617 327 770 363 omnes,
800 314 874 353 illo
896 316 1069 353 tentoria
1082 315 1234 367 figere,
1264 324 1301 355 et
1319 317 1376 355 ibi
1387 330 1572 370 pausare
1592 331 1689 356 con-

229 375 451 413 stituimus.
511 378 551 410 et
572 384 688 410 mox:
708 372 871 423 fateor,
903 379 985 409 toto
1005 371 1268 423 expeditionis
1284 379 1453 425 tempore
1474 388 1689 426 nunquam

228 431 401 468 laetiora
429 428 650 466 habaima-s·
673 428 961 479 tabernacula,
1003 443 1216 481 nunquam
1244 437 1442 482 quantum
1466 431 1526 470 ad
1550 445 1691 470 sensus·

229 484 434 524 iudicium
455 486 651 523 maiorem
671 485 867 523 ambitum
885 493 1184 537 occupaverant
1204 487 1392 526 tentoria.

340 556 380 595 p.
398 541 453 584 74
478 555 520 583 v.
548 541 589 584 4.
644 539 799 595 ὄμβρου
827 539 900 596 γᾶρ
930 542 1128 593 ἐξαισίου]
1158 543 1339 581 Subitam
1370 541 1474 581 hanc
1495 543 1689 583 imbrium

226 599 320 650 vim,
351 611 450 649 quae
465 598 694 638 universum
713 611 835 650 paene
853 599 1121 650 pessumdedit
1139 599 1371 647 exereitum,
1397 599 1580 651 graphice
1596 613 1690 640 ver-—

226 656 285 694 bis
313 655 441 705 hisce,
479 661 637 707 praeter
665 655 838 694 Nicetam
869 661 909 694 et
937 656 1197 706 Cinnamum‚
1236 655 1424 695 describit
1449 655 1552 695 idem
1581 657 1690 696 Otho

226 711 507 764 Frisingensis:
545 719 581 750 et
609 725 693 750 εσσε
713 714 823 750 cirea
851 713 1039 763 vigiliam
1068 714 1319 752 matutinam
1348 712 1547 751 nubecula
1566 728 1692 765 quae..

227 768 326 807 dam
337 783 478 821 parva
498 775 636 807 exorta
658 769 823 807 imbrem
843 771 975 807 mitem
986 768 1200 821 produxit.
1261 783 1378 822 quem
1395 770 1528 808 subito
1550 777 1692 809 tantu&

223 826 469 878 pluviarum
502 832 792 878 ventorumque
831 827 1080 877 impetuosus
1116 826 1233 864 turbo
1261 826 1501 865 subsecutus
1529 834 1607 877 eet,
1646 835 1694 866 ut

228 884 438 921 concuseie
467 890 504 920 et
528 883 699 930 solutis,
739 897 809 921 seu
835 881 894 920 ad
914 890 1062 921 terram
1088 882 1250 921 deiectis
1269 883 1564 934 tabernaculis,
1591 898 1693 936 gra—

226 941 392 977 vissime
423 941 498 991 qui
530 947 626 990 post
654 941 952 978 matutinorum
983 938 1126 978 laudes
1161 941 1274 979 lectis
1301 954 1374 978 nos
1410 954 1693 992 receperamus,

227 998 429 1035 excitaret.
489 996 644 1033 clamor
663 1003 794 1034 totum
817 998 1000 1034 vicinum
1021 997 1173 1048 replens
1195 1001 1324 1035 ae'rem
1346 997 1563 1036 attollitur.
1604 1011 1693 1035 am-

226 1053 390 1091 niculus
410 1053 545 1101 etiam,
576 1067 631 1097 an
653 1066 697 1090 ex
720 1053 929 1104 reflexione
943 1055 1122 1103 proximi
1145 1056 1295 1104 maris,
1325 1053 1566 1091 imbriumve
1586 1054 1694 1092 mul-

225 1107 423 1157 titudine,
456 1123 511 1146 an
528 1122 572 1145 ex
595 1111 819 1147 cataractis
841 1111 975 1161 ruptis
996 1112 1038 1148 in
1060 1110 1168 1148 caelo
1180 1141 1190 1160 ,
1221 1125 1266 1148 ex
1284 1124 1480 1161 supernae
1501 1112 1694 1149 maiesta-

226 1167 282 1203 tis
299 1166 455 1203 ultione
473 1171 632 1203 tantum
652 1167 922 1215 intumuerat,
960 1180 1004 1203 ex
1023 1174 1253 1218 tumoreque
1275 1173 1438 1218 praeter
1458 1181 1605 1204 morem
1628 1169 1694 1206 in-

227 1220 476 1271 undaverat‚
526 1228 571 1259 ut
608 1229 740 1259 totum
777 1224 997 1273 cooperiret
1031 1225 1258 1262 exercitum.
1330 1222 1434 1274 quid
1461 1223 1694 1275 ageremus?

227 1277 410 1317 divinam
440 1276 489 1315 ist
508 1277 898 1317 animadversionem
915 1280 1076 1330 potiuS,
1118 1294 1244 1331 quam
1267 1280 1495 1317 naturalem
1515 1278 1695 1319 inunda-

225 1337 373 1374 tionem
390 1348 472 1373 εσσε
490 1333 809 1382 considerante-9,
839 1336 1019 1387 amplius
1037 1338 1203 1374 attoniti
1207 1337 1391 1387 fuimuS.
1426 1334 1487 1373 ad
1499 1351 1696 1388 equorum

225 1399 360 1430 tamen
384 1390 508 1430 robur
536 1393 818 1442 convolamu⁸‚
848 1394 1148 1445 unusquisque,
1176 1400 1308 1445 prout
1323 1399 1510 1444 poterat,
1540 1407 1697 1432 amnem

226 1450 402 1487 transire
417 1449 605 1500 gestiens·
663 1448 820 1487 videres
837 1450 944 1487 alio-s·
965 1457 1177 1499 natante-9,
1209 1450 1315 1488 alios
1340 1450 1456 1501 equis
1477 1447 1698 1489 adhaeren-

226 1513 307 1556 tes,
338 1506 445 1544 alios
473 1511 521 1542 ut
539 1506 772 1556 periculum
799 1505 1015 1558 effugerent
1036 1521 1111 1558 per
1126 1507 1252 1558 funes
1271 1505 1554 1544 miserabiliter
1570 1507 1696 1557 tralzi,

227 1562 336 1599 alio-s·
353 1563 397 1599 in
401 1562 564 1613 flumen
583 1561 815 1599 inordinate
830 1569 1006 1612 ruentes,
1037 1577 1083 1600 ex
1101 1577 1144 1600 eo
1166 1561 1277 1614 quod
1297 1562 1393 1599 aliis
1415 1562 1697 1613 impraemedi-

226 1625 310 1656 tate
334 1618 644 1668 implicarentur
667 1617 844 1670 demergi
863 1623 937 1656 etc.
997 1618 1173 1657 eamdem
1199 1618 1387 1659 imbrium
1420 1618 1502 1657 vim
1532 1619 1696 1671 attigere

226 1674 347 1712 etiam
365 1674 455 1712 Odo
475 1673 524 1712 de
543 1673 692 1725 Diogilo
713 1675 738 1712 l.
759 1678 798 1724 3,
827 1674 1045 1714 Helmodus
1064 1675 1090 1714 l.
1117 1678 1136 1716 1
1159 1689 1191 1714 c.
1216 1679 1270 1718 61
1296 1681 1334 1713 et
1351 1680 1489 1714 auctor
1512 1675 1696 1715 Chronici

225 1730 624 1782 Reicherspergensis.

339 1800 380 1829 v.
399 1790 468 1829 20.
528 1784 796 1838 Φιλοπᾶτιον]
827 1786 927 1826 Vide
944 1794 1084 1827 notata
1105 1788 1158 1826 ad
1177 1787 1370 1827 Villhard.
1393 1793 1434 1827 et
1451 1787 1696 1844 Bryennium

226 1842 254 1882 1.
263 1843 305 1894 4,
324 1843 393 1882 ubi
410 1843 527 1895 plura
547 1843 595 1882 de
614 1843 737 1882 hocce
757 1844 906 1911 palatio
927 1845 1201 1896 congessimus.

342 1914 383 1952 p-
409 1899 466 1942 75
486 1914 524 1940 v.
546 1901 585 1943 5
643 1900 686 1942 ἐν
704 1896 888 1952 θαυματι
909 1897 1092 1957 μεγάλω]
1123 1901 1246 1939 Simili
1263 1906 1396 1953 postea
1415 1908 1598 1953 stupore,
1628 1913 1699 1939 seu

227 1955 515 2007 admiratione,
551 1956 754 2009 perculsos
771 1957 947 1996 Francos
968 1964 1126 1996 nostros
1149 1971 1195 1996 ac
1216 1958 1404 2009 Venetos,
1443 1957 1579 1996 scribit
1598 1957 1697 1995 Vill-

227 2010 450 2051 harduinus
466 2027 507 2052 n.
530 2016 584 2056 66
606 2027 696 2053 cum
715 2015 889 2066 primum
913 2014 964 2052 ad
983 2015 1123 2053 urbem
1146 2015 1354 2066 appulere:
1384 2028 1429 2052 or
1437 2028 1538 2067 poez
1557 2014 1697 2051 eavoir

228 2082 307 2120 que
327 2070 430 2108 mult
447 2069 703 2121 esgarderent
717 2070 1046 2122 Constantinople
1063 2072 1120 2110 cil
1135 2073 1210 2124 qui
1226 2085 1302 2109 onc
1319 2073 1428 2109 mais
1444 2085 1492 2110 ne
1508 2071 1535 2108 l’
1537 2071 1698 2109 avocent

227 2128 348 2174 veuii,
390 2138 467 2177 que
488 2126 524 2162 il
539 2140 586 2162 ne
601 2129 766 2177 pooient
782 2129 859 2164 mie
880 2126 1036 2165 cuidier
1055 2143 1129 2180 que
1150 2129 1187 2166 si
1206 2128 1317 2166 riche
1338 2128 1433 2166 ville
1450 2134 1573 2179 peu-st
1597 2133 1697 2164 estre

228 2195 277 2219 en
310 2188 370 2218 tot
395 2182 431 2219 le
460 2180 613 2219 monde.
671 2197 764 2220 cum
801 2184 854 2221 ils
883 2186 1013 2222 virent
1046 2199 1109 2223 ces
1137 2184 1234 2222 lzalz
1263 2198 1392 2233 mure,
1434 2191 1470 2221 et
1489 2197 1551 2221 ces
1566 2182 1696 2221 riche-s·

229 2245 366 2285 tour-5⁸,
397 2236 497 2275 dont
518 2238 574 2274 ele
592 2252 653 2274 ere
674 2240 776 2276 close
796 2247 856 2277 tot
876 2248 987 2278 entor
1008 2255 1036 2279 a
1055 2242 1099 2279 la
1124 2239 1267 2279 reonde
1282 2271 1294 2290 ,
1323 2247 1360 2278 et
1382 2254 1444 2278 σεε
1465 2238 1595 2278 riche-5·
1611 2253 1695 2291 pa-

227 2294 334 2342 lais,
375 2301 413 2332 et
439 2308 502 2332 ces
527 2292 660 2331 haltes
692 2296 867 2346 yglise-9,
908 2296 1008 2334 dont
1040 2298 1075 2335 il
1102 2299 1118 2334 i
1147 2299 1261 2335 auoit
1281 2303 1397 2346 tant,
1437 2311 1511 2348 que
1531 2297 1628 2339 nuls
1649 2310 1696 2334 ne

222 2352 337 2401 poi-st
359 2352 497 2399 croire,
527 2365 567 2388 se
588 2351 624 2387 il
642 2365 691 2388 ne
711 2352 746 2389 le
766 2353 869 2389 veist
890 2366 917 2390 a
935 2353 1032 2401 l’oil,
1067 2359 1104 2390 et
1123 2354 1159 2391 le
1182 2354 1271 2391 lone
1289 2361 1327 2391 et
1345 2353 1382 2390 le
1398 2353 1436 2390 lb
1457 2351 1505 2390 de
1524 2352 1568 2390 la
1586 2353 1696 2401 ville,

229 2421 304 2458 que
326 2405 375 2444 de
396 2414 526 2445 toute-s·
546 2407 603 2444 les
620 2415 758 2445 autres
781 2422 842 2445 ere
863 2410 1110 2447 souveraine.
1134 2450 1139 2454 ἡ
1168 2417 1204 2446 et
1224 2408 1380 2446 saclziez
1409 2422 1486 2459 que
1512 2409 1548 2446 il
1571 2410 1632 2446 n’i
1655 2417 1696 2447 ot

137 2469 204 2506 441
230 2465 269 2500 εἰ
285 2462 432 2512 hardi,
469 2465 536 2501 cui
556 2463 592 2500 le
608 2478 699 2501 cuer
715 2464 946 2514 nesi-ernist.
1006 2465 1055 2502 de
1077 2466 1250 2504 turrium
1270 2464 1392 2503 muris
1414 2465 1697 2503 Constantino-

229 2520 414 2570 politanis
433 2520 697 2559 adiacentium
718 2520 863 2559 robore
890 2527 930 2560 et
950 2521 1158 2559 altitudine
1186 2522 1289 2560 idem
1323 2526 1495 2559 testatur
1513 2521 1698 2560 Gunthe-

228 2589 299 2627 rus
325 2577 366 2613 in
384 2576 485 2615 Hist.
507 2577 649 2627 Cpolit.
671 2591 704 2615 c.
733 2579 807 2620 15:
839 2585 896 2615 est
923 2580 1026 2615 enim
1053 2580 1200 2616 civitas
1222 2577 1437 2628 triangula
1462 2600 1518 2608 —
1545 2578 1697 2617 liabens

231 2634 276 2670 in
298 2632 476 2683 quolibet
505 2633 628 2670 latere
652 2647 847 2685 magnum
877 2635 1054 2672 milliare
1083 2635 1150 2672 vel
1173 2634 1379 2685 ampliuS,
1428 2647 1472 2671 ex
1505 2649 1551 2672 ea
1577 2642 1697 2687 parte

232 2702 318 2740 qua
338 2695 486 2726 terram
509 2691 699 2740 attingit,
717 2663 853 2727 &vasto
873 2705 1036 2743 aggere,
1075 2699 1111 2728 et
1128 2704 1244 2728 muro
1251 2690 1494 2741 firmissimo
1516 2691 1695 2743 triplici-

227 2753 287 2783 ter
315 2745 472 2784 clausa.
530 2752 662 2782 turres
690 2746 842 2784 liabens
862 2760 937 2798 per
967 2748 1181 2784 circuitum
1209 2748 1275 2784 sui
1304 2748 1477 2784 excelsas
1499 2755 1535 2785 et
1551 2749 1695 2798 fortes,

227 2800 328 2840 adeo
347 2801 428 2839 sibi
449 2802 620 2839 invicem
640 2815 694 2851 pr
696 2804 918 2854 opiszqmm,
949 2810 995 2840 ut
1006 2817 1110 2853 puer
1126 2805 1326 2854 septennis
1339 2803 1388 2841 de
1408 2817 1494 2842 una
1512 2805 1621 2842 turri
1639 2804 1700 2842 ad

228 2858 400 2897 alteram
409 2871 578 2911 pomum
600 2857 733 2897 valeat
755 2859 948 2899 iaculari.
1007 2859 1131 2910 infra,
1163 2860 1230 2899 ubi
1257 2859 1305 2898 de
1330 2861 1453 2900 muris
1475 2860 1696 2901 maritimis:
