1878 3262
256 226 350 272 172
737 222 960 265 IOA'NNIS
995 222 1223 266 CINNAMI

198 348 231 383 D
256 336 533 394 παλαιοτέροις
558 334 732 393 ἀρχείοις
758 340 816 394 τῷ
843 341 1007 391 βασιλεῖ
1026 333 1155 395 τούτῳ
1173 337 1427 395 ἐγηγερμένον
1448 337 1713 394 ἀναλέγεσθαι

135 418 167 454 V
190 419 234 454 78
259 407 399 460 δόμους
468 407 502 447 εἰ
530 405 607 462 γὰρ
638 407 705 447 καὶ
731 405 890 456 πλείους
914 404 1067 448 τούτων
1097 406 1276 448 ἐνταῦθα
1303 404 1572 464 γεγράφαται,
1610 405 1713 448 ἀλλὰ

255 475 415 517 θωπειά
440 490 502 523 τις
526 474 572 516 τὸ
599 474 776 516 ἐπέκεινα
804 476 871 517 καὶ
899 473 1048 531 τρόπος
1076 472 1335 531 ἀνελεύθερος
1361 479 1441 518 τῶν
1457 475 1508 517 τὰ
1527 474 1622 532 ἔργα
1639 492 1712 528 με·

252 541 418 586 τιόντων
444 543 570 595 ἐστίν,
608 541 769 593 ὁποίους
797 541 893 585 εἶναι
922 543 1017 592 τοὺς
1041 543 1215 593 πολλοὺς
1242 543 1302 584 ἀεὶ
1329 545 1561 598 συμβαίνει,
1597 543 1654 585 δι’
1686 541 1714 584 ἅ

254 628 350 654 ποτε
379 612 447 653 καὶ
472 612 673 665 βασιλέως
700 611 826 654 αὐτοῦ
855 609 1173 668 δυσχεράναντος
1199 611 1368 667 ἤκουσα.
1438 613 1472 654 εἲ
1495 613 1628 665 μέντοι
1647 612 1746 656 καὶὸ

254 677 535 738 περιῄρηνται,
575 680 647 722 οὐκ
669 679 748 734 ἔχω
767 682 1071 738 ἰσχυρίσασθαι.

395 748 472 793 15.
545 747 664 791 Οὕτω
690 750 757 791 καὶ
786 748 906 791 πάλιν
932 749 1065 804 ὀλίγου
1096 750 1176 791 ὁεῖν
1205 746 1231 803 ἦ
1254 744 1372 804 χώρα
1394 746 1558 790 Ἰταλῶν
1578 745 1717 789 ἅπασα

252 815 330 859 ὑπὸ
345 815 568 872 Ῥωμαίους
588 817 735 872 ἐγένετο
756 816 819 860 ἄν.
847 817 950 860 ἀλλὰ
962 815 1133 867 Ἀλέξιός
1149 834 1190 859 τε
1209 815 1230 858 ὃ
1248 816 1461 871 Κομνηνὸς
1478 817 1544 857 καὶ
1565 813 1586 857 ὅ
1603 813 1718 857 Λού-

254 903 330 936 κας
359 888 427 927 καὶ
454 890 535 928 τῶν
566 886 699 929 ἄλλων
730 884 816 928 ὅσοι
830 885 1043 940 Ῥωμαίοις
1062 889 1374 942 στρατηγοῦντες
1393 883 1639 941 δορυάλωτοι
1660 887 1719 940 τῷ

109 960 139 994 Ρ
166 960 233 995 100
255 957 432 996 Σικελῶν
449 955 623 1009 ἐγένοντο
645 953 821 1012 δυνάστῃ
841 955 892 996 τὰ
910 953 1128 1012 πράγματα
1149 955 1384 1011 διέφθειραν
1404 948 1538 1003 αὖθις.
1587 951 1718 994 πολλὰ
1730 963 1774 997 10

253 1022 332 1079 γὰρ
351 1026 432 1064 τῶν
452 1021 662 1078 ἆθελήτων
680 1024 778 1073 τέως
797 1027 962 1078 βασιλεῖ
981 1022 1215 1080 φθάσαντες
1234 1022 1312 1077 ἤδη
1333 1022 1583 1078 ὀμωμοκέναι
1601 1023 1719 1063 Σικε-

253 1095 340 1140 λοῖς
357 1092 554 1146 μεγίστων
574 1093 640 1133 καὶ
660 1096 792 1134 καλῶν
810 1092 935 1149 ἔργων
946 1091 1169 1146 Ῥωμαίους
1189 1092 1419 1148 ἐστέρησαν.
1488 1091 1555 1132 καὶ
1578 1090 1620 1131 τί
1640 1088 1718 1145 γὰρ

255 1160 328 1201 οὐκ
349 1158 399 1200 ἄν
417 1176 478 1209 τις
497 1157 741 1215 ὁμολογῆσαι
769 1158 868 1215 εἶχεν
880 1193 894 1212 ,
940 1159 1056 1203 ὃπότε
1085 1158 1201 1202 κλοιά
1217 1177 1257 1202 τε
1278 1159 1399 1201 αὐτὸν
1419 1156 1523 1212 εἶχον
1541 1159 1606 1200 καὶ
1627 1174 1720 1199 κευ-

253 1232 417 1281 θμῶνες
451 1226 678 1284 ἐφρούρουν
708 1227 933 1285 κατάγειοι,·
973 1230 1132 1271 ἐποίουν
1163 1229 1206 1270 δὲ
1234 1233 1363 1273 ταῦτα
1381 1227 1559 1278 Σικελοί,
1599 1224 1654 1275 ὡς
1670 1224 1719 1267 ἂν

254 1297 294 1338 οἳ
312 1298 406 1353 τῇδε
427 1295 638 1353 ἄνθρωποι
656 1298 697 1338 Γ
695 1298 855 1355 ιλιέλμῳ
874 1299 1110 1339 σπείσεσθαι
1135 1296 1205 1338 τὸν
1223 1297 1394 1351 βασιλέα
1412 1293 1717 1353 προσδοκήσαν-
1731 1299 1774 1336 15

254 1383 341 1417 τες,
381 1363 619 1422 φθάνουσιν,
657 1363 712 1415 ὥς
729 1366 774 1408 τὸ
791 1363 895 1416 εἰκός
903 1398 916 1418 ,
946 1364 1156 1419 Ῥωμαίων
1174 1367 1241 1407 καὶ
1257 1365 1334 1422 πρὸ
1355 1368 1498 1421 καιροῦ
1516 1363 1720 1420 ἀφιστῶν-

253 1451 319 1483 τες
334 1433 408 1483 τὰς
428 1432 573 1484 πόλεις.
644 1433 740 1491 ὅπερ
771 1433 791 1476 ὃ
818 1434 1011 1488 βασιλεὺς
1037 1431 1232 1485 ἀκούσας,
1273 1434 1418 1487 συνῆκέ
1432 1450 1473 1475 τε
1492 1436 1572 1474 τῶν
1590 1449 1720 1488 πρατ-

252 1502 431 1556 τομένων
465 1504 532 1544 καὶ
559 1500 781 1558 γράμματα
811 1504 873 1544 ἐπὶ
906 1504 1091 1544 Σικελίαν
1110 1503 1320 1557 ἐκπέμψας
1337 1507 1420 1551 τοῖς
1437 1502 1510 1555 μὲν
1530 1502 1570 1542 ἓν
1589 1500 1723 1556 εἱρκτῇ

198 1577 229 1612 Β
247 1568 458 1623 Ῥωμαίων
476 1568 572 1611 τάδε
600 1570 765 1627 ἔγραψε.
829 1569 1085 1624 “θαυμάζειν
1103 1570 1230 1612 ἔπεισί
1242 1587 1312 1624 μοι
1323 1602 1336 1621 ,
1375 1568 1483 1619 ὅπως
1498 1569 1558 1611 ἀεὶ
1576 1585 1721 1625 μικρο-

250 1639 341 1698 νοία
360 1639 436 1680 τινὶ
455 1640 544 1694 περὶ
564 1638 615 1680 τὰ
634 1637 854 1696 πράγματα
872 1643 1098 1695 κεχρῆσθαι
1114 1637 1221 1693 ὑμᾶς
1230 1671 1242 1690 ,
1281 1633 1313 1685 ὦ
1344 1637 1507 1694 ἄνδρες,
1547 1638 1720 1692 ξυμβαί-
1731 1643 1777 1677 20

250 1724 323 1749 νει.
390 1704 530 1763 πρώην
552 1723 594 1748 τε
617 1707 694 1764 γὰρ
717 1708 831 1749 αὐτοὶ
849 1707 923 1757 τὰς
938 1709 1154 1757 καλλίστας
1168 1708 1319 1756 ἐκείνας
1338 1705 1442 1748 οὕτω
1463 1706 1721 1762 διεφθείρατε

249 1776 390 1826 νίκας,
427 1773 553 1828 τύχην
579 1793 621 1818 τε
648 1774 744 1829 ὖμῖν
775 1775 911 1825 αὖτοῖς
941 1775 1010 1832 ἐφ’
1032 1770 1081 1830 ἧς
1107 1779 1178 1817 νῦν
1196 1776 1283 1818 ἐστὲ
1301 1772 1615 1831 προῦξενήσατε,
1653 1774 1723 1816 καὶ

251 1847 324 1886 νῦν
358 1843 426 1895 δέ,
464 1842 597 1885 ἄλλων
616 1844 667 1886 τὰ
686 1843 781 1898 ὑμῖν
799 1848 931 1893 κακῶς
949 1843 1026 1898 ἤδη
1047 1844 1283 1901 πραχθέντα
1303 1843 1376 1885 σὺν
1393 1846 1481 1899 θεῷ
1501 1842 1722 1896 ἀναμαχεῖ-

254 1916 358 1954 σθαι
390 1912 761 1968 προθυμουμένων,
799 1912 986 1966 ἐμποδῶν
1012 1913 1202 1954 ἳ’στασθε.
1269 1910 1296 1966 ἢ
1316 1911 1388 1954 οὔκ
1407 1912 1529 1953 ἐκεῖνο
1547 1912 1608 1952 ἐπὶ
1627 1914 1722 1953 νοῦν

255 2043 461 2076 exstructum
474 2044 546 2083 est,
561 2041 706 2076 triclinio
722 2041 846 2087 poterit
859 2042 1046 2088 perlegere.
1094 2042 1152 2077 ubi
1168 2041 1302 2088 quidem
1317 2041 1382 2087 etsi
1395 2042 1510 2086 plures
1523 2041 1574 2076 liis
1590 2040 1721 2076 descri-

255 2089 400 2128 bantur,
427 2087 463 2120 in
480 2087 520 2120 iis
537 2092 648 2122 tamen
664 2088 807 2121 adulatio
828 2090 992 2134 quaedam
1005 2089 1217 2130 immensior3
1247 2093 1282 2122 et
1305 2099 1420 2122 eorum
1435 2087 1493 2132 qui
1505 2092 1606 2131 gesta
1619 2087 1719 2120 altius

255 2133 404 2166 evehere
421 2137 582 2166 conantur
593 2159 603 2175 ,
625 2134 742 2178 quales
758 2135 852 2168 multi
869 2146 944 2169 esse
959 2135 1090 2177 solent,
1111 2134 1272 2168 illiberale
1287 2133 1431 2168 studium
1445 2131 1719 2178 deprehenditur.

257 2183 294 2212 et
313 2188 396 2211 sane
410 2177 517 2222 ipsum
535 2178 635 2211 otiam
650 2191 692 2213 ex
708 2179 747 2212 iis
762 2180 990 2224 indignantem
1005 2180 1187 2227 principem
1201 2191 1268 2213 non
1285 2179 1391 2214 semel·
1402 2178 1524 2214 audivi.
1570 2189 1614 2212 an
1635 2189 1719 2212 vero

254 2223 341 2258 haec
354 2223 433 2256 inde
447 2224 545 2256 modo
562 2225 677 2258 ablata
691 2225 759 2258 sint
772 2253 783 2269 ‚
815 2238 882 2260 non
897 2227 999 2260 ausim
1015 2237 1223 2261 asseverare.

352 2268 406 2303 15.
453 2268 506 2301 Ita
533 2269 643 2303 denuo
667 2270 756 2303 haud
780 2273 914 2305 multum
933 2273 1042 2306 abfuit
1057 2273 1134 2317 quin
1153 2271 1259 2305 omnis
1273 2270 1430 2304 Italorum
1446 2268 1539 2313 regio
1554 2268 1720 2303 subdere-

255 2317 312 2349 tur
335 2314 507 2348 Romanis.
551 2315 611 2348 sed
627 2315 765 2349 Alexius
783 2317 974 2352 Comnenus
999 2323 1034 2352 et
1050 2319 1160 2352 Ducas
1176 2316 1347 2360 ceterique
1365 2316 1585 2348 Romanorum
1602 2314 1720 2356 duces.

255 2360 315 2405 qui
330 2372 352 2394 a
368 2359 502 2393 Siciliae
518 2360 668 2406 principe
688 2362 776 2406 capti
791 2363 946 2405 fuerant,
972 2375 1028 2397 res
1042 2364 1162 2397 iterum
1179 2361 1447 2407 pessumdedcre.
1477 2360 1601 2405 quippe
1615 2360 1721 2394 multa

255 2406 303 2439 illi
316 2431 327 2449 ,
351 2416 438 2450 quae
453 2406 561 2439 adhuc
576 2412 748 2440 recusarat
766 2407 970 2453 imperator,
994 2410 1115 2443 Siculis
1129 2411 1338 2442 sacramento
1352 2406 1549 2451 interposito
1565 2405 1720 2450 polliciti,

256 2451 476 2497 pulcerrimos
491 2452 707 2486 victoriarum
723 2454 853 2487 fructus
870 2454 1029 2488 Romanis
1045 2454 1266 2489 abstulerunt.
1313 2451 1434 2497 quibus
1450 2451 1535 2485 enim
1552 2451 1659 2496 pactis
1677 2463 1719 2486 ac

257 2497 505 2531 conditionibus
520 2509 586 2531 non
603 2498 794 2532 subscribet
808 2500 886 2540 ille,
921 2500 976 2544 qui
999 2500 1216 2545 compedibus
1236 2498 1371 2532 vinctus
1384 2522 1395 2539 ‚
1425 2497 1598 2541 antrisque
1613 2497 1720 2531 inclu-

255 2553 312 2576 sus
338 2543 567 2577 subterraneis
591 2543 791 2579 detinetur?
838 2546 921 2579 haec
936 2552 1046 2580 autem
1062 2548 1177 2579 fecere
1193 2543 1316 2586 Siculi,
1344 2547 1383 2576 ut
1403 2543 1460 2587 qui
1475 2543 1528 2576 hic
1543 2548 1612 2576 tum
1629 2543 1718 2576 deti-

256 2588 443 2633 nebantur,
473 2589 604 2623 interea
626 2590 703 2623 dum
722 2591 951 2636 pacisceretur
970 2603 1044 2626 cum
1061 2591 1228 2625 Gulielmo
1242 2589 1442 2634 imperator,
1472 2589 1516 2622 ab
1533 2600 1574 2622 eo
1591 2588 1718 2623 defice-

254 2637 352 2674 rent,
383 2635 553 2679 urbesque
578 2640 657 2669 ante
678 2636 742 2669 hoc
765 2641 895 2682 tempus
911 2637 974 2671 sibi
990 2637 1174 2672 traderent.
1221 2634 1310 2679 quod
1327 2640 1364 2667 ut
1377 2634 1509 2678 accepit
1524 2634 1718 2678 imperator,

256 2689 412 2724 quaeque
438 2681 625 2723 agebantur
648 2682 803 2725 rescivit,
835 2683 942 2716 missis
967 2683 1001 2717 in
1026 2683 1171 2718 Siciliam
1193 2680 1319 2722 literis,
1349 2679 1507 2713 Romanis
1524 2679 1667 2725 captivis
1683 2679 1718 2713 iu

257 2725 346 2758 hunc
363 2725 491 2758 modum
508 2726 693 2771 rescripsit.
740 2729 763 2746 ‘⁴
774 2728 886 2762 mirari
907 2729 997 2762 subit
1014 2740 1080 2773 qua
1096 2727 1223 2761 ratione
1238 2726 1364 2758 factum
1379 2725 1423 2759 sit
1439 2731 1475 2758 ut
1489 2725 1523 2758 iu
1539 2727 1642 2759 rebus
1654 2737 1717 2770 ge-

258 2770 370 2804 rendis
394 2771 490 2804 vobis
520 2783 652 2816 semper
677 2773 825 2807 defuerit
847 2774 946 2807 animi
970 2773 1144 2808 fortitudo.
1189 2771 1380 2816 praeclaras
1405 2771 1527 2816 quippe
1550 2771 1615 2805 iam
1637 2775 1719 2805 ante

258 2821 374 2862 partas
387 2815 546 2850 victorias
562 2817 753 2852 deflorastis
767 2845 778 2860 ‚
809 2823 846 2852 et
862 2830 958 2864 quam
975 2830 1060 2852 nunc
1075 2819 1182 2863 ipsum
1196 2816 1349 2850 toleratis
1364 2817 1531 2851 vobismet
1545 2816 1609 2861 ipsi
1624 2827 1716 2850 com-

258 2861 405 2908 parastis
421 2863 600 2898 fortunam.
640 2874 728 2898 nunc
745 2869 856 2899 autem
873 2876 915 2900 ea
930 2876 1017 2910 quae
1031 2876 1052 2899 a
1067 2863 1164 2899 vobis
1179 2862 1244 2897 iam
1259 2874 1440 2908 perperam
1454 2867 1552 2908 gesta
1568 2866 1650 2897 sunt
1661 2861 1718 2896 iu-
