1878 3262
495 205 661 249 URBIS
699 204 1334 250 CONSTANTINOPOLEOS.
1564 205 1622 251 18
1632 207 1654 251 1

178 316 286 355 ultra
317 315 430 354 hunc
457 315 630 368 lapidem
656 315 696 341 ³³
729 324 811 354 tres
837 331 980 355 aeneos
1011 323 1209 368 serpentes
1231 315 1286 354 'in
1316 329 1443 354 unum
1472 315 1654 355 videmus

178 373 313 412 oribus
340 374 505 424 apertis,
536 389 558 412 a
584 373 747 424 quibus,
777 379 825 412 ut
852 369 1014 423 dicitur,
1046 387 1171 424 aqua,
1199 373 1341 412 vinum
1362 379 1403 411 et
1431 373 1493 411 lac
1521 374 1570 412 ab
1599 374 1653 412 eis

178 429 311 468 exibat
339 428 382 456 ³4
407 430 544 469 diebus
574 431 819 469 iustantium.
877 430 982 469 ultra
1010 431 1051 468 iu
1082 431 1208 469 altero
1229 443 1279 468 ex
1298 430 1432 468 multis
1455 430 1654 482 lapidibus

177 485 217 511 ³⁵
236 486 401 538 Agulia
423 489 600 526 confecta
624 488 678 531 58
700 488 924 526 cubitorum
944 487 1119 538 erigitur.
1178 488 1286 525 ultra
1312 487 1482 538 denique
1505 488 1549 525 in
1571 487 1652 526 fine

174 542 334 582 humilis
364 545 469 583 muri
496 545 614 584 huius
641 543 680 569 ³⁶
703 551 876 596 quatuor
899 543 1068 582 humiles
1094 543 1301 582 columnae
1322 557 1568 583 marmoreae
1586 545 1650 584 vi-

175 599 325 639 dentur
363 607 540 652 erectae,
584 603 627 640 in
658 602 801 653 quibus
828 601 1063 653 imperatrix
1091 601 1386 652 praeeminebat
1416 601 1467 639 ad
1491 602 1648 641 festum.

173 657 267 695 fecit
285 656 326 681 ³⁷
346 657 592 697 Theodosius
613 659 742 697 omnia
763 659 858 707 ista,
883 663 922 696 et
941 658 1015 696 alia
1034 659 1161 697 multa
1179 671 1251 711 per
1272 658 1415 697 urbem
1431 658 1647 699 laudanda.

171 714 429 766 reperiuntur
457 715 621 768 insuper
649 715 771 754 hodie
796 714 974 754 infinitae
1005 715 1212 753 columnae
1227 745 1238 765 ,
1279 729 1448 766 quarum
1487 715 1648 766 quidem

171 772 346 822 quinque
369 771 562 811 videntur
591 785 859 822 marmoreae,
886 778 927 810 et
950 775 1004 815 60
1033 773 1259 811 cubitorum
1277 786 1352 824 pro
1373 772 1549 824 qualibet
1566 772 1648 810 ele-

170 834 294 867 vatur
308 828 352 866 in
369 828 491 868 altum
503 862 515 880 ,
544 835 585 867 et
603 830 732 882 primo
751 829 790 854 ³⁸
808 829 996 868 columna
1014 829 1240 868 Iustiniani
1258 829 1385 879 dicta,
1416 828 1455 854 3⁹
1472 829 1650 868 secunda

170 886 330 936 crucis,
360 899 439 936 quo
460 886 502 924 in
520 887 608 924 loco
626 893 801 938 quatuor
818 893 972 925 erectae
990 886 1234 939 porphyriae
1251 886 1453 925 videntur.
1491 887 1534 924 in
1555 886 1646 937 qui-

154 941 244 979 *bus
276 941 437 992 quidem
467 942 511 968 4⁰
541 943 631 994 equi
656 950 829 995 quatuor
857 943 967 981 aenei
987 943 1115 982 aurati
1135 943 1255 995 positi
1274 948 1410 992 erant,
1442 948 1482 981 et
1503 943 1646 982 Veneti

166 998 257 1036 illos
283 999 456 1038 venetiis
483 1000 591 1052 apud
618 1002 808 1039 Sanctum
838 1000 1016 1039 detulere
1042 1000 1244 1050 Marcum,
1290 1000 1484 1038 columnis
1513 1012 1646 1038 rema-

167 1055 363 1098 uentibus.
401 1055 443 1080 41
458 1057 654 1108 tertiaque
669 1062 811 1108 quarta
831 1058 1106 1097 columnarum
1124 1057 1235 1108 quasi
1254 1057 1296 1095 in
1313 1056 1445 1095 medio
1462 1054 1508 1079 4²
1525 1057 1645 1094 Polis

166 1118 263 1150 sunt
290 1114 460 1164 positae,
487 1114 531 1152 in
568 1114 712 1164 quibus
744 1114 894 1153 circum
927 1115 1032 1153 circa
1062 1120 1149 1152 acta
1177 1115 1466 1165 imperatorum
1487 1113 1645 1165 sculpta

166 1175 475 1220 cognoscuntur.
532 1169 575 1208 in
607 1169 650 1195 43
681 1172 847 1209 eeclesia
879 1184 976 1210 vero
1009 1173 1251 1209 Sanctorum
1277 1170 1573 1222 Apostolorum
1598 1169 1644 1194 44

165 1226 305 1276 quinta
322 1240 413 1265 cum
429 1226 590 1277 Angelo
611 1240 732 1266 aeneo
755 1234 795 1266 et
819 1227 1084 1266 Constantino
1105 1240 1208 1280 genu
1225 1227 1332 1265 flexo
1358 1227 1542 1264 columna
1569 1231 1642 1276 est,

164 1288 206 1321 et
226 1283 386 1321 ecclesia
403 1283 480 1321 iam
503 1283 694 1336 derupta,
726 1290 767 1323 et
794 1285 1032 1337 amplissima
1052 1285 1182 1323 omnia
1201 1283 1244 1308 45
1264 1284 1443 1336 sepulcra
1466 1283 1644 1335 impera-

162 1345 299 1377 torum
327 1339 556 1392 porphyrea
581 1341 774 1380 videntur
800 1341 1028 1392 magnifica,
1065 1356 1146 1380 una
1184 1355 1274 1379 cum
1304 1340 1346 1365 4⁶
1381 1341 1643 1379 Constantini

98 1403 106 1404 ’
161 1395 372 1446 immenso,
402 1403 442 1435 et
469 1397 526 1435 ibi
553 1396 598 1422 47
626 1399 809 1436 columna
828 1399 897 1436 ubi
918 1398 1099 1437 Christus
1117 1399 1257 1449 ligatus
1275 1404 1316 1436 et
1333 1398 1552 1449 flagellatus
1570 1402 1639 1437 est.

160 1453 204 1491 in
229 1454 470 1492 monasterio
499 1453 542 1478 4⁸
570 1456 886 1493 Pantocratoris
910 1461 970 1493 est
999 1454 1044 1480 4⁹
1067 1455 1167 1507 lapis
1195 1455 1265 1493 ubi
1290 1454 1432 1507 Ioseph
1462 1454 1640 1494 revolvit

161 1509 366 1548 Christum
382 1510 425 1551 in
443 1510 635 1562 syndone.
691 1512 734 1550 in
757 1512 996 1550 monasterio
1016 1511 1058 1537 ⁵0
1078 1514 1118 1551 S.
1145 1513 1313 1550 Ioannis
1329 1510 1378 1548 de
1397 1514 1526 1549 Petra
1544 1516 1639 1549 sunt

161 1564 201 1590 ⁶¹
222 1566 458 1606 vestimenta
475 1566 645 1618 Christi,
677 1574 716 1607 et
734 1568 776 1593 ⁵2
792 1568 948 1607 arundo
969 1582 1059 1607 cum
1077 1568 1116 1592 53
1136 1569 1301 1620 spongia
1320 1573 1359 1605 et
1378 1566 1421 1592 54
1438 1568 1574 1605 lancea
1594 1568 1638 1605 in

160 1636 286 1662 unum
313 1630 559 1663 conservata.
617 1631 712 1663 sunt
741 1625 909 1677 denique
927 1639 1001 1678 per
1020 1625 1162 1663 urbem
1184 1625 1492 1663 innumerabiles
1511 1624 1639 1662 eccle-

160 1680 240 1718 siae
263 1686 382 1732 atque
401 1681 593 1720 cisternae
611 1683 735 1720 mirae
755 1682 1040 1735 magnitudinis
1063 1688 1103 1720 et
1121 1682 1343 1720 industriae
1361 1682 1574 1720 fabricatae
1596 1687 1637 1719 et
1659 1684 1688 1718 P
1715 1684 1780 1719 181

158 1737 201 1774 in
228 1737 346 1775 ruina
372 1739 535 1789 positae.
592 1739 709 1778 vinea
735 1753 811 1791 pro
837 1740 1013 1790 qualibet
1042 1739 1086 1777 in
1116 1751 1159 1776 ea
1182 1739 1308 1777 trium
1326 1739 1390 1778 vel
1407 1744 1579 1788 quatuor
1595 1737 1636 1762 ⁵⁵

158 1799 344 1844 vegetum
363 1794 446 1833 vini
462 1794 614 1834 crescit.
654 1794 694 1820 5⁶
710 1798 885 1834 cisterna
902 1798 942 1835 S.
963 1796 1133 1835 Ioannis
1154 1794 1202 1833 de
1219 1797 1369 1846 Petra,
1397 1794 1440 1819 57
1460 1797 1636 1833 cisterna

157 1852 428 1902 Pantepopti,
477 1853 652 1888 cisterna
679 1854 1003 1900 Pantocratora,
1052 1851 1093 1876 ⁵⁸
1122 1853 1297 1890 cisterna
1326 1851 1632 1902 Apostolorum,

158 1906 204 1931 59·
229 1909 402 1945 cisterna
424 1907 673 1957 Malzumeti,
701 1907 744 1946 in
773 1922 852 1958 qua
878 1909 935 1946 ita
964 1907 1096 1946 subtili
1123 1908 1292 1947 artificio
1311 1914 1406 1947 sunt
1426 1909 1634 1947 ordinatae

157 1963 386 2013 columnae,
423 1964 533 2015 quod
560 1969 620 2002 est
645 1964 875 2003 incredibile
904 1965 956 2003 ad
981 1965 1251 2014 narrandum,
1289 1971 1329 2003 et
1362 1965 1459 2003 aliae
1483 1966 1630 2004 multae

155 2021 261 2059 sicut
280 2020 320 2045 ⁶⁰
342 2022 497 2059 Sancta
516 2021 690 2072 Sophia,
721 2035 821 2072 quae
843 2028 902 2060 est
919 2021 1177 2073 principalior
1195 2022 1300 2073 aliis,
1331 2028 1370 2060 et
1388 2022 1561 2061 lustinus
1583 2025 1628 2072 *)

156 2075 195 2101 ⁶¹
215 2078 260 2116 iu
282 2078 332 2120 15
354 2078 467 2117 annis
484 2078 584 2116 illud
602 2078 818 2130 explicavit
834 2092 945 2131 opuS.
974 2077 1016 2102 ⁶²
1033 2080 1208 2117 Sanctus
1226 2080 1429 2129 Georgius
1443 2080 1491 2117 de
1500 2081 1628 2118 Man-

152 2148 293 2185 gana,
331 2133 371 2158 ⁶³
398 2136 555 2173 Sancta
582 2136 759 2186 Hermi,
796 2134 838 2160 64
864 2137 1043 2174 Sanctus
1070 2137 1286 2184 Lazarus,
1315 2135 1355 2160 ⁶⁵
1389 2136 1624 2184 Clzimmas,

155 2190 195 2215 ⁶⁶
213 2193 350 2242 Eneca,
381 2190 423 2216 ⁶⁷
448 2194 598 2230 Petrus
623 2199 661 2229 et
684 2192 868 2242 Paulus,
899 2191 938 2217 ⁶⁸
954 2194 1099 2231 Sancti
1121 2193 1177 2235 40
1198 2194 1456 2244 Martyrum,
1487 2199 1528 2231 et
1556 2207 1627 2231 sua

154 2247 324 2286 cisterna
351 2249 588 2300 amplissima
615 2250 786 2300 optimae
813 2262 957 2300 aquae,
985 2250 1029 2287 in
1052 2263 1130 2300 qua
1149 2255 1196 2287 ut
1215 2250 1364 2288 dicitur
1387 2250 1541 2288 nullum
1560 2251 1625 2288 in-

153 2305 290 2344 venire
314 2304 452 2354 finem,
482 2305 521 2329 ⁶⁹
541 2305 789 2357 Anastasis,
819 2305 863 2331 ⁷⁰
882 2307 1158 2359 Periuleptos,
1189 2305 1229 2331 ⁷¹
1255 2308 1433 2345 Sanctus
1454 2307 1626 2345 Ioannes

154 2360 204 2399 de
230 2361 402 2412 Studio,
431 2361 475 2387 72
495 2363 670 2401 Sanctus
698 2362 910 2414 Andreas,
946 2364 1196 2414 VIM-hema,
1227 2370 1302 2402 etc.
1331 2363 1374 2401 in
1403 2377 1480 2414 qua
1509 2370 1624 2402 tanta

154 2419 268 2470 copia
297 2419 443 2470 ubique
475 2419 682 2458 aedificata
710 2426 916 2460 remanent
947 2421 1123 2473 ipsarum
1150 2421 1427 2469 ecclesiarum,
1472 2426 1510 2457 et
1541 2434 1623 2458 una

152 2475 359 2527 pulchrior
378 2477 523 2526 altera,
553 2477 662 2528 quod
683 2477 843 2530 longum
863 2484 966 2516 esset
983 2490 1180 2516 enarrare.
1238 2483 1331 2515 sunt
1350 2477 1455 2515 enim
1474 2490 1544 2529 per
1563 2477 1624 2515 ci-

152 2532 319 2571 vitatem
349 2534 466 2586 pauci
494 2533 741 2573 habitatores
770 2541 810 2573 et
837 2535 987 2574 inimici
1013 2535 1268 2584 Latinorum,
1310 2534 1378 2585 qui
1404 2547 1625 2584 numquam

153 2596 344 2629 secretam
361 2603 499 2643 pacem
522 2605 612 2630 cum
634 2591 680 2630 iis
701 2592 957 2642 obtinebunt,
989 2598 1029 2631 et
1044 2592 1075 2630 si
1093 2591 1353 2644 promittant,
1383 2605 1463 2631 non
1485 2592 1623 2631 obser-

244 2777 287 2821 ')
311 2777 525 2816 Iustinianus.
