1878 3262
270 187 331 232 IN
347 183 655 231 NICEPHORI
670 182 942 228 BRYENNII
961 182 1256 228 GOMMENT.
1274 180 1478 225 NOTAE.
1531 180 1629 226 225

169 297 358 351 gessisset,
378 301 427 338 ut
444 302 584 335 auctor
604 300 663 332 est
677 293 861 334 Parisius.
917 292 1102 332 universa
1118 288 1164 346 ¹)
1192 291 1350 331 interim
1371 296 1471 342 quae
1489 290 1530 330 in
1548 290 1633 330 An·-

170 356 247 408 glia
278 353 507 407 possidebat
533 352 695 404 praedia
720 351 815 389 fisco
839 348 999 388 addicta
1021 354 1134 395 sunt,
1163 348 1337 400 exceptis
1365 349 1515 400 aliquot
1535 361 1635 399 qnae

172 412 226 451 ad
241 410 456 450 Antonium
474 410 772 448 Dunelmensem
788 407 1011 458 episcopum
1023 435 1035 455 ,
1063 411 1265 456 tamquam
1289 406 1471 444 comitem
1489 406 1636 458 palati-

172 481 270 508 num
281 497 293 517 ,
322 467 461 506 caduci
478 467 564 506 iure
580 472 675 505 sunt
693 464 883 503 devoluta
895 493 907 512 ,
933 464 975 501 in
995 463 1138 513 quibus
1157 463 1307 501 exstitit
1331 463 1514 501 Castrum
1537 463 1635 501 Ber-

172 525 309 571 nardi,
339 524 448 576 quod
471 537 576 562 nova
594 521 863 560 aedificiorum
891 525 930 557 et
955 525 1248 558 structurarum
1271 520 1488 558 accessione
1508 521 1635 560 auxit.

175 588 266 621 orta
286 578 335 634 2)
364 581 506 619 deinde
520 592 650 632 regem
669 579 775 617 inter
793 583 832 616 et
849 577 1073 628 episcopum
1092 577 1381 626 controversia,
1410 591 1637 616 concessum

175 637 277 677 illud
298 644 358 676 est
378 636 633 677 warwicensi
653 634 797 674 comiti.
853 634 989 672 loanni
1008 632 1052 681 ³)
1083 634 1292 671 Scotorum
1311 634 1389 685 regi
1410 636 1550 674 unicus
1566 650 1638 674 su-

175 694 327 748 perfuit
352 694 456 733 filins
483 691 738 741 Edwardue,
767 691 831 729 cui
858 690 953 728 dum
983 689 1115 728 adhuc
1132 703 1252 741 regno
1273 692 1495 742 potiretur,
1523 693 1640 731 Ioan-

176 765 271 792 nam
296 751 424 789 caroli
446 750 617 789 Valesiae
633 748 785 788 comitis
806 747 925 785 filiam
953 747 1252 798 primogenitam
1284 747 1540 799 desponsarat
1566 763 1640 801 pa-

177 821 271 848 rens
287 808 361 846 sub
378 807 453 846 An.
474 809 581 849 1295
596 805 642 857 4)
654 836 665 854 ,
692 804 817 857 pactis
836 804 879 842 in
898 803 1031 842 dotem
1052 816 1121 842 seu
1139 804 1383 854 dotalitium,
1413 812 1460 844 ut
1478 813 1640 857 vocant,

182 866 291 908 1500
308 864 586 913 sterlingorum
606 863 716 901 libris
729 863 771 900 in
792 860 956 899 Balliolo
969 889 980 909 ,
1002 860 1231 911 Damperta,
1254 860 1457 900 Helieurte
1475 870 1516 901 et
1532 863 1642 902 Hor-

177 934 285 973 nayo
311 921 352 960 in
380 933 501 972 regno
531 919 738 968 Franciae‚
767 923 809 956 et
835 917 919 955 aliis
944 917 987 955 in
1018 917 1150 955 Sootia
1175 917 1346 968 praediis
1367 920 1640 972 percipiendis.

173 990 283 1029 ‘quae
307 977 468 1028 quidem
495 976 697 1028 praedicta
725 975 767 1013 in
798 974 924 1012 Gallia
946 973 1109 1026 praedia
1131 973 1172 1011 in
1193 973 1462 1014 Vinemacensi
1487 990 1584 1028 pago
1603 982 1643 1014 et

179 1034 411 1074 Pontivensi
450 1034 643 1072 comitatu
680 1031 813 1083 paucis
850 1044 873 1068 a
900 1043 941 1068 se
967 1030 1138 1069 invicem
1172 1030 1296 1068 divisa
1329 1031 1544 1071 intervallis
1570 1034 1646 1071 sita

180 1096 285 1129 sunt.
341 1103 481 1131 verum
501 1095 663 1142 parente
681 1088 722 1126 in
746 1087 924 1126 ordinem
945 1087 1134 1135 redacto,
1159 1087 1305 1125 infecta
1321 1101 1542 1128 remansere
1562 1104 1645 1128 nu-

179 1148 353 1200 ptiarum
382 1153 508 1199 pacta.
565 1144 611 1197 ⁶)
641 1144 838 1183 exstincto
871 1149 961 1195 post
988 1143 1086 1181 haec
1119 1144 1221 1186 61‹1.
1248 1144 1438 1184 Novemb.
1464 1146 1510 1184 A.
1537 1150 1647 1189 1327

180 1204 322 1244 Brusio
344 1217 454 1255 rege,
486 1203 555 1254 qui
582 1201 776 1240 Davidem
803 1200 928 1239 filium
949 1200 1179 1239 diadematis
1195 1200 1405 1240 haeredem
1421 1204 1646 1254 reliquerat,

180 1260 404 1301 Edwardus
435 1260 586 1310 aliquot
610 1258 858 1297 Scoticorum
891 1270 1102 1310 procerum
1135 1270 1232 1309 ope,
1262 1263 1380 1308 atque
1403 1260 1502 1298 adeo
1525 1261 1646 1312 ipsius

181 1317 345 1368 Angliae
372 1316 473 1368 regis
496 1315 618 1354 fultus
647 1314 816 1363 auxilio,
846 1314 1044 1352 Scoticum
1066 1315 1213 1354 invasit
1231 1328 1395 1366 regnum
1416 1317 1488 1355 sub
1510 1317 1648 1368 Augu-

182 1380 290 1412 stum
319 1386 492 1411 mensem
519 1373 566 1411 A.
589 1375 697 1414 1330
720 1385 766 1409 ac
788 1373 813 1414 5
833 1371 919 1410 Kal.
937 1371 1079 1410 Octob.
1096 1371 1277 1423 proxime
1294 1372 1534 1423 insequentis
1555 1374 1650 1411 anni

183 1436 399 1469 coronatus
426 1429 493 1480 ⁶),
531 1441 577 1466 eo
604 1428 762 1466 nomine
788 1427 907 1466 fidem
934 1427 1117 1479 deinceps
1149 1428 1345 1479 praestitit
1371 1430 1572 1469 Edwardo
1598 1430 1651 1468 ΠΙ

176 1486 349 1537 «Δηξζὶὶειθ
373 1486 454 1537 regi
485 1484 536 1527 14
556 1484 644 1523 Kal.
663 1485 734 1524 Iul.
762 1485 807 1523 A.
827 1486 934 1527 1334
955 1485 997 1522 in
1018 1485 1186 1537 publicis
1205 1485 1312 1536 apud
1330 1486 1551 1526 Eboracum
1580 1500 1650 1525 co-

184 1543 318 1585 mitiis.
375 1555 449 1580 nec
481 1541 551 1580 diu
579 1546 694 1593 parta
722 1541 873 1593 potitus
900 1540 1109 1592 dignitate,
1156 1554 1277 1592 regno
1311 1549 1476 1582 exactus
1501 1550 1541 1582 et
1563 1543 1651 1581 iure

186 1600 296 1639 omni
311 1600 351 1637 in
371 1598 472 1638 illud
491 1612 563 1636 suo
581 1599 622 1636 in
642 1598 810 1636 eundem
826 1597 1072 1637 Edwardum
1094 1598 1253 1649 Angliae
1271 1611 1400 1650 regem
1415 1613 1497 1647 seu,
1517 1607 1565 1638 ut
1585 1600 1652 1638 alii

178 1656 355 1705 ¹volunt,
382 1655 608 1693 Leonellum
628 1654 813 1692 Edwardi
833 1654 958 1693 filium
979 1656 1252 1707 transscripto,
1279 1658 1304 1698 8
1326 1656 1415 1694 Kal.
1435 1657 1553 1700 Febr,
1575 1657 1653 1706 vel,

175 1719 238 1751 «ut
252 1712 486 1763 quibusdam
506 1711 646 1763 placet,
662 1710 902 1763 Epiphaniae
918 1711 980 1750 die
995 1713 1095 1751 festo
1114 1712 1160 1751 A.
1175 1713 1296 1762 1356,
1315 1719 1539 1752 extremum
1561 1720 1653 1752 tan-

191 1769 280 1808 dem
301 1769 403 1806 diem
426 1768 522 1806 obiit
539 1768 591 1806 ad
614 1768 884 1806 Duncastriam
905 1767 978 1809 An.
992 1772 1098 1811 1363
1114 1768 1174 1820 7).
1232 1782 1281 1807 ex
1299 1770 1434 1807 eadem
1452 1777 1656 1822 praeterea

190 1825 406 1864 Balliolana
435 1824 580 1862 familia
604 1824 766 1875 Anglica
796 1831 1039 1862 memoratur
1058 1825 1294 1874 Radulfue,
1324 1827 1392 1876 qui
1413 1827 1486 1865 sub
1508 1828 1654 1865 Ioanne

191 1881 437 1921 Varennensi
465 1880 608 1918 comite
636 1881 741 1919 vixit
766 1880 868 1918 circa
904 1883 951 1919 A.
981 1884 1103 1923 1300.
1163 1883 1302 1920 Simon
1328 1883 1544 1922 vicecomes
1562 1885 1654 1922 Cla-

190 1937 457 1989 morganensis
490 1936 626 1974 eadem
655 1942 890 1986 tempestate
916 1937 959 1987 8)
996 1943 1036 1975 et
1077 1937 1314 1978 Edwardus
1344 1953 1460 1990 quem
1492 1941 1656 1993 Angliae

191 2007 268 2035 rex
296 1992 518 2033 Edwardus
543 1993 798 2032 warwicensi
827 1994 1015 2045 praefecit
1040 1995 1184 2046 oppido
1206 1996 1280 2033 sub
1305 1995 1379 2034 An.
1404 2001 1525 2038 1333.
1581 2011 1658 2035 ex-

193 2052 341 2090 stincto
373 2064 494 2102 porro
523 2050 689 2101 improle
710 2050 912 2088 Edwardo
934 2052 1140 2089 Scotorum
1166 2065 1275 2103 rege,
1306 2058 1444 2091 exorta
1463 2059 1522 2091 est
1539 2054 1588 2092 de
1605 2055 1658 2092 il-

193 2108 271 2147 lius
287 2108 329 2146 in
348 2107 511 2146 Francia
537 2106 650 2145 bonis
669 2107 935 2145 controversia
948 2137 959 2157 ,
987 2121 1032 2146 ac
1055 2108 1104 2146 de
1124 2109 1287 2148 Balliolo
1304 2111 1535 2161 praesertim
1548 2141 1559 2158 ,
1591 2111 1659 2149 in-

193 2170 259 2204 ter
276 2162 532 2216 Radulphum
562 2163 610 2201 de
632 2163 839 2202 codiciaco
862 2163 1008 2202 Montis
1026 2165 1212 2204 Mirabilis
1229 2165 1479 2218 toparcham,
1511 2167 1660 2205 Catha-

196 2222 324 2261 rinam
340 2220 638 2260 Atrebatensem
655 2221 775 2258 Albae
794 2219 940 2258 Marlae
958 2222 1192 2260 comitissam
1214 2228 1254 2261 et
1272 2223 1479 2274 Hugonem
1509 2224 1556 2261 de
1575 2225 1661 2262 Me-

197 2278 347 2316 leduno
368 2276 529 2316 Antoini
560 2277 762 2315 dominum
792 2278 930 2315 uxoris
960 2278 1068 2329 iure;
1105 2280 1295 2331 cessitque
1326 2279 1486 2317 tandem
1514 2281 1660 2319 Ballio-

185 2334 317 2377 *lensis
337 2333 561 2373 castellania
577 2333 790 2387 Radulpho
801 2332 851 2387 ⁹),
877 2339 923 2373 ut
943 2334 1163 2374 christinae
1180 2335 1227 2374 de
1244 2337 1442 2387 Bailleul,
1472 2337 1662 2377 Edwardi

295 2491 338 2535 1)
363 2489 551 2524 Godwinus
566 2490 600 2524 in
614 2489 767 2524 Praesul.
785 2491 884 2536 Angl.

292 2538 338 2581 2)
363 2537 462 2570 Tom.
478 2538 500 2571 2
515 2536 661 2570 Monast.
677 2547 711 2581 p.
728 2537 805 2571 846.

295 2582 343 2626 3)
367 2582 568 2626 Walsingh.‚
593 2582 790 2626 Knighton..
814 2581 977 2622 Buchan...
1002 2582 1170 2619 Tilletius.

295 2629 345 2672 4)
370 2628 636 2673 chartophylac.
652 2628 740 2672 Reg.
755 2628 874 2662 Laieta
889 2628 1035 2663 Escosse
1048 2629 1102 2666 tit.
1121 2632 1154 2665 1.

295 2674 342 2717 5)
366 2674 550 2708 Froissart.
566 2676 585 2708 1
599 2674 668 2707 vol.
685 2686 715 2708 c.
732 2675 776 2708 21
786 2699 798 2718 ‚
824 2674 949 2711 chron.
963 2675 994 2709 F
994 2675 1165 2710 laudi-ens.
1180 2686 1211 2714 c.
1227 2675 1284 2712 71.

297 2719 344 2760 6)
368 2719 569 2763 Walsingh„
593 2719 782 2764 Knighton.

298 2765 348 2809 7)
371 2766 472 2800 Tom„
488 2767 510 2801 2
524 2765 672 2800 Monast.

300 2810 350 2853 8)
373 2810 554 2845 Froissart.
577 2813 595 2846 1
612 2812 682 2846 vol.
700 2823 730 2847 c.
746 2812 793 2846 27
807 2812 854 2846 90
868 2811 946 2856 138,
962 2811 1044 2847 Chr.
1060 2811 1104 2847 de
1118 2811 1257 2851 F'landr.

298 2855 347 2901 9)
370 2855 583 2892 Duchesnius
595 2857 630 2892 in
645 2857 739 2893 Hist.
755 2857 875 2893 Codic.
