1878 3262
681 210 1090 257 HISTORIARUM'
1107 213 1158 257 L.
1183 211 1240 257 11.
1628 215 1692 261 83

226 322 471 380 τιμήσοντες.
540 322 676 382 ἐπειδή
695 344 738 370 τε
760 325 854 370 εἶ’σω
874 330 955 369 τῶν
974 323 1208 385 ἀνακτόρων
1224 326 1304 383 ἤδη
1323 326 1472 384 ἐγένετο
1492 323 1596 371 ἔνθα
1609 332 1691 383 βα·

226 394 360 444 σιλεύς
381 395 445 436 ἐπὶ
474 399 549 437 τοῦ
568 393 771 452 μετεώρου
799 399 984 449 καθῆστο
994 427 1008 446 ,
1034 395 1238 451 χθαμαλή
1267 413 1330 447 τις
1351 396 1465 455 αὐτῷ
1489 398 1688 452 ἐκομίζετο

226 464 326 519 ἕδρα
345 462 395 517 ἢν
413 465 569 506 σελλίον
599 463 865 521 ρωμαΐζοντες
883 461 1148 516 ὀνομάζουσιν
1170 464 1404 522 ἅνθρωποι,
1440 465 1511 523 ἐφ’
1541 460 1592 521 ἧς
1611 483 1687 508 κα,

223 529 398 586 θιζήσας
418 532 470 574 τὰ
499 530 633 575 εἰκότα
654 550 696 575 τε
727 531 850 574 εἰπών
875 533 942 573 καὶ
964 530 1143 582 ἀκούσας
1168 531 1256 576 τότε
1281 534 1355 587 μὲν
1386 534 1428 583 ἐς
1445 533 1491 576 τὸ
1512 533 1591 591 πρὸ
1616 539 1691 576 τοῦ

189 598 440 657 ὅπεριβόλου
474 599 745 656 ἀπηλλάττετο
774 597 1033 656 προάστειον,
1079 599 1102 642 ὃ
1126 600 1374 644 Φιλοπάτιον
1400 600 1589 660 καθάπερ
1608 601 1686 657 ἤδη

221 668 324 727 ἔφην
351 667 586 724 ὠνόμασται
617 676 701 719 τοῖς
722 673 908 720 πολλοῖς,
950 669 1131 710 ἐνταῦθα
1149 667 1529 723 καταχθησόμενος·
1565 671 1685 729 ὀλίγῳ

221 739 266 780 δὲ
285 735 455 795 ὕστερον
472 739 539 780 καὶ
559 739 600 788 ἒς
617 737 669 779 τὰ
690 737 791 794 πρὸς
805 735 921 779 νότον
937 741 1010 791 τῆς
1036 735 1190 787 πόλεως
1210 737 1284 779 σὺν
1303 742 1362 794 τῷ
1376 742 1543 790 βασιλεῖ
1555 734 1682 793 ’ἦλθεν
1706 744 1734 779 P
1756 745 1802 780 47

220 804 425 863 ἀνάκτορα
436 838 451 858 ,
486 804 712 862 ἱστορήσων
730 806 808 848 ὅσα
826 822 867 847 τε
889 806 1069 847 ἐνταῦθα
1086 803 1302 859 θαύματος
1319 805 1414 856 ἄξια
1432 808 1499 847 καὶ
1518 814 1603 856 τοῖς
1623 808 1687 849 ἐπὶ

217 874 288 917 τὸν
308 877 402 931 τῇδε
420 874 519 917 νεὼν
534 873 809 927 ἐντευξόμενος
829 874 970 931 ἱεροῖς·
1000 876 1104 930 φημὶ
1126 874 1175 929 δὴ
1195 873 1272 916 ὅσα
1292 878 1351 932 τῷ
1369 875 1554 932 σωτηρίῳ
1573 878 1684 932 Χρι-

166 950 211 985 10
220 947 319 986 στοῦ
340 941 572 986 πελάσαντα
594 941 751 996 σώματι
764 945 1029 999 Χριστιανοΐς
1056 944 1139 985 ἔστι
1163 940 1435 1000 φυλακτήρια.
1503 947 1685 985 τοσαῦτα

219 1011 261 1053 ἓν
288 1013 498 1069 Βυζαντίῳ
524 1011 689 1061 τελέσας
712 1010 846 1068 ὅρκοις
873 1028 914 1053 τε
948 1010 1000 1052 τὰ
1036 1010 1159 1054 πιστὰ
1195 1011 1292 1062 δοὺς
1316 1006 1344 1066 ἦ
1372 1011 1456 1066 μὴν
1479 1013 1598 1068 φίλος
1617 1011 1686 1054 διὰ

216 1081 310 1134 βίου
340 1082 408 1122 καὶ
437 1078 651 1135 σύμμαχος
673 1084 841 1134 βασιλεῖ
869 1079 1035 1122 ἔσεσθαι
1043 1111 1059 1132 ,
1103 1081 1167 1122 ἐπὶ
1195 1079 1268 1134 τὴν
1293 1079 1433 1123 ,Ἀσίαν
1472 1081 1586 1135 διέβη
1616 1082 1685 1122 καὶ

217 1145 352 1198 αὐτός.

356 1214 431 1260 18.
463 1237 467 1244 -
502 1219 646 1258 Ταῦτα
670 1215 745 1269 μὲν
770 1209 842 1257 οὖν
865 1217 959 1272 τῇδε
986 1213 1220 1272 ἐπράσσετο.
1289 1212 1311 1257 ὃ
1340 1215 1383 1257 δὲ
1394 1214 1588 1268 βασιλεὺς
1600 1219 1681 1258 N1-

161 1291 204 1326 15
216 1282 363 1327 κόλαόν
383 1301 472 1326 τινα
495 1277 528 1343 ᾧ
552 1282 788 1335 Μουζάλων
811 1285 1014 1339 ἐπίκλησις
1038 1280 1088 1339 ἦν
1109 1285 1150 1334 ἒς
1174 1283 1243 1326 τὸν
1271 1283 1548 1340 ἄρχιερατικὸν
1574 1282 1681 1340 θρό-

214 1370 283 1395 νον
320 1351 477 1407 ἀνάγει,
520 1350 565 1402 ὃς
599 1355 655 1402 εἷς
679 1351 775 1401 τοὺς
808 1352 1161 1406 ἐκκλησιαστικοὺς
1185 1352 1258 1405 μὲν
1284 1350 1478 1408 πρότερον
1502 1351 1680 1394 καταλό-

212 1438 310 1477 γους
336 1422 454 1463 ἐτέλει
466 1453 479 1472 ,
525 1420 595 1462 τὸν
621 1421 664 1462 δὲ
697 1424 769 1475 τῆς
794 1422 990 1477 Κυπρίων
1016 1421 1228 1475 ἐκκλησίας
1254 1418 1407 1476 θρόνον
1432 1420 1568 1473 λαχὼν
1596 1418 1681 1462 εἶτα

213 1489 429 1544 ἐθελοντὴς
454 1489 606 1531 ἐκεῖθεν
631 1488 865 1545 ἀφίσταται.
934 1489 1028 1530 ἀλλ’
1057 1488 1145 1542 ἅμα
1171 1506 1212 1530 τε
1238 1489 1300 1529 ἐπὶ
1324 1492 1405 1530 τῶν
1426 1486 1676 1544 πραγμάτων
1698 1502 1730 1538 Β

214 1559 360 1614 ἐγίνετο
395 1559 462 1600 καὶ
496 1556 582 1610 ἅμα
619 1562 699 1598 πᾶν
734 1557 830 1598 κατ’
861 1556 988 1598 αὐτοῦ
1013 1559 1211 1611 κεκίνηται
1239 1554 1393 1610 στόμα,
1429 1554 1679 1612 παρανόμως

157 1626 334 1669 ΞΟαῦτὸν
359 1627 602 1681 ἔπιπηδῆσαι
628 1623 821 1681 λεγόντων
846 1630 904 1683 τῷ
928 1623 1089 1682 θρόνῳ,
1126 1626 1194 1667 ἅτε
1219 1625 1290 1675 ’ξὺν
1313 1629 1362 1681 τῇ
1384 1623 1565 1680 λαχούσῃ
1581 1630 1677 1667 τοῦ-

210 1712 281 1737 τον
307 1696 495 1753 ἐκκλησία
520 1695 587 1735 καὶ
613 1694 686 1748 τὴν
712 1691 929 1750 ἱερωσύνην
954 1693 1032 1749 ἤδη
1059 1693 1432 1750 προσαποθέμενον.
1513 1691 1534 1734 ὅ
1564 1694 1607 1735 δὲ
1633 1694 1678 1735 τὸ

209 1763 284 1818 μὲν
310 1767 468 1820 πρῶτον
493 1760 803 1820 ἰσχυρογνώμων
827 1779 888 1812 τις
912 1756 961 1817 ἦν
987 1763 1055 1804 καὶ
1081 1766 1154 1805 τοῦ
1174 1760 1330 1819 θρόνου
1355 1761 1578 1816 μεθίεσθαι
1605 1762 1678 1803 οὗ-

302 1916 336 1951 8.
360 1910 432 1951 ὅσα
453 1915 506 1960 τε]
529 1915 643 1951 Malim
661 1911 733 1951 ὅσα
749 1925 800 1959 γε.
900 1914 986 1950 ibid.
1011 1910 1073 1949 ἐπὶ
1093 1911 1163 1950 τὸν
1178 1910 1289 1958 νειὸν]
1313 1910 1401 1948 cod.
1421 1860 1462 1946 ξε.
1484 1911 1566 1946 fort.
1578 1910 1675 1958 περὶ.

210 2039 309 2074 quam
333 2027 490 2074 palatium
514 2027 638 2072 subiit,
659 2027 718 2062 ubi
740 2027 773 2061 in
797 2026 976 2061 excelsiori
997 2027 1140 2061 sedebat
1162 2026 1236 2060 loco
1252 2025 1460 2071 imperator,
1484 2025 1630 2060 affertur
1644 2026 1677 2060 ei

198 2075 311 2108 >sedes
328 2074 500 2115 humilior,
525 2085 624 2119 quam
641 2073 755 2107 sellam
769 2099 780 2115 ‚
804 2074 861 2118 qui
876 2074 992 2117 lingua
1005 2074 1157 2106 Romana
1172 2076 1325 2114 utuntur,
1349 2075 1486 2105 vocant.
1533 2083 1675 2116 cumque

208 2121 244 2154 in
262 2132 303 2154 ea
319 2120 547 2163 consedisset,
571 2119 660 2153 ultro
682 2119 834 2163 citroque
852 2120 953 2153 variis
972 2119 1013 2152 de
1034 2121 1136 2153 rebus
1161 2118 1278 2152 habito
1292 2128 1468 2159 sermone,
1491 2117 1626 2151 tandem
1640 2117 1675 2151 in

234 2166 396 2200 roximum
409 2193 419 2210 ‚
443 2165 533 2211 quod
550 2165 642 2199 urbis
656 2164 828 2198 moenibus
845 2165 1047 2198 obversatur
1061 2164 1288 2198 suburbanum
1298 2190 1308 2207 ‚
1333 2163 1505 2208 vulgoque
1519 2168 1557 2195 ut
1572 2161 1674 2196 retuli

240 2212 436 2256 hilopatium
460 2216 692 2255 nuncupatur,
725 2210 912 2250 concessit,
938 2210 1140 2254 aliquamdiu
1156 2209 1203 2242 ibi
1219 2214 1419 2242 moraturus?
1473 2208 1574 2253 paulo
1590 2214 1674 2253 post

210 2269 285 2291 cum
299 2258 503 2303 imperatore
528 2257 611 2291 adiit
633 2267 674 2289 ea
689 2256 839 2300 palatia,
865 2266 952 2300 quae
977 2256 1010 2289 in
1025 2255 1166 2289 australi
1182 2259 1279 2299 parte
1305 2255 1397 2288 urbis
1412 2254 1479 2287 sita
1493 2257 1573 2286 sunt
1585 2279 1594 2294 ,
1620 2253 1672 2286 vi-

209 2314 308 2337 surus
331 2303 366 2336 in
389 2303 430 2336 iis
452 2314 540 2347 quae
563 2302 814 2336 admirationem
838 2301 1019 2343 inducunt,
1044 2302 1315 2345 lustratur-usque
1338 2304 1576 2334 sacrosanctas
1592 2298 1672 2332 reli-

210 2348 316 2393 quia,
342 2348 478 2393 quaein
500 2349 626 2393 templo
651 2348 775 2384 ibidem
792 2352 964 2380 exstructo
980 2347 1139 2391 religiose
1160 2347 1336 2380 coluntur:
1363 2356 1404 2379 ea
1420 2345 1561 2386 scilicet,
1586 2355 1675 2388 quae

208 2394 433 2428 sacratissimo
459 2394 589 2428 Christi
613 2393 748 2438 corpori
771 2394 936 2437 quondam
957 2393 1113 2434 admota,
1146 2392 1189 2425 ad
1206 2391 1469 2425 Christianorum
1486 2390 1671 2423 munimen-

208 2443 280 2473 tum
305 2444 536 2474 asservantur.
584 2439 636 2473 his
664 2438 822 2483 Byzantii
856 2439 1022 2484 peractis,
1057 2443 1091 2472 et
1117 2438 1280 2471 obstricta
1298 2437 1433 2482 insuper
1456 2435 1669 2470 iureiurando

208 2484 278 2519 fide
291 2510 300 2526 ‚
327 2485 465 2519 amicum
487 2496 524 2519 se
549 2484 706 2530 quamdiu
728 2484 878 2528 viveret,
909 2495 950 2518 ac
971 2484 1010 2518 iu
1033 2484 1131 2519 bellis
1146 2483 1272 2517 socium
1298 2480 1496 2527 imperatori
1518 2481 1613 2525 fore,
1635 2481 1671 2516 in

210 2531 323 2565 Asiam
338 2535 373 2565 et
386 2531 460 2576 ipse
475 2531 620 2565 traiecit.

302 2578 356 2611 18.
401 2578 538 2611 Interea
552 2577 628 2610 dum
644 2576 729 2609 haec
741 2578 916 2619 geruntur,
939 2574 1125 2620 imperator
1139 2573 1316 2607 Nicolaum
1332 2570 1518 2616 quemdam,
1542 2582 1670 2615 cogno-

211 2619 298 2655 mine
311 2621 525 2656 Muzalonem
547 2622 590 2655 ad
607 2621 863 2667 patriarchalem
878 2620 992 2655 sedem
1009 2619 1186 2665 provehit,
1209 2618 1265 2663 qui
1289 2618 1325 2651 in
1346 2616 1583 2651 ecclesiasticis
1600 2616 1671 2662 pri-

211 2675 297 2700 mum
312 2667 529 2712 dignitatibus
543 2672 698 2702 versatus
711 2692 721 2708 ‚
744 2666 986 2711 ecclesiamque
1014 2666 1222 2710 Cypriorum·
1234 2663 1389 2709 adeptus,
1414 2663 1501 2696 ultro
1516 2667 1668 2707 postmo-

211 2710 289 2745 dum
303 2711 379 2746 inde
393 2718 596 2748 recesserat.
640 2723 759 2747 verum
781 2717 819 2746 ut
834 2723 890 2746 res
906 2711 1140 2745 administrare
1155 2710 1287 2755 coepit,
1321 2708 1465 2742 omnium
1480 2707 1593 2742 statim
1609 2718 1670 2740 ora

211 2755 246 2790 in
270 2767 346 2791 eum
368 2764 531 2793 commota
552 2763 651 2801 sunt,
682 2758 805 2792 iniuste
828 2763 1027 2802 occupatum
1044 2758 1086 2790 ab
1102 2757 1158 2790 illo
1174 2757 1330 2789 thronum
1347 2753 1585 2788 clamitantium
1599 2780 1609 2796 ,
1633 2755 1671 2785 ut

212 2801 271 2845 qui
295 2804 555 2846 cumecclesia,
586 2815 686 2850 quam
711 2809 829 2838 nactus
861 2804 995 2845 suerat,
1027 2801 1254 2837 sacerdotium
1284 2811 1417 2845 quoque
1445 2798 1670 2844 deposuisset.

211 2845 274 2882 sed
287 2847 316 2882 is
331 2848 520 2884 obstinatus
542 2851 649 2896 primo
661 2875 673 2893 ,
706 2851 829 2886 throno
846 2860 886 2885 se
904 2849 1079 2885 deturbari
1096 2847 1351 2894 haudquaquam
1366 2855 1507 2892 passus:
1532 2842 1590 2878 ubi
1608 2852 1668 2876 au-
