1878 3262
266 222 333 271 42
686 220 994 266 NICEPHORI
1025 219 1293 265 BRYENNII

266 337 459 393 ἑπομένου
493 337 562 380 καὶ
597 337 903 394 προσδοκῶντος
929 333 1120 393 φάλαγγα
1155 333 1351 393 Τούρκων
1381 335 1507 395 εὕρεῖν
1531 337 1599 379 καὶ
1623 334 1728 394 αὗτῇ

267 411 516 464 συρραγῆναι
536 407 603 448 καὶ
628 404 733 448 οὕτω
756 409 948 463 κριθῆναι
968 405 1019 447 τὰ
1040 409 1113 447 τοῦ
1130 406 1305 459 πολέμου
1313 437 1327 457 ,
1361 405 1399 447 οἳ
1424 410 1599 463 Τοῦρκοι
1622 422 1727 447 παν-

265 474 442 530 ταχόθεν
466 472 801 518 διεσκεδάννυντο.
854 472 1182 530 ’ὑποστρέψαντες
1202 474 1245 516 δὲ
1265 473 1367 527 μετὰ
1393 472 1521 530 ῥύμης
1541 477 1728 531 σφοδρᾶς

264 546 332 588 καὶ
352 548 528 601 κραυγῆς
548 541 784 594 ἐπελθόντες
800 540 1013 597 Ῥωμαίοις
1034 543 1221 599 τρέπουσι
1248 542 1294 584 τὸ
1317 542 1444 592 δεξιὸν
1461 543 1592 599 κέρας.
1658 543 1727 585 εὗ-

263 613 347 664 θὺς
370 613 412 655 δ’
434 610 661 669 ἀνεχώρουν
684 614 751 654 καὶ
775 612 813 654 οἳ
834 613 924 668 περὶ
946 610 1019 665 τὴν
1039 611 1254 668 οὐραγίαν,
1292 611 1360 665 καὶ
1388 610 1458 652 τὸν
1487 611 1658 665 βασιλέα
1688 611 1760 656 οἶδ

266 686 445 739 Τοῦρκοι
466 679 740 731 κυκλεύσαντες
760 679 931 735 ἔβαλλον
953 677 1168 722 πάντοθεν.
1203 678 1457 737 ὁρμήσαντος
1476 680 1519 722 δὲ
1537 683 1610 721 τοῦ
1627 680 1729 722 εὗω·

256 748 392 804 ’νύμου
425 750 592 807 κέρατος
627 747 838 807 ἐπαρήγειν
870 749 907 791 οἱ
935 752 1112 805 Τοῧρκοι
1141 747 1338 791 ἐκώλυον·
1368 748 1472 790 κατὰ
1497 745 1625 790 νώτου
1650 747 1729 805 γὰρ

210 823 243 859 D
268 813 378 861 οὗτοι
409 817 611 874 γενόμενοι
646 820 714 861 καὶ
741 823 884 861 τοῦτον
929 815 1204 868 κυκλώσαντες
1238 823 1377 874 φυγεῖν
1409 814 1735 872 κατηνάγκασαν.Δ

265 885 287 929 ὃ
316 888 359 929 ὁέ
382 887 574 942 βασιλεὺς
598 885 852 929 παντάπασιν
878 885 1026 943 ἕρημος
1054 886 1309 943 ἀποληφθεὶς
1327 887 1525 940 βοηθείας
1545 884 1590 927 τὸ
1615 886 1733 941 ξίφος

265 955 492 1012 ἐγύμνωσεν
517 957 580 997 ἐπὶ
611 955 706 1005 τοὺς
730 955 907 1012 ἐχθροὺς
940 956 1007 996 καὶ
1041 955 1216 1005 πολλοὺς
1241 955 1315 1008 μὲν
1338 955 1465 996 ἀνεῖλε
1484 954 1579 1003 τοὺς
1599 954 1643 996 δὲ
1662 955 1730 995 καὶ
1743 961 1789 996 10

265 1031 407 1082 φυγεῖν
428 1022 716 1080 κατηνάγκασε.
786 1025 1009 1073 κυκλωθεὶς
1036 1023 1076 1065 δ’
1099 1022 1178 1064 ὑπὸ
1205 1028 1285 1065 τῶν
1311 1024 1510 1076 πολεμίων
1531 1026 1604 1064 τοῦ
1627 1020 1733 1076 πλή-

265 1097 374 1142 θους
401 1093 474 1147 τὴν
499 1099 618 1148 χεῖρα
649 1091 908 1149 τιτρώσκεται
939 1093 1006 1133 καὶ
1034 1093 1232 1147 γνωσθεὶς
1253 1090 1329 1133 ὑπ’
1359 1092 1493 1133 αὐτῶν
1516 1089 1626 1140 ὅστις
1648 1091 1734 1133 ἐστὶ

267 1160 401 1219 κύκλῳ
428 1161 755 1217 περιστοιχίζεται
782 1158 997 1203 πάντοθεν.
1065 1162 1132 1202 καὶ
1153 1159 1353 1210 τοξεύεται
1374 1161 1447 1213 μὲν
1470 1158 1490 1200 ὃ
1511 1161 1636 1209 ἵππος
1657 1159 1734 1201 αὖ-

268 1234 343 1272 τοῦ
375 1231 442 1272 καὶ
473 1227 698 1283 ὃλισθήσας
725 1230 880 1280 πίπτει,
916 1227 1236 1284 συγκαταβάλλει
1268 1229 1311 1270 δὲ
1339 1230 1406 1270 καὶ
1431 1227 1500 1270 τὸν
1525 1226 1741 1282 ἓπιβάτην.’

147 1304 179 1342 Ρ
201 1305 247 1340 31
271 1300 339 1340 καὶ
374 1302 517 1340 τοῦτον
549 1297 619 1339 τὸν
650 1295 799 1354 τρόπον
830 1295 1086 1354 ὄορυάλωτος
1106 1295 1127 1338 ὃ
1150 1296 1341 1351 βασιλεὺς
1357 1294 1565 1350 Ῥωμαίων
1585 1298 1733 1351 γίνεται
1745 1300 1792 1337 15

269 1369 337 1409 καὶ
374 1366 475 1423 πρὸς
504 1366 574 1408 τὸν
607 1364 828 1408 σουλτάνον
855 1366 1136 1419 ἀποκομίζεται
1157 1366 1341 1418 δέσμιος,
1378 1365 1450 1406 οὔκ
1481 1363 1559 1406 οἶδ’
1588 1362 1736 1407 οἷστισι

267 1434 404 1491 λόγοις
432 1439 552 1477 τοῦτο
585 1439 658 1488 τῆς
690 1435 809 1484 θείας
840 1435 1032 1491 προνοίας
1064 1431 1396 1488 οἷκονομησάσης.
1466 1431 1572 1474 ἑάλω
1599 1434 1642 1475 δὲ
1667 1435 1736 1474 καὶ

267 1508 420 1545 λοιπῶν
452 1509 578 1559 μοῖρα
613 1507 694 1544 τῶν
731 1501 938 1559 ἀρχόντων
968 1503 1040 1544 οὐκ
1068 1502 1193 1557 ὀλίγη.
1262 1506 1343 1544 τῶν
1366 1502 1409 1543 δὲ
1431 1505 1581 1542 λοιπῶν
1604 1502 1642 1543 οἳ
1661 1502 1746 1555 μέν’

266 1574 475 1627 μαχαίρας
493 1571 607 1627 ἔργον
631 1569 859 1626 γεγόνασιν,
890 1571 928 1612 οἳ
955 1571 998 1612 δὲ
1022 1570 1290 1625 διεσώθησαν.
1340 1568 1446 1612 ἑάλω
1466 1570 1510 1611 δὲ
1535 1572 1602 1611 καὶ
1624 1569 1669 1611 τό
1692 1587 1735 1613 τε

267 1639 541 1697 στρατόπεδον
574 1638 682 1680 ἅπαν
714 1641 782 1680 καὶ
812 1637 838 1693 ῆ
871 1638 995 1693 σκηνὴ
1027 1637 1053 1693 ῆ
1080 1640 1284 1693 βασίλειος
1301 1637 1436 1679 καὶτὰ
1454 1636 1650 1694 χρήματα
1667 1640 1791 1682 καὶ20

228 1719 231 1721 ’
266 1713 348 1750 τῶν
375 1711 598 1762 βασιλικῶν
624 1705 877 1764 παρασήμων
896 1707 947 1749 τὰ
971 1706 1191 1758 κάλλιστα,
1227 1709 1268 1748 ἓν
1289 1704 1350 1756 οἷς
1367 1708 1433 1747 καὶ
1453 1704 1474 1747 ὃ
1496 1705 1736 1762 πολυθρύλ-

268 1781 389 1832 λητος
409 1775 621 1834 μάργαρος
639 1771 710 1831 ἦν,
747 1775 792 1818 ὃν
810 1775 989 1834 ὃρφανὸν
1010 1774 1307 1830 κατωνόμαζον.
1366 1774 1404 1817 οἳ
1428 1775 1466 1816 δ’
1493 1776 1536 1816 ἐκ
1560 1779 1633 1830 τῆς
1650 1773 1735 1830 μά-

363 1897 419 1932 18.
443 1895 582 1931 λοιπῶν
603 1895 741 1941 μοῖρα]
766 1894 906 1930 λοιπῶν
931 1894 1111 1930 delendum
1133 1895 1284 1930 videtur.

269 2010 349 2033 num
376 1998 549 2033 ordinibus
564 1999 739 2033 instructis
755 1998 939 2033 exercitum
955 2010 1074 2033 versus
1089 1999 1203 2033 hostes
1219 1999 1449 2043 promovente.
1494 1996 1524 2032 si
1538 1997 1630 2031 forte
1644 1995 1741 2031 stru-²

271 2049 359 2078 ctam
381 2045 509 2089 pariter
534 2046 637 2079 aciem
658 2046 790 2079 illorum
807 2044 980 2078 offendere
996 2045 1116 2079 alicubi
1133 2049 1268 2090 posset,
1299 2044 1440 2090 primum
1455 2044 1587 2089 quidem
1603 2042 1737 2087 agmina

270 2090 329 2124 illa
343 2091 439 2123 varia
455 2091 644 2125 Turcorum
662 2091 848 2125 artificiosa
863 2091 943 2134 fuga
959 2091 1218 2136 dissipabantur.
1249 2102 1327 2124 mox
1342 2090 1453 2124 subito
1470 2088 1599 2123 collecti
1614 2099 1736 2132 magno

270 2135 418 2170 tumultu
434 2136 641 2181 vocibusque
655 2136 833 2170 inconditis
848 2135 1016 2170 irruentes
1033 2137 1065 2170 in
1083 2138 1268 2180 Romanos,
1286 2136 1440 2170 dextrum
1456 2146 1558 2170 cornu
1573 2134 1606 2167 in
1623 2134 1736 2178 fugam

271 2186 422 2216 vertunt.
471 2193 513 2215 eo
540 2183 680 2226 periculi
707 2182 846 2216 articulo
872 2187 1073 2228 postremum
1101 2194 1222 2227 agmen
1246 2182 1397 2215 recessit.
1444 2182 1558 2226 sicque
1573 2180 1699 2213 nudata
1714 2192 1736 2215 a

271 2230 371 2271 tergo
388 2228 541 2261 Romana
555 2228 627 2260 acie
644 2228 888 2262 circumventus
902 2229 989 2262 omni
1004 2229 1069 2262 iam
1085 2241 1127 2262 ex
1144 2234 1242 2273 parte
1258 2228 1444 2272 imperator
1459 2225 1655 2270 sagittarum
1671 2236 1735 2260 un·-

273 2273 375 2317 dique
392 2273 509 2306 nimbis
524 2273 743 2308 obruebatur.
791 2285 855 2307 nec
876 2274 1040 2308 laboranti
1055 2274 1138 2308 aciei
1156 2274 1283 2308 mediae
1299 2274 1430 2307 laevum
1446 2271 1546 2306 cornu
1563 2271 1655 2305 serre
1670 2282 1735 2305 au-

272 2319 388 2353 xilium
416 2319 544 2364 potuit:
574 2323 778 2353 revocarunt
793 2320 877 2353 enim
892 2320 925 2353 id
943 2326 1101 2354 conantes
1117 2319 1325 2363 circumfusi,
1357 2331 1398 2352 ac
1420 2329 1506 2363 pone
1529 2317 1735 2352 lacessentes

272 2364 388 2398 hostes
413 2371 509 2398 tanta
533 2364 591 2405 vi,
624 2371 662 2397 ut
686 2365 948 2399 circumventum
974 2377 1108 2410 quoque
1134 2367 1240 2420 ipsum
1255 2376 1357 2398 cornu
1372 2364 1500 2398 laevum
1517 2363 1596 2405 suga
1612 2363 1734 2407 passim

273 2411 384 2444 effusa
407 2410 508 2445 dilabi
536 2410 764 2455 compulerint.
813 2411 866 2444 hic
893 2411 1121 2456 deprehensus
1144 2416 1347 2456 imperator,
1381 2408 1534 2452 omnique
1549 2408 1734 2443 destitutus

272 2456 388 2489 auxilii
413 2468 473 2501 spe
485 2484 495 2500 ‚
526 2456 644 2490 stricto
661 2467 741 2490 ense
756 2455 790 2490 in
807 2457 922 2489 hostes
937 2458 1005 2490 ruit
1017 2484 1027 2500 ‚
1057 2458 1244 2502 multosque
1260 2455 1382 2490 occidit
1393 2481 1402 2493 .
1433 2455 1552 2487 multos
1568 2454 1600 2487 in
1617 2455 1734 2498 fugam

271 2502 397 2539 vertitg
415 2502 522 2536 donec
539 2502 713 2535 conclusus
729 2502 874 2546 undique
892 2502 1098 2536 addensante
1113 2515 1190 2537 sese
1206 2501 1412 2537 multitudine
1428 2499 1570 2532 bostium
1586 2500 1619 2533 in
1635 2511 1735 2534 manu

272 2547 520 2582 vulneraretur.
567 2554 637 2581 tum
653 2548 786 2592 agnitus
802 2548 875 2592 quis
892 2553 993 2588 esset,
1010 2549 1193 2593 maiorique
1208 2549 1284 2582 ideo
1301 2546 1424 2580 circum
1444 2546 1615 2589 obsessus,
1631 2551 1735 2591 atque

273 2592 361 2625 omni
384 2593 479 2626 simul
507 2605 549 2626 ex
573 2599 671 2637 parte
698 2593 868 2640 appetitus
890 2595 1036 2639 impetu,
1067 2595 1206 2641 primum
1231 2592 1383 2627 deiicitur
1409 2591 1442 2624 in
1465 2597 1614 2631 terram,
1645 2603 1734 2636 equo

272 2637 286 2672 i
312 2637 379 2670 sius
407 2638 531 2681 sagitta
557 2650 740 2683 percusso,
773 2651 814 2673 ac
839 2651 1002 2675 sessorem
1019 2640 1052 2673 in
1069 2650 1270 2674 communem
1294 2648 1403 2671 secum
1422 2636 1549 2671 ruinam
1563 2637 1734 2682 trahente,

252 2702 263 2713 ·
302 2683 399 2716 einde
426 2683 523 2716 facile
550 2684 615 2717 iam
642 2690 761 2729 captus
776 2685 956 2730 imperator
970 2685 1170 2730 vinctusque
1185 2684 1228 2719 ad
1245 2683 1418 2718 Sultanum
1436 2683 1556 2716 ductus
1576 2687 1651 2724 est,
1680 2682 1737 2716 di-

275 2728 356 2763 vina
381 2728 592 2773 providentia
615 2730 755 2763 occultis
769 2731 812 2764 de
828 2731 938 2765 causis
959 2736 1027 2764 tam
1046 2731 1251 2776 inopinatum
1271 2734 1409 2773 tamque
1424 2729 1580 2762 acerbum
1598 2727 1734 2773 permit—

276 2777 371 2808 tente
387 2785 511 2808 casum.
558 2781 659 2819 capta
674 2786 808 2820 quoque
824 2788 902 2821 pars
919 2787 1039 2819 magna
1055 2782 1106 2810 est
1120 2777 1240 2810 ducum
1256 2774 1395 2807 aliorum
1406 2802 1416 2817 ‚
1443 2775 1566 2807 ceteris
1580 2778 1639 2807 aut
1653 2785 1734 2808 cae-

277 2820 324 2855 sis
339 2824 398 2854 aut
411 2821 492 2863 fuga
506 2819 660 2853 servatis.
706 2829 820 2855 castra
840 2821 941 2855 etiam
956 2821 1111 2855 universa
1127 2827 1161 2855 et
1175 2821 1282 2866 ipsum
1299 2820 1486 2864 Augustale
1502 2819 1736 2864 pecuniaeque

279 2871 316 2901 et
329 2865 503 2911 insignium
517 2865 805 2912 imperatoriorum
819 2866 1067 2913 speciosissima
1081 2877 1234 2912 quaeque
1246 2878 1257 2911 ς
1285 2866 1320 2901 in
1335 2867 1456 2912 quibus
1471 2870 1505 2900 ct
1518 2864 1733 2910 margaritum
