1878 3262
629 238 1022 284 HISTORIARUM
1054 241 1103 283 L.
1130 238 1210 284 IV.
1557 239 1649 285 191

199 353 355 405 τοῦτοις
391 358 592 413 παρεῖχον.
660 354 757 397 ἀλλ’
786 355 858 398 οῧκ
881 350 930 410 ἦν
965 356 1082 414 μέχρι
1121 355 1269 406 παντὸς
1291 354 1474 411 Πέρσαις
1497 353 1566 396 τὸν
1591 353 1656 397 ἓν-

202 423 442 485 τρεφόμενον
481 426 595 481 σφίσι
628 422 753 477 χόλον
790 431 1015 477 κατασχεῖν.
1085 425 1220 479 ἀμέλει
1255 428 1322 466 καὶ
1356 426 1397 466 ἐν
1422 424 1655 480 Κοττυαείῳ

201 492 416 552 γεγονότων
439 492 518 548 ἤδη
539 491 772 546 Ῥωμαίων,
809 494 911 534 τισὶν
937 492 1069 534 αὐτῶν
1093 498 1166 535 τοῦ
1191 497 1334 535 λοιποῦ
1358 489 1655 549 στρατεύματος

202 565 484 619 ἇπορραγεῖσιν
509 562 734 615 ἐπιθέμενοι
760 559 932 603 ἔκτεινάν
958 578 999 602 τε
1027 564 1093 601 καὶ
1119 562 1243 613 ζωοὺς
1273 559 1391 604 εἷλον.
1460 558 1480 602 ὅ
1508 561 1550 601 δὲ
1574 564 1656 614 βα-

167 632 332 681 wezzi-g
369 630 457 673 τότε
495 631 568 684 μὲν
605 631 668 671 ε’πὶ
707 628 928 681 Βυζάντιον
953 623 1079 683 ἦλθε,
1119 629 1326 685 θρίαμβόν
1351 647 1392 671 τε
1418 628 1655 684 καταγαγών

197 701 383 757 μέγιστον
409 704 474 741 καὶ
500 703 587 755 θεῷ’
610 698 661 740 τὰ
688 698 856 739 ἐπινίκια
879 696 1017 748 θύσας
1042 699 1083 738 ἓν
1107 700 1290 754 παλατίῳ
1316 696 1516 752 κατήχθη.

1674 752 1706 786 P
1731 753 1794 787 111

1677 799 1712 834 V
1736 800 1779 833 37

336 769 414 813 22.
476 767 621 823 Ὀλίγῳ
648 767 691 808 δὲ
715 766 882 823 ὕστερον
906 768 1073 823 Πέρσας
1109 765 1344 821 ἀμύνασθαι
1370 772 1442 820 τῆς
1466 768 1507 816 ἐς
1533 765 1654 808 αὐτὸν

198 839 408 895 παροινίας
444 837 673 890 διανοηθεὶς
710 836 751 886 ἔς
787 836 861 885 τὰς
899 836 1127 889 Κυψέλλων
1164 833 1357 884 πεδιάὸας
1391 835 1461 876 τὸν
1485 834 1657 891 στρατὸν

197 907 362 963 ἤγειρεν.
432 906 473 946 ἓν
509 903 639 962 τούτῳ
680 905 723 945 δὲ
754 905 816 945 ἐπὶ
843 904 935 953 τοὺς
960 905 1001 945 ἓν
1021 904 1135 962 Ἀσίᾳ
1161 902 1290 961 ἀρχάς
1314 920 1424 952 τινας
1450 904 1658 952 διέποντας

144 974 402 1029 1οῬωμαίων
427 974 594 1028 πέμψας
619 974 767 1014 ἐκέλευε
793 972 898 1014 κατὰ
927 970 1072 1014 τακτόν
1097 990 1185 1014 τινα
1207 971 1356 1030 χρόνον
1382 971 1556 1013 ἄλλοθεν
1582 971 1657 1012 ἄλ-

198 1048 269 1086 λον
307 1045 494 1097 ἐμβαλεῖν
532 1044 587 1092 εἷς
624 1041 669 1083 τὸ
707 1039 921 1097 Περσικόν.
991 1042 1111 1083 ἐποίει
1142 1042 1185 1083 ds*
1209 1046 1337 1083 ταῦτα
1364 1039 1471 1089 ὅπως
1496 1040 1658 1081 ἕκαστοι

196 1115 372 1169 Περσῶν
409 1113 641 1165 ἐπιβοηθεῖν
679 1109 868 1164 ἀλλήλοις
906 1108 1113 1159 ἀδυνάτως
1151 1109 1299 1164 ἴχοιεν,
1339 1109 1435 1165 ὅπερ
1463 1111 1517 1158 εἷς
1542 1107 1657 1165 ἔργον

198 1181 320 1234 ἐκβὰν
344 1178 500 1235 μεγάλα
524 1179 597 1233 τὴν
621 1181 795 1234 Περσῶν
821 1177 1003 1233 ἐλύπησε.
1037 1179 1228 1232 βασιλεὺς
1254 1180 1296 1220 δὲ
1322 1179 1402 1220 ἐπεὶ
1431 1178 1535 1235 ἀμφὶ
1561 1193 1658 1234 τρο-

196 1249 277 1298 πὰς
301 1248 378 1303 ἤδη
399 1247 629 1303 χειμερινὰς
654 1246 675 1289 ὃ
700 1246 812 1302 ἣλιος
838 1248 1009 1303 ἐγένετο,
1050 1248 1117 1290 διὰ
1143 1252 1215 1289 τοῦ
1233 1245 1529 1302 Ἑλλησπόντου
1556 1262 1658 1303 πορ-

144 1323 187 1360 15
201 1322 313 1371 θμοῦ
351 1318 413 1358 ἰπὶ
445 1317 582 1359 Ἀσίαν
622 1316 768 1370 διαβὰς
806 1315 898 1373 ἄχρι
937 1317 1171 1373 Δορυλαίου
1203 1311 1307 1371 ἦλθε
1333 1318 1422 1372 περὶ
1450 1315 1575 1372 ἄμφω
1601 1314 1659 1356 τοι)

198 1385 391 1440 ποταμώ,
431 1379 486 1427 ὧν
512 1383 532 1426 ὃ
559 1385 632 1438 μὲν
657 1384 806 1435 Βαθὺς
830 1384 931 1441 πρὸς
955 1389 1035 1427 τῶν
1060 1386 1281 1442 ἐγχωρίων,
1312 1383 1470 1440 Θύβρις
1495 1385 1538 1425 δὲ
1565 1383 1658 1425 ἅτε-

198 1473 270 1511 ρος
308 1452 541 1508 ὀνομάζεται
552 1485 566 1505 ,
605 1454 677 1508 τὴν
715 1455 935 1510 περιοικίδα
972 1471 1014 1495 τε
1053 1458 1187 1495 πᾶσαν
1212 1452 1484 1509 καταδραμὼν
1507 1453 1708 1509 μυρίανΡ
1733 1456 1801 1489 112

199 1525 351 1565 ἐκεῖθεν
377 1523 534 1579 ἀνδρῶν
559 1524 626 1564 καὶ
653 1521 762 1574 ζώων
788 1522 921 1564 ἄλλων
945 1522 1070 1576 ἤλασε
1096 1521 1271 1576 πληθύν.
1337 1522 1499 1578 Πέρσαι
1525 1522 1568 1562 δὲ
1587 1525 1661 1575 τῆς

196 1596 278 1634 τῶν
303 1592 506 1649 σφετέρων
532 1590 769 1645 αἰσθόμενοι
797 1591 996 1640 ἀπωλείας
1028 1590 1133 1632 κατὰ
1158 1588 1397 1643 συστήματα
1422 1591 1490 1630 καὶ
1514 1587 1676 1642 λόχους

142 1660 275 1716 ΞΟῆὁη
314 1661 614 1717 προφαίνεσθαι
653 1659 839 1716 ἤρξαντο.
906 1659 1098 1713 βασιλεὺς
1136 1659 1180 1700 δὲ
1216 1657 1285 1700 τὸν
1317 1658 1390 1712 μὲν
1417 1656 1539 1699 ἄλλον
1559 1655 1660 1699 Ῥω-

197 1731 329 1782 μαίων
368 1728 540 1785 στρατὸν
579 1727 813 1783 ληῖσόμενον
837 1727 888 1770 τὰ
915 1729 956 1769 ἓν
982 1729 1099 1769 ποσὶν
1123 1726 1324 1781 ἔπεμψεν,
1364 1725 1486 1776 αὐτὸς
1518 1727 1561 1767 δὲ
1595 1726 1661 1767 ἐπὶ

198 1797 251 1839 τὰ
290 1796 451 1839 ἄποπτα
489 1801 570 1839 τῶν
607 1799 700 1854 τῇδε
734 1798 897 1854 χωρίων
923 1795 1170 1853 ἇναὸραμιὺν
1195 1795 1268 1838 σὺν
1294 1795 1441 1850 ὀλίγοις
1465 1799 1546 1836 τῶν
1570 1796 1661 1850 περὶ

290 1895 325 1928 2.
356 1892 590 1939 Κοττυαείῳ]
624 1891 837 1938 Κοτιαείῳζ)
883 1904 917 1930 v.
946 1891 1104 1927 Holsten.
1140 1890 1182 1924 ad
1219 1890 1382 1935 Stephan.
1406 1889 1495 1933 Byz.
1519 1900 1554 1933 p.
1582 1889 1661 1924 171.

289 1941 322 1974 8.
345 1937 566 1980 Κυψέλλων]
593 1936 734 1971 Rectius
755 1936 950 1979 Κυψέλων.
1089 1938 1146 1972 16.
1171 1934 1329 1982 Θύβρις]
1352 1935 1482 1971 Tollius
1507 1931 1661 1980 Θύαρις.

288 1987 346 2022 20.
372 1981 507 2028 ἄλλον]
527 1983 581 2017 Ita
601 1982 745 2017 Tollius.
793 1981 877 2016 cod.
902 1977 1032 2016 ἄλλων.

199 2063 334 2097 abunde
347 2064 413 2098 illis
429 2062 692 2109 suppeditarunt.
719 2071 786 2095 non
805 2065 948 2106 potuere
962 2065 1075 2094 tamen
1090 2059 1222 2094 omnino
1236 2060 1365 2094 Persae
1379 2061 1574 2104 conceptam
1589 2058 1661 2104 pri-

202 2109 278 2142 dem
303 2110 411 2141 aninio
437 2108 697 2150 indignationem
723 2107 916 2141 continere:
948 2107 1030 2140 adeo
1055 2110 1094 2139 ut
1119 2117 1192 2140 cnm
1203 2106 1269 2140 iam
1284 2106 1325 2139 ad
1342 2106 1530 2149 Cotyaeum
1546 2110 1661 2139 essent

200 2153 368 2195 Romani,
398 2154 575 2187 nonnullos
595 2165 639 2186 ex
659 2153 725 2194 iis,
756 2153 813 2198 qui
839 2164 860 2186 a
882 2158 997 2186 cetero
1023 2152 1173 2186 exercitu
1199 2152 1330 2196 longius
1354 2152 1487 2196 evagati
1511 2152 1657 2192 fuerant,

199 2199 377 2244 aggressi,
408 2199 528 2244 partim
553 2199 752 2241 caederent,
780 2199 904 2243 partim
930 2198 1031 2232 vivos
1054 2203 1226 2243 caperent.
1272 2197 1454 2242 imperator
1468 2197 1570 2241 igitur
1585 2197 1659 2241 By-

201 2245 346 2279 zantium
372 2245 493 2285 rediit,
525 2250 732 2290 peractoque
755 2245 942 2290 triumpho,
973 2256 1013 2278 ac
1037 2244 1101 2278 deo
1118 2245 1161 2278 ob
1176 2247 1293 2289 partas
1309 2243 1466 2277 victorias
1481 2243 1564 2277 actis
1579 2254 1660 2287 gra·-

199 2291 276 2333 tiis,
305 2291 465 2336 palatium
479 2291 650 2334 ingressus
666 2294 729 2324 est.

292 2339 347 2371 22.
393 2337 473 2370 Non
489 2337 593 2370 multo
608 2337 784 2370 interiecto
798 2340 971 2381 tempore,
1001 2335 1204 2380 imperator,
1236 2345 1310 2368 cum
1336 2333 1380 2368 ob
1402 2333 1512 2368 illatas
1527 2333 1592 2367 sibi
1607 2333 1659 2366 in—

200 2382 306 2417 iurias
321 2382 434 2416 ulcisci
451 2383 575 2416 Persas
587 2382 794 2416 decrevisset
806 2410 815 2426 ‚
847 2383 886 2415 ad
903 2381 1137 2426 cypsellorum
1153 2391 1288 2425 campos
1304 2380 1486 2414 exercitum
1502 2380 1661 2423 collegit:

201 2428 401 2473 interimque
416 2422 505 2462 misit
520 2428 563 2462 ad
580 2429 767 2470 Romanos,
798 2428 855 2472 qui
880 2427 913 2460 in
941 2427 1020 2461 Asia
1041 2428 1276 2472 praefecturas
1291 2426 1511 2466 obtinebant,
1538 2430 1592 2468 et,
1621 2429 1661 2458 ut

204 2480 298 2508 certo
317 2474 460 2519 quodam
476 2479 628 2519 tempore
643 2483 758 2508 eorum
774 2474 913 2518 quisque
926 2472 960 2506 in
976 2473 1128 2506 Persicos
1147 2483 1250 2515 agros
1274 2471 1439 2514 irrueret,
1470 2470 1659 2515 imperavit.

203 2519 290 2554 haec
315 2525 424 2553 autem
447 2520 523 2554 ideo
545 2520 645 2561 fecit,
678 2532 719 2553 ne
746 2524 887 2564 possent
914 2519 1039 2552 Persae
1061 2518 1125 2552 sibi
1147 2517 1290 2551 invicem
1306 2528 1403 2562 opem
1420 2518 1521 2550 ferre.
1569 2516 1657 2561 quod

205 2566 336 2609 quidem
362 2577 427 2599 non
457 2566 587 2600 modice
609 2577 679 2599 rem
704 2565 873 2599 Persicam
889 2565 1016 2599 affecit.
1063 2570 1100 2598 at
1115 2563 1290 2608 princeps,
1319 2563 1457 2596 hiberno
1472 2562 1536 2596 iam
1552 2561 1661 2596 immi—-

205 2614 306 2644 nente
328 2611 491 2654 solstitio,
522 2623 585 2657 per
608 2613 729 2646 fretum
755 2610 1063 2655 Hellespontiacum
1085 2610 1119 2643 in
1135 2608 1246 2642 Asiam
1267 2608 1454 2648 trane-iens,
1485 2608 1527 2642 ad
1543 2608 1660 2652 Dory-

205 2654 313 2690 laeum
336 2668 442 2702 usque
465 2657 642 2703 pervenit,
674 2657 764 2690 circa
787 2656 870 2690 duos
893 2655 1035 2697 fluvios,
1066 2666 1206 2700 quorum
1222 2653 1309 2687 alter
1323 2654 1366 2688 ab
1382 2653 1499 2688 incolis
1516 2654 1660 2697 Bathys,

207 2700 295 2733 alter
314 2701 465 2746 Thybris
491 2707 652 2744 vocatum
679 2715 720 2736 ac
744 2702 1000 2736 circumiacente
1022 2701 1160 2744 regione
1175 2700 1374 2744 devastata,
1404 2699 1568 2733 infinitam
1582 2698 1660 2732 inde

207 2745 373 2780 hominum
388 2759 611 2794 pecorumque
625 2749 766 2782 abduxit
779 2747 1032 2782 multitudinem.
1079 2747 1204 2779 Persae
1218 2756 1321 2789 vero,
1341 2756 1414 2779 curn
1429 2744 1493 2778 iam
1509 2743 1658 2777 ultimum

206 2790 271 2825 sibi
293 2790 462 2827 imminere
487 2800 661 2828 cernerent
683 2794 879 2835 discrimen,
910 2804 971 2838 per
995 2798 1120 2826 turmas
1143 2798 1179 2825 et
1200 2791 1320 2834 globos
1336 2796 1495 2825 coeuntes
1510 2788 1658 2834 conspici

207 2847 365 2880 coepere.
410 2837 538 2874 interea
558 2840 740 2885 imperator
751 2866 761 2882 ‚
791 2839 865 2873 aliis
890 2836 1115 2872 Romanorum
1131 2837 1238 2882 copiis
1252 2836 1296 2870 ad
1311 2836 1413 2870 obvia
1425 2846 1580 2880 quaeque
1596 2834 1659 2866 de-

207 2881 402 2928 populanda
416 2882 543 2928 missis,
569 2896 642 2920 cum
655 2886 771 2932 paucis
788 2898 808 2921 e
822 2886 891 2920 suis
905 2885 940 2920 in
954 2885 1029 2920 loca
1045 2883 1186 2919 editiora
1201 2883 1372 2929 profectus
1388 2882 1545 2917 occinere
1559 2880 1660 2914 tubas
