1878 3262
244 201 344 260 238

698 202 884 258 JNDEX
915 202 1273 248 HISTORIGUS.

242 308 371 344 Milites
385 307 612 344 Muchumetis
627 320 688 343 cur
698 309 745 344 ad
753 310 888 345 Turcos
899 310 960 346 de·
1004 310 1228 356 Prodigentia
1244 310 1308 346 ¹rei
1337 311 1494 358 publicae
1515 313 1619 351 noxia
1641 313 1721 357 128,

290 355 411 388 ficiant
424 355 480 397 28,
497 355 554 389 20.

242 400 432 435 Monachus
487 401 659 435 eunuchus
711 402 963 438 contubernalis

293 445 408 479 Alexio
426 457 447 479 a
461 451 568 480 matre
583 447 680 481 datus
700 447 776 493 150,
796 448 849 483 15.

244 491 442 526 Muchumet
456 493 625 527 cuiusnam
642 493 732 528 filius
742 522 751 538 ,
774 500 809 528 et
822 495 962 540 quibus-

292 548 368 571 nam
381 537 525 583 imperet
539 539 596 584 26,
616 540 668 575 13.
711 551 872 584 quosnam
886 541 964 575 vin-

294 589 352 617 cat
369 584 569 618 Hunnorum
594 585 719 619 auxilio
735 587 841 622 fretus
857 588 912 630 27,
929 588 963 622 2.

290 628 393 663 foede
409 641 429 663 a
440 630 473 663 T
475 631 564 664 urcis
578 631 726 665 vincitur
738 633 795 674 28,
805 635 838 668 6.
865 639 963 678 quot-

292 685 370 708 nam
396 675 537 710 ducibus
562 681 597 710 et
618 689 678 711 cur
704 679 832 712 eruerit
848 679 964 713 oculos

292 721 350 762 28,
370 721 422 756 15.
471 722 543 756 eius
559 723 680 757 milites
698 735 756 758 cur
771 724 813 759 ad
830 725 965 760 Turcos

293 766 454 801 deficiant
477 769 533 811 28,
555 769 612 803 20.
661 781 805 814 quonam
834 771 965 816 proelio

293 812 395 846 cadat
419 814 475 857 29,
493 815 526 849 6.
574 814 646 849 eius
683 817 848 859 proelium
886 829 962 854 cum

294 857 440 904 Turcis‚
465 871 532 906 quo
547 859 621 906 ipse
636 862 727 897 cadit
739 863 797 907 29,
815 864 871 899 11.

584 962 630 1000 Ν.

248 1016 512 1062 Nicephoritzes
527 1020 638 1054 studio
656 1021 812 1055 Caesaris
832 1032 965 1065 promo-

295 1069 398 1097 vetur
412 1064 446 1098 in
463 1066 535 1100 eius
551 1066 732 1111 perniciem
748 1066 805 1109 56,
823 1069 877 1102 12.

248 1108 464 1154 Nicephorus
489 1111 664 1155 logotheta
691 1114 884 1148 Turcorum
906 1124 967 1153 au-

294 1155 375 1188 xilia
389 1156 548 1201 implorat
563 1159 618 1201 81,
637 1159 671 1192 9.

249 1199 466 1246 Nicephorus
478 1203 680 1237 Melissenus
693 1203 885 1239 Turcorum
901 1217 967 1252 ope

294 1246 466 1292 imperium
486 1254 628 1294 usurpat
645 1250 722 1292 158,
738 1251 770 1284 3.

249 1290 435 1337 Nicephori
450 1294 511 1328 filii
526 1296 685 1339 Bryennii
697 1297 874 1343 providum
886 1309 966 1333 con—

296 1338 404 1375 silium
421 1339 500 1383 114,
515 1342 573 1377 22.

590 1433 623 1467 O

251 1486 372 1569 Oringio
400 1488 513 1523 Alexii
538 1489 582 1524 ad
609 1462 766 1527 obsessos
783 1503 896 1529 secum
912 1494 967 1537 67,

590 1627 634 1665 P.

249 1680 475 1725 Palaeologus
497 1683 625 1719 Urselii
650 1684 838 1719 latrociniis
856 1697 967 1731 oppo-

293 1727 385 1762 nitur
409 1729 463 1765 83.
484 1731 536 1763 16.
586 1732 628 1764 ab
657 1731 793 1765 Urselio
820 1732 968 1766 vincitur

296 1772 353 1816 84,
374 1774 407 1807 2.
455 1775 581 1809 frustra
612 1776 786 1811 dissuadet
815 1777 969 1811 Nicaeae

295 1820 581 1863 oppugnationem
599 1824 676 1864 161,
692 1823 723 1857 3.
771 1823 860 1857 illius
885 1835 969 1857 con-

296 1864 406 1898 silium
429 1867 552 1901 stolide
574 1869 616 1902 ab
631 1869 798 1903 Eunucho
815 1869 969 1903 relictum

297 1911 376 1954 161,
395 1912 448 1945 15.
480 1913 682 1948 Eunuchum
698 1927 717 1948 e
732 1915 882 1960 periculo
897 1915 967 1949 eri—

295 1955 348 2000 pit
376 1957 453 1999 163,
471 1958 525 1993 15.
572 1960 653 1994 licet
682 1962 880 1995 vulneratus
911 1961 969 1995 siti

296 2003 453 2036 confecto
492 2005 659 2040 Eunucho
698 2018 819 2051 aquam
851 2011 967 2052 portat

298 2047 377 2090 164,
395 2050 449 2083 11.
499 2051 813 2098 Contostephanum
828 2054 967 2098 pericli-

296 2097 425 2128 tantem
447 2102 563 2131 servat
589 2098 666 2140 165,
684 2100 735 2133 10.
782 2100 825 2132 ab
847 2100 967 2143 ingra-

295 2138 436 2219 ἷὶἒέἰηὲῗ)
449 2141 614 2177 Eunucho
642 2144 766 2179 litteris
787 2151 967 2180 accusatur

329 2198 339 2218 )
365 2211 374 2226 ,
438 2211 447 2220 .

248 2228 452 2266 Patriarcha
481 2234 712 2269 Antiocheuus
740 2247 761 2270 a
788 2247 855 2281 quo
873 2237 968 2280 Con-7

295 2277 547 2323 stantinopolim
570 2280 689 2315 missus
703 2283 759 2322 96,
776 2283 810 2317 8.
859 2284 968 2327 impe-

298 2323 422 2357 ratoris
435 2324 572 2359 litterae
588 2326 638 2359 illi
655 2327 811 2361 redditae
826 2329 882 2372 96,
895 2330 951 2365 20.

251 2367 422 2402 Patricius
450 2371 644 2416 Stephanus
667 2372 803 2408 Mediae
830 2386 967 2419 praeses

296 2425 359 2493 gur
374 2426 409 2495 3a
437 2416 561 2451 Turcis
591 2422 711 2464 captus
743 2424 778 2454 et
811 2421 969 2456 venditus

345 2485 354 2500 9
399 2486 407 2494 '
628 2491 629 2494 ¹
919 2493 922 2497 ’

250 2503 391 2538 Patricii
415 2507 576 2550 Bryennii
597 2509 839 2546 adolescentuli
860 2523 968 2556 gene-

297 2551 423 2585 rositas
439 2554 514 2595 112,
534 2559 564 2590 1.

251 2595 444 2676 Pelrgculum
457 2599 567 2634 Alexii
583 2604 618 2635 et
630 2601 666 2636 in
681 2614 721 2637 eo
737 2603 901 2638 fortitudo
909 2606 966 2649 60,

252 2687 348 2721 Petri
364 2688 517 2724 Tornicii
534 2692 697 2727 fortitudo
717 2694 792 2736 153,
809 2696 843 2730 2.

252 2733 427 2778 Pissyrius
451 2735 637 2779 Babylonis
661 2739 839 2786 princeps,
862 2752 884 2775 a
899 2753 967 2787 quo

298 2780 410 2814 victus
426 2785 460 2814 et
478 2782 608 2817 occisus
624 2785 680 2827 30,
696 2787 748 2819 16.

249 2826 420 2861 Proceres
461 2827 827 2875 constantinopolitani
871 2832 970 2868 novis

297 2872 401 2907 rebus
417 2873 557 2911 student
573 2877 651 2920 118,
672 2877 727 2912 12.

1052 360 1109 394 11.

1343 437 1375 472 R

1006 493 1162 530 Rebellio
1178 493 1368 529 Botaniatis
1383 494 1419 539 5,
1436 496 1468 533 1.

1010 541 1184 574 Romanae
1203 540 1289 574 aciei
1304 541 1387 575 ordo
1402 542 1459 586 40,
1475 542 1533 577 22.
1557 571 1562 576 .

1009 586 1154 622 Romani
1170 598 1190 620 a
1205 586 1330 621 Turcis
1346 587 1533 621 caeduntur
1548 585 1605 630 41,
1617 587 1676 624 21.

1008 632 1155 666 Romani
1183 632 1303 666 milites
1328 645 1370 667 ex
1390 633 1503 667 Alexii
1523 634 1644 668 castris
1667 633 1722 668 fu-

1055 679 1152 722 giunt
1163 679 1218 720 61,
1227 679 1286 713 20.
1455 717 1457 720 Α

1010 724 1155 760 Romani
1171 735 1338 768 generose
1352 727 1542 769 pugnantes
1552 749 1564 767 ‚
1585 723 1723 760 tandem

1057 769 1278 804 circumventi
1293 771 1480 805 caeduntur
1495 772 1552 814 76,
1570 773 1602 807 1.

1347 850 1388 886 S.

1010 907 1259 942 Saracenorum
1294 905 1366 941 late
1397 909 1521 952 patens
1548 905 1739 953 imperium!

1055 954 1100 987 26
1129 954 1163 987 6.
1540 964 1542 967 ’

1011 979 1183 1042 Scythae,
1199 998 1318 1033 audita
1331 997 1494 1043 Diogenis
1508 1001 1636 1040 morte,
1651 997 1724 1032 Oc·

1058 1045 1223 1078 uidentem
1238 1045 1403 1078 infestant
1417 1045 1474 1087 57,
1494 1047 1550 1082 18.

1012 1091 1165 1134 Scythae
1178 1096 1212 1124 et
1220 1091 1315 1124 Slavi
1325 1091 1496 1125 Romanas
1507 1090 1664 1134 regiones
1674 1089 1725 1123 in-

1058 1140 1197 1170 cursant
1221 1139 1297 1179 100,
1318 1138 1368 1171 16.
1414 1137 1489 1181 quis
1515 1148 1574 1170 eos
1597 1135 1728 1170 domuit

1059 1183 1137 1223 102,
1151 1181 1184 1216 5.
1233 1193 1254 1215 a
1269 1181 1440 1226 Bryennio
1463 1183 1571 1226 fugati
1598 1183 1674 1222 117,
1690 1181 1725 1219 5.

1057 1226 1168 1260 versis
1184 1226 1355 1261 Alexianis
1368 1228 1403 1261 in
1413 1228 1646 1272 Bryennianos
1661 1228 1727 1261 im-

1058 1277 1172 1318 petum
1203 1277 1344 1307 vertunt
1374 1274 1450 1317 139,
1474 1275 1507 1309 3.
1555 1274 1727 1307 Romanos

1057 1320 1143 1352 fines
1162 1319 1372 1353 incursantes
1387 1331 1408 1353 a
1423 1330 1489 1365 quo
1506 1324 1727 1354 coerceantur

1061 1365 1139 1407 157,
1161 1367 1214 1399 10.

1012 1410 1192 1445 Sententia
1207 1409 1314 1455 qualis
1329 1409 1362 1443 in
1377 1410 1509 1452 Annam
1523 1410 1671 1454 feratur,
1691 1413 1728 1445 et

1057 1457 1144 1492 illius
1161 1457 1314 1490 defensio
1331 1457 1388 1500 49,
1404 1456 1439 1491 3.
1480 1482 1485 1491 .

1014 1502 1110 1537 Slavi
1136 1507 1171 1536 et
1198 1502 1350 1547 Scythae
1376 1502 1548 1536 Romanas
1569 1502 1728 1547 regiones

1058 1550 1233 1583 incursant
1249 1549 1391 1589 1oo,17.
1438 1548 1513 1593 quis
1526 1560 1584 1583 eos
1598 1548 1728 1584 domuit

1062 1597 1139 1639 102,
1154 1595 1186 1629 5.
1236 1594 1315 1627 vide
1332 1594 1496 1637 Scythae.

1013 1640 1250 1685 Strangolipes
1277 1638 1426 1672 Persidis
1451 1640 1494 1674 fit
1517 1651 1579 1674 rex
1596 1641 1653 1681 29,
1673 1641 1728 1676 13.

1059 1687 1222 1720 Sultanus
1237 1685 1345 1718 dictus
1367 1685 1423 1726 29,
1439 1687 1495 1720 20.
1545 1686 1729 1728 Babylonis

1057 1732 1242 1778 principem
1267 1731 1373 1765 vincit
1394 1735 1430 1764 et
1454 1731 1577 1764 occidit
1599 1732 1656 1774 30,
1674 1732 1728 1767 15.

1060 1778 1229 1813 cuiusnam
1256 1787 1358 1811 suasu
1373 1777 1490 1822 copias
1504 1777 1539 1810 in
1555 1777 1728 1812 Romanos

1061 1824 1174 1857 mittat
1189 1824 1246 1865 31,
1259 1824 1314 1857 16.

1015 1870 1232 1914 Strategema
1261 1868 1374 1902 Alexii
1398 1868 1561 1912 Bryennii
1587 1871 1728 1904 mortem

1058 1915 1218 1960 fingentis
1234 1914 1315 1960 quid
1331 1914 1450 1949 Alexio
1466 1915 1636 1960 profuerit
1649 1916 1729 1960 139,

1013 2007 1175 2041 Sultanus
1201 2006 1369 2052 quomodo
1396 2007 1527 2040 tractat
1539 2005 1728 2051 Diogenem

1057 2054 1134 2100 imp.
1153 2053 1324 2099 captivum
1339 2052 1397 2094 44,
1415 2054 1473 2090 11.

1348 2131 1394 2166 Τ.

1012 2189 1281 2225 Tarachaniotes
1296 2189 1424 2222 frustra
1437 2188 1554 2234 petitis
1568 2189 1611 2223 ab
1622 2187 1727 2234 impe-

1058 2240 1174 2269 ratore
1205 2235 1338 2269 auxiliis
1366 2234 1400 2268 in
1424 2240 1539 2280 partes
1562 2234 1728 2280 Bryennii

1057 2282 1180 2315 transit
1197 2283 1273 2324 108,
1290 2282 1345 2315 20.

1013 2327 1188 2362 Theodoti
1226 2327 1364 2362 consilio
1403 2330 1561 2361 servatur
1589 2325 1728 2361 Alexius

1059 2375 1116 2416 62,
1133 2375 1166 2408 6.

1014 2420 1121 2454 Turci
1136 2418 1225 2453 unde
1240 2418 1307 2452 orti
1321 2419 1378 2461 26,
1394 2418 1428 2452 2.

1014 2465 1124 2501 Turci
1161 2466 1406 2498 Saracenorum
1439 2463 1611 2508 regionem
1637 2462 1727 2497 inse-

1060 2515 1155 2546 stant
1168 2511 1353 2544 latrociniis
1368 2511 1423 2552 27,
1439 2511 1472 2546 9.
1519 2510 1627 2543 curin
1642 2509 1724 2543 Per-

1058 2557 1164 2592 sidem
1188 2557 1334 2601 migrent
1356 2558 1413 2598 28,
1427 2558 1484 2590 20.
1531 2566 1599 2599 qua
1627 2566 1730 2589 occa-

1062 2603 1157 2637 sione
1191 2603 1263 2636 ausi
1295 2602 1421 2636 fuerint
1454 2613 1529 2635 cum
1566 2600 1729 2635 Romanis

1059 2649 1188 2684 bellare
1202 2650 1258 2690 30,
1275 2648 1307 2683 3.
1353 2647 1483 2681 illorum
1509 2646 1587 2681 belli
1603 2646 1637 2680 in
1653 2647 1727 2680 Ro·

1061 2706 1176 2731 manos
1202 2693 1398 2739 principium
1421 2693 1476 2733 31,
1499 2694 1555 2729 20.
1602 2693 1726 2726 Roma-

1060 2752 1123 2775 nos
1138 2740 1284 2774 caedunt
1299 2740 1355 2780 38,
1370 2740 1422 2773 18.
1470 2739 1585 2773 audita
1598 2738 1729 2782 Dioge-

1061 2787 1113 2822 nis
1128 2791 1236 2820 morte
1247 2785 1410 2820 infestant
1420 2784 1598 2819 Orientem
1607 2785 1661 2820 57.
1674 2785 1727 2819 16.

1062 2833 1234 2866 Romanos
1251 2843 1270 2864 e
1286 2830 1407 2865 castris
1423 2831 1532 2865 Alexii
1556 2829 1729 2874 fugientes

1062 2877 1284 2923 insequuntur
1300 2878 1357 2921 62,
1371 2876 1427 2912 41.
1463 2888 1522 2913 eos
1537 2877 1637 2922 fugat
1649 2875 1729 2912 Ale-
