1878 3262
272 218 337 266 42
752 217 976 262 IOANNIS
1010 217 1240 262 CINNAMI

267 313 519 390 3Ανδραχχιιᾶν
532 334 742 388 Περσικῶς
754 330 1034 386 ὠνομασμένον
1046 331 1146 384 ταχὺ
1160 329 1348 387 γεγονώς,
1375 332 1553 375 ἐνταῦθα
1576 331 1720 387 ἐστρα-

272 400 512 444 τοπεδεύετο.
557 404 684 442 ταῦτα
710 400 842 454 ἐπειδὴ
865 400 1054 453 βασιλεὺς
1077 398 1221 454 ’ἤκουσε
1232 431 1246 451 ,
1273 402 1498 457 παραυτίκα
1524 398 1722 452 διεκόσμει

272 470 318 511 τὸ
345 467 597 525 στράτευμα,
635 466 749 509 πόλιν
774 485 815 510 τε
834 466 1159 524 Ἀδριανούπολιν
1183 465 1361 524 ὑπερβὰς
1394 470 1616 524 (διαβαίνει
1642 467 1720 523 γὰρ

275 539 342 579 καὶ
366 539 407 586 ἐς
433 536 558 590 αὐτὴν
582 537 820 578 Λυκαονίαν
845 536 890 579 τὸ
917 535 1045 590 ὄνομα
1069 536 1218 588 τοῦτο)
1257 536 1298 578 ἕν
1335 553 1411 578 τινι
1445 534 1567 594 χώρῳ
1593 537 1632 576 Γ
1629 534 1722 577 άϊτα

274 605 405 658 ὄνομα
430 604 501 658 τὴν
526 604 783 661 παρεμβολὴν
809 603 1034 659 ἐποιήσατο.
1076 609 1126 660 τῇ
1151 605 1195 646 δ’
1222 602 1414 664 ὑστεραία
1441 603 1546 659 (ἤδη
1571 603 1646 659 γὰρ
1673 602 1754 645 οὗ5

275 671 412 729 πόρρω
439 672 688 727 ἀποσκηνοῦν
714 673 956 729 ἀμφοτέροις
980 672 1184 726 συνέβαινε
1209 678 1292 722 τοῖς
1316 670 1612 729 στρατεύμασι)
1648 687 1722 712 τα-

277 739 443 793 ξάμενος
467 739 719 797 προσώτερον
745 739 903 797 ἓχώρει,
930 739 1062 794 ἐπειδή
1088 758 1129 782 τε
1155 738 1277 794 ὁμόσε
1297 747 1382 790 τοῖς
1392 741 1574 797 Πέρσαις
1586 733 1723 793 ἦλθεν,

276 807 391 864 ἔργου
430 807 567 861 εἴχετο.
635 810 792 864 Πέρσαι
817 810 949 850 τοίνυν
973 810 1076 863 μηδὲ
1100 809 1172 863 τὴν
1197 806 1358 865 πρώτην
1377 807 1600 862 Ῥωμαίους
1622 805 1723 848 ὓπο-

278 875 440 926 στάντες
465 877 505 925 ἐς
526 874 741 932 ὑπαγωγὴν
766 876 932 919 ἔκλιναν.
1002 877 1039 919 οἱ
1066 877 1108 919 δὲ
1134 877 1237 918 κατὰ
1259 874 1388 919 νώτου
1416 877 1551 925 αὐτοῖς
1579 873 1726 932 ἐφεπό-

227 952 259 986 1)
281 961 391 998 μενοι
418 944 487 993 οὓς
510 945 582 997 μὲν
607 943 801 1002 ἀνῄρουν,
828 945 898 995 οὓς
924 945 967 986 δὲ
990 943 1195 1001 ἐζώγρουν.
1249 943 1271 987 ὃ
1298 946 1341 987 δὲ
1362 944 1534 987 σουλτὰν
1557 943 1603 986 οὗ
1625 940 1726 999 πρό-
1739 952 1782 986 10

278 1029 392 1069 τερον
418 1013 535 1066 ἀνῆκε
562 1011 717 1069 φεύγων
742 1014 834 1069 πρὶν
859 1012 886 1068 ἢ
911 1014 1199 1070 τεταραγμένος
1224 1014 1264 1063 ἒς
1284 1011 1444 1055 Ἰκόνιον
1466 1011 1598 1054 ἐλθών
1618 1011 1728 1060 ἐντὸς

279 1081 436 1134 τειχέων
450 1082 657 1122 εἴσπεσεΐν·
684 1079 818 1135 ἐπειδή
843 1099 884 1123 τε
909 1080 987 1135 ἤδη
1014 1082 1054 1123 ἓν
1079 1086 1138 1139 τῷ
1159 1082 1338 1138 ἀσφαλεῖ
1344 1079 1580 1135 καθεστήκει
1589 1112 1602 1130 ,
1626 1083 1727 1133 βου-

281 1149 354 1202 λὴν
377 1146 609 1202 βουλεύεται
634 1147 804 1191 τοιάνδε.
870 1150 999 1202 μένειν
1023 1150 1097 1203 μὲν
1122 1150 1257 1191 ἔνδοθι
1283 1148 1459 1191 οὐπάνυ
1485 1166 1523 1191 τι
1548 1146 1726 1203 ἐθάρρει,

281 1215 336 1266 ὥς
371 1216 428 1271 μὴ
467 1218 645 1258 ἐνταῦθα
681 1219 944 1267 κατακλείσας
975 1216 1117 1260 ἑαυτὸν
1143 1215 1330 1274 ἀπρόϊτον
1354 1220 1608 1274 πολιορκοῦσι
1628 1213 1728 1257 Ῥω-

163 1294 193 1324 V
220 1293 262 1327 19
283 1286 418 1339 μαίοις
437 1282 674 1340 ἐργάσηται,
702 1284 833 1334 ἄλλως
857 1302 898 1327 τε
924 1287 990 1327 καὶ
1015 1286 1060 1328 τὸ
1086 1290 1158 1328 τοῦ
1182 1287 1355 1341 πολέμου
1380 1287 1492 1335 τέλος
1517 1285 1589 1326 οὒκ
1615 1283 1728 1332 εἲδιὺς
1740 1286 1783 1322 15

279 1356 335 1402 εἷς
361 1351 382 1393 ὅ
408 1370 446 1394 τι
471 1351 593 1407 τύχης
618 1353 729 1410 αὐτῷ
753 1351 1053 1410 περιστήσεται,
1078 1355 1120 1396 ἐν
1145 1358 1270 1412 στενῷ
1293 1357 1576 1411 περισχεθῆναι
1599 1349 1727 1405 ἀξύμ-

279 1437 407 1478 φορον
445 1419 557 1477 ᾤετο.
625 1422 691 1463 καὶ
718 1421 767 1476 δὴ
794 1420 839 1463 τὸ
864 1422 937 1475 μὲν
963 1426 1036 1464 τοῦ
1061 1421 1360 1478 στρατεύματος
1384 1423 1446 1463 ἐπὶ
1473 1424 1633 1478 φυλακῇ
1659 1423 1730 1473 τῆς

278 1487 429 1538 πόλεως
455 1488 584 1539 ἔταξε,
623 1489 668 1531 τὸ
736 1489 748 1504 ²
791 1488 889 1531 ἄλλο
929 1492 1022 1544 διχῆ
1048 1491 1185 1533 διελὼν
1210 1490 1255 1532 τὸ
1280 1491 1354 1545 μὲν
1378 1489 1481 1532 κατὰ
1505 1487 1633 1531 νώτου
1658 1491 1730 1541 τῆς

164 1564 191 1597 Ρ
215 1562 259 1599 24
284 1555 434 1606 πόλεως
472 1557 534 1597 ἐπὶ
572 1560 645 1598 τοῦ
682 1555 902 1607 κατάντους
939 1557 1121 1613 ἔστησεν,
1160 1557 1183 1600 δ’
1218 1559 1261 1600 δὲ
1286 1558 1406 1608 αὐτὸς
1431 1557 1531 1611 ἔχων
1555 1557 1597 1598 ἔν
1621 1558 1731 1614 δεξιᾷ

282 1623 530 1681 παρετάξατο
570 1629 620 1680 τῇ
657 1629 730 1667 τοῦ
767 1624 887 1682 ὄρους
911 1624 1120 1683 ὀχυρότητι
1144 1625 1320 1680 μάλιστα
1346 1623 1571 1675 πεποιθώς,
1610 1622 1633 1666 ὃ
1655 1632 1788 1677 ,ηε-ΞΟ

281 1692 379 1743 ταξύ
407 1691 557 1742 πόλεως
578 1693 739 1734 Ἰκονίου
767 1695 832 1734 καὶ
857 1698 931 1735 τοῦ
956 1696 1151 1751 φρουρίου
1178 1693 1401 1747 Καβάλλας
1423 1691 1650 1748 ὑπερτείνει.

417 1760 462 1804 6.
530 1761 689 1816 Πέρσαι
713 1762 787 1815 μὲν
813 1755 883 1803 οὖν
909 1762 950 1803 ἓν
974 1761 1130 1812 τούτοις
1153 1757 1276 1816 ἦσαν·
1313 1760 1504 1816 βασιλεὺς
1530 1760 1572 1801 δὲ
1597 1759 1731 1812 ἐπειδὴ

283 1828 382 1886 πρὸς
407 1832 457 1885 τῇ
482 1827 786 1889 Καβάλλαῆδη
813 1830 959 1885 ἐγένετο
967 1861 981 1881 ,
1021 1831 1209 1890 δαιμονίᾳ
1243 1831 1318 1872 τινὶ
1354 1828 1602 1883 κεκινημένος
1626 1826 1733 1884 ὁρμῇ

283 1981 425 2014 nemque
454 1968 697 2003 Andracbmam
727 1980 747 2003 a
772 1969 885 2003 Persis
909 1973 1132 2015 nuncupatam
1146 1968 1274 2014 magnis
1287 1968 1461 2003 itineribus
1476 1967 1591 2013 petiit,
1619 1966 1731 2012 ibique

285 2020 397 2049 castra
414 2016 531 2060 posuit.
579 2014 612 2047 id
629 2019 806 2059 postquam
822 2017 952 2060 accepit
965 2016 1168 2060 imperator,
1198 2019 1361 2060 apparato
1378 2014 1553 2047 confestim
1570 2013 1731 2054 exercitu,

287 2062 402 2094 urbem
420 2060 663 2105 Adrianopolim
678 2072 915 2105 supergressus
933 2061 1044 2106 (istud
1061 2061 1184 2107 quippe
1198 2060 1337 2094 nominis
1351 2060 1392 2094 ad
1409 2059 1610 2102 Lycaoniam
1625 2070 1732 2102 usque

288 2106 483 2149 excurrit),
511 2106 546 2139 in
575 2105 717 2150 quadam
745 2106 917 2149 regione„
934 2118 1033 2151 quam
1064 2108 1201 2143 Gaitam
1231 2109 1368 2147 vocant,
1399 2105 1485 2138 fixit·
1501 2104 1732 2142 tabernacula,

286 2155 421 2196 postera
447 2150 518 2193 die,
550 2162 624 2184 cum
639 2151 705 2184 levi
718 2151 833 2196 utique
849 2152 1023 2185 intervallo
1040 2158 1182 2196 utraque
1198 2151 1416 2185 derimeretur
1433 2150 1551 2189 κοῖος,
1569 2149 1732 2183 instructo

286 2196 415 2239 agmine
426 2222 436 2238 ‚
466 2195 584 2229 castris
598 2196 750 2239 excedit,
780 2197 951 2241 signisque
965 2209 1038 2231 cum
1054 2198 1203 2231 hostibus
1221 2196 1365 2239 collatis,
1394 2195 1556 2240 praelium
1568 2194 1642 2228 init.
1689 2205 1731 2228 ac

287 2242 413 2275 Persae
426 2240 560 2285 quidem
576 2240 713 2285 primum
729 2242 951 2276 Romanorum
968 2254 1034 2276 non
1054 2243 1257 2276 sustinentes
1279 2241 1457 2286 impetum,
1488 2240 1532 2273 ad
1559 2244 1731 2284 receptum

285 2298 362 2322 sese
385 2292 589 2331 comparant.
637 2286 763 2319 instant
785 2293 902 2320 contra
926 2289 1067 2321 Romani
1082 2300 1103 2322 a
1119 2293 1234 2332 tergo,
1265 2286 1348 2320 alios
1369 2285 1542 2327 occidunt,
1573 2285 1655 2318 alios
1673 2297 1733 2319 ca-

287 2332 384 2377 piunt
409 2332 516 2365 vivos.
564 2331 725 2365 Sultanus
751 2343 814 2364 non
841 2337 919 2366 ante
934 2333 1062 2366 destitit
1076 2344 1096 2366 a
1112 2334 1190 2377 fuga
1202 2361 1211 2377 ‚
1242 2343 1338 2376 quam
1354 2331 1526 2375 perculsus
1540 2336 1629 2364 metu
1643 2331 1733 2365 intra

286 2377 389 2411 iconii
413 2377 542 2410 moenia
556 2387 632 2409 sese
645 2376 838 2410 abdidisset.
885 2378 942 2411 sed
960 2390 1067 2422 neque
1081 2379 1127 2413 ibi
1140 2379 1247 2412 adbuc
1260 2377 1293 2410 in
1309 2381 1381 2410 tuto
1396 2376 1540 2420 positus,
1572 2377 1655 2410 haec
1675 2387 1731 2410 se—

286 2435 361 2456 cum
384 2423 490 2456 animo
514 2422 634 2458 volvit.
681 2433 753 2455 cum
769 2434 887 2466 nempe
902 2429 1077 2457 vereretur
1089 2452 1097 2467 ‚
1129 2436 1171 2457 ne
1185 2423 1213 2457 si
1227 2423 1312 2456 intra
1326 2421 1455 2455 moenia
1470 2432 1544 2454 sese
1560 2427 1733 2466 pateretur

286 2468 429 2510 includi,
460 2467 616 2501 Romanis
642 2468 757 2500 urbem
780 2467 951 2501 obsidione
975 2469 1206 2511 cingentibus,
1237 2467 1345 2501 nullus
1366 2466 1431 2499 sibi
1445 2473 1636 2510 superesset
1651 2477 1732 2500 eva·

286 2513 385 2546 dendi
411 2514 522 2546 locus:
553 2513 716 2557 ancipites
732 2518 907 2557 praeterea
923 2518 1032 2547 mente
1047 2525 1184 2547 versans
1199 2514 1358 2547 bellorum
1375 2516 1536 2554 eventus,
1567 2511 1731 2545 incertus—

287 2570 354 2602 que
379 2570 445 2602 quo
473 2558 672 2592 inclinatura
695 2564 787 2591 esset
808 2559 960 2601 fortuna,
989 2565 1134 2601 angusto
1151 2558 1300 2593 coerceri
1313 2557 1386 2591 loco
1405 2556 1493 2589 haud
1509 2562 1732 2601 opportunum

286 2603 525 2637 arbitrabatur.
572 2603 686 2648 itaque
711 2603 828 2637 relicto
851 2604 892 2636 ad
914 2604 1115 2647 praesidium
1132 2604 1278 2638 civitatis
1293 2603 1412 2636 idoneo
1429 2602 1565 2635 militum
1583 2613 1733 2644 numero,

286 2649 433 2692 reliquos
461 2649 613 2682 bifariam
641 2649 768 2684 dividit.
814 2654 941 2693 partem
965 2659 1062 2682 unam
1085 2660 1104 2682 a
1130 2656 1227 2694 tergo
1243 2648 1357 2690 urbis,
1386 2647 1460 2680 loco
1489 2646 1614 2689 arduo,
1643 2652 1733 2680 stare

286 2694 395 2728 iubet:
426 2694 539 2736 aliam,
573 2694 626 2728 cui
650 2694 724 2739 ipse
750 2698 926 2738 praeerat,
957 2694 999 2728 ad
1025 2694 1195 2727 dexteram
1219 2694 1326 2735 locat,
1360 2693 1466 2726 fretus
1487 2692 1626 2726 maxime.
1641 2692 1732 2737 posi-

288 2739 382 2773 tione
396 2739 515 2773 montis
527 2764 536 2782 ,
568 2739 624 2783 qui
639 2739 783 2772 Iconium
799 2739 1037 2782 Oabailamque
1051 2745 1194 2774 castrum
1205 2739 1391 2773 interiacet.

379 2787 413 2820 6.
457 2784 543 2818 Dum
558 2785 642 2818 haec
658 2786 845 2827 agebantur
858 2784 948 2829 apud
964 2785 1087 2817 Persas
1098 2810 1107 2826 ‚
1133 2784 1286 2829 pervenit
1300 2783 1479 2827 imperator
1493 2782 1533 2815 ad
1549 2782 1732 2825 eabaunm,

288 2831 401 2875 ibique
423 2829 536 2864 nescio
560 2841 626 2875 quo
651 2836 763 2863 oestro
786 2830 954 2874 percitus,
983 2830 1016 2863 in
1033 2830 1206 2863 Suitanum
1222 2829 1380 2862 invadere
1394 2828 1560 2862 decrevitz
1591 2829 1649 2861 sed
1665 2837 1732 2872 quo
