1878 3262
494 641 637 712 AD
707 638 1325 754 LECTOREM.

171 951 382 1022 Exsolvo
422 993 529 1020 nunc
566 977 764 1036 promissi
799 976 947 1031 fidem,
995 972 1242 1034 qfifl'm'ante
1274 973 1511 1028 biennium,
1556 990 1650 1017 cum

170 1048 468 1105 Palaephatum
496 1046 683 1101 ederem,
712 1047 765 1089 de
785 1046 1035 1106 publicando
1058 1049 1185 1089 etiam
1210 1046 1412 1089 Cinnamo
1435 1045 1553 1097 dedi,
1587 1046 1651 1086 le-
1692 1076 1694 1078 ψ

166 1118 259 1158 'ctor
274 1117 405 1158 amice
424 1124 465 1158 et
482 1118 700 1160 benevole.
769 1119 943 1174 scriptor
959 1118 1017 1170 is,
1050 1131 1123 1158 seu
1143 1118 1280 1170 regius
1292 1149 1302 1168 ,
1333 1124 1378 1157 ut
1396 1130 1441 1157 se
1459 1117 1550 1172 ipse
1569 1110 1651 1156 vo-

171 1187 257 1238 cat,
297 1185 622 1239 Grammaticus,
665 1187 871 1228 memoria
897 1200 997 1228 sane
1028 1193 1069 1227 et
1095 1188 1336 1243 posteritate
1369 1180 1650 1238 dignissimus,

169 1256 304 1298 vitam
322 1254 491 1297 Ioannis
511 1254 733 1307 Comneni,
758 1255 1021 1313 imperatoris
1041 1254 1507 1312 Constantinop'olitani,
1533 1253 1652 1294 brevi

170 1323 418 1381 compendio
444 1324 635 1365 tradidit:
672 1323 747 1366 sed
776 1325 998 1382 imperium
1030 1338 1076 1364 ac
1107 1339 1174 1365 res
1209 1332 1346 1377 gestas
1378 1324 1455 1364 filii
1490 1322 1579 1363 eius
1609 1329 1652 1362 et

171 1394 420 1435 successoris
454 1392 682 1446 Mauue'lis,
723 1394 789 1434 cui
820 1408 895 1451 per
921 1393 1063 1434 Asiam
1094 1401 1215 1449 atque
1244 1392 1455 1449 Europam
1483 1390 1653 1432 bellanti

170 1460 412 1504 adolescens
442 1461 671 1504 admodum
699 1476 839 1503 comes
862 1460 1012 1514 adfuit,
1043 1462 1157 1503 cuius
1182 1460 1287 1502 sacta
1309 1463 1503 1519 pleraque
1524 1459 1654 1502 oculis

170 1530 257 1572 suis
276 1529 404 1583 vidit,
431 1531 554 1585 longa
573 1531 680 1572 serie
698 1539 939 1588 prosecutus
959 1538 1035 1572 est.
1106 1529 1231 1571 dictio
1252 1531 1341 1571 eius
1360 1544 1462 1587 pura
1481 1544 1528 1570 ac
1546 1537 1656 1585 tersa

170 1600 291 1652 satis,
321 1599 547 1652 Herodoti,
576 1599 876 1657 Xenophontis
890 1631 901 1652 ‚
930 1601 1186 1656 aliorumque
1209 1600 1364 1644 veteris
1388 1598 1586 1641 Graeciae
1608 1598 1655 1638 in

167 1668 343 1709 historia
362 1669 613 1727 principum,
648 1670 833 1710 aemula:
867 1676 914 1709 ut
930 1670 1000 1711 vel
1018 1669 1096 1709 hac
1117 1670 1253 1710 solum
1273 1670 1425 1710 virtute
1444 1669 1654 1709 immenso

167 1744 266 1794 post
301 1751 348 1778 se
386 1739 522 1795 spatio
563 1738 766 1794 relinquat
802 1737 1000 1792 Glycam‚
1048 1736 1365 1780 Constantinum
1397 1737 1651 1786 Manassem,

167 1805 369 1847 Tzetzem
380 1838 391 1858 ‚
417 1806 663 1849 Choniatem
679 1807 870 1850 Nicetam
881 1838 892 1858 ,
921 1815 963 1848 et
980 1807 1050 1863 qui
1068 1807 1140 1848 alii
1159 1808 1250 1848 eius
1267 1821 1393 1857 aevo,
1425 1814 1496 1847 aut
1513 1806 1652 1862 paullo

168 1882 286 1930 post,
322 1876 520 1932 scripsere
551 1875 703 1917 tumidi
725 1877 919 1918 homines
941 1883 984 1917 et
1006 1876 1221 1917 salebrosi.
1288 1874 1417 1916 fidem
1437 1875 1652 1931 profitetur

167 1942 465 2000 incorruptam,
511 1944 601 1986 sine
628 1959 769 1986 amore
798 1946 1061 2000 cuiusquam,
1105 1946 1195 1985 sine
1232 1942 1355 1995 odi03
1401 1956 1650 1999 quamquam

166 2010 444 2064 indulgentior
458 2013 574 2054 visus
592 2021 656 2054 est
675 2013 922 2069 quibusdam
939 2014 983 2053 in
1003 2011 1209 2054 laudando
1228 2012 1443 2064 Manue'le,
1474 2012 1650 2069 deprae-

169 2077 428 2136 dicandoque
451 2082 613 2134 magnis
643 2083 778 2133 ausis,
815 2096 940 2138 saepe
977 2082 1104 2122 etiam
1125 2082 1377 2133 temerariis,
1411 2089 1649 2138 promptum

168 2148 259 2190 eius
288 2150 498 2200 animum3
533 2164 626 2190 cum
652 2158 791 2190 tamen
816 2151 922 2190 hanc
951 2164 976 2189 a
1007 2164 1054 2191 se
1086 2158 1127 2191 et
1154 2151 1340 2207 principe
1367 2165 1442 2191 suo
1463 2158 1649 2192 avertere

169 2217 450 2275 suspicionem
479 2226 667 2270 conetur,
702 2218 901 2275 producta
929 2217 983 2258 ad
1006 2221 1243 2276 exemplum
1263 2218 1485 2260 Alexandri
1506 2218 1652 2271 Magni

169 2292 212 2326 et
243 2287 494 2342 reliquorum
522 2286 716 2338 audacia,
754 2288 824 2343 qui
853 2288 984 2340 gloria
1015 2289 1186 2340 sublati,
1221 2289 1399 2345 pericula
1419 2289 1463 2328 in
1483 2288 1652 2344 praeliis

169 2367 245 2395 sua
268 2369 379 2407 esse,
415 2371 500 2396 non
521 2357 723 2407 militum,
759 2357 990 2397 voluerunt.
1061 2356 1260 2413 quidquid
1286 2358 1359 2408 sit,
1391 2357 1522 2397 habes
1545 2364 1653 2397 certe

170 2431 332 2464 erutum
348 2425 528 2465 tenebris
549 2438 595 2464 ac
616 2439 773 2465 carcere
795 2439 915 2466 caeco
939 2426 1132 2467 omnibus
1156 2427 1394 2482 aequalibus
1417 2426 1584 2478 ingenio
1615 2431 1657 2465 et

170 2492 352 2532 claritate
373 2506 447 2533 sua
463 2495 766 2549 praelucentem
785 2495 1048 2551 scriptorem3
1085 2502 1147 2545 et,
1185 2494 1296 2550 quod
1315 2495 1466 2545 habes,
1502 2494 1654 2547 gratias

169 2560 249 2600 hoc
272 2574 372 2613 ages
391 2563 562 2602 nomine
589 2561 816 2603 industriae
839 2571 879 2603 et
906 2563 1140 2604 liberalitati
1170 2564 1419 2620 amplissimi
1444 2571 1566 2618 atque
1587 2562 1656 2602 in-

170 2628 257 2668 cliti
274 2630 458 2671 nominis
476 2630 558 2671 viri
575 2629 749 2674 ISAACI
765 2631 976 2683 VOSSII,
1014 2631 1084 2686 qui
1107 2646 1203 2672 eum
1219 2646 1242 2672 e
1264 2631 1405 2673 codice
1425 2631 1654 2673 Vaticanae

170 2696 445 2739 bibliothecae
461 2700 713 2756 exscriptum
730 2700 957 2741 maioribus
981 2698 1184 2742 distentus
1205 2701 1310 2742 curis
1329 2701 1454 2751 mihi,
1491 2708 1535 2740 ut
1553 2699 1655 2740 iuris

171 2766 348 2806 facerem
381 2767 554 2823 publici,
590 2767 783 2809 donavit:
817 2783 961 2809 meum
984 2770 1021 2809 si
1042 2769 1088 2809 in
1107 2769 1307 2811 vertendo
1329 2768 1654 2823 illustrandoque

169 2831 354 2877 studium
374 2835 503 2879 modo
523 2837 764 2892 agnoveris,
794 2839 979 2897 amplum
995 2838 1097 2880 satis
1120 2839 1340 2882 collocatae
1363 2851 1513 2895 operae
1530 2850 1651 2894 prae-
