1878 3262
230 247 294 294 54
714 242 938 287 IOANNIS
972 241 1202 286 CINNAMI

228 364 370 404 τοῦτον
388 356 519 402 εῗσιῶν
536 352 770 413 συνῆκμασὲ
783 372 826 399 τε
844 356 956 414 αῧτῷ
973 355 1039 398 καὶ
1058 351 1336 413 συνανετράφη
1354 355 1589 410 μονονουχῖ,
1608 351 1686 408 ἤδη

231 431 275 472 δὲ
292 431 358 471 καὶ
377 430 432 477 εἷς
449 426 544 476 τοὺς
561 428 711 476 παῖδας
726 424 965 478 τούς-αὖτοῦ
976 421 1163 480 καθάπερ
1182 441 1243 474 τις
1259 428 1444 482 πατρῷος
1462 425 1574 478 διέβη
1589 426 1687 476 κλῆ-

229 514 311 554 ρος.
380 494 485 537 ἀλλὰ
502 493 552 536 τὰ
570 493 644 548 μὲν
661 494 750 550 περὶ
766 491 919 536 τούτων
937 490 958 535 ὅ
977 491 1093 548 λόγος
1111 491 1202 546 ἑξῆς
1220 490 1447 547 διηγήσεται
1463 489 1626 548 προϊών.

366 562 411 607 8.
479 561 679 612 Βασιλεὺς
697 562 740 603 δὲ
768 560 977 618 (ἐπάνειμι
994 560 1071 617 γὰρ
1090 559 1187 603 ὅθεν
1205 559 1277 614 τὴν
1295 559 1463 614 ἐκβολὴν
1478 563 1550 601 τοῦ
1567 556 1688 614 λόγου

229 628 508 686 ἐποιησάμην)
544 629 678 684 ἐπειδὴ
707 628 750 672 αἱ
775 630 888 687 παρὰ
904 633 963 687 τῷ
979 628 1238 686 στρατοπέδῳ
1256 626 1389 684 ὥσπερ
1409 626 1509 683 ἔφην
1526 627 1687 680 συνέμι-
1698 637 1720 673 5

228 703 302 751 ξαν
326 698 404 754 ἤδη
434 695 564 756 τούτῳ
592 695 801 753 δυνάμεις,
837 701 894 756 τῷ
919 696 1068 753 πλήθει
1085 695 1303 754 θαρσήσας
1326 692 1630 738 καθιππεύσατό
1647 711 1690 736 τε

228 762 352 816 αὖθις
387 770 467 809 τῶν
501 767 700 820 πολεμίων
734 768 800 808 καὶ
826 766 1014 822 γενναίων
1042 764 1263 821 αὐτουργὸς
1289 763 1459 821 γεγονὼς
1483 762 1691 820 ἀριστείων

229 834 549 890 συντεταγμένως
574 835 713 877 λοιπὸν
731 835 792 876 ἐπὶ
810 835 855 877 τὸ
873 831 1144 890 στρατόπεδον
1161 827 1267 888 ἧκεν.
1335 831 1492 888 ὄρθρου
1519 831 1563 873 δὲ
1589 830 1692 872 ἀνα-

227 903 328 953 στὰς
344 900 442 944 ὁδοῦ
461 901 601 956 εἴχετο.
668 902 828 960 Πέρσαι
848 903 980 944 τοίνυν
1016 901 1203 958 (ἔγγιστα
1220 898 1298 957 γάρ
1316 916 1393 942 που
1413 900 1479 941 καὶ
1498 893 1608 941 οὗτοι
1627 899 1692 940 ἒν-

179 979 210 1013 C
231 968 664 1028 στρατοπεδευσάμενοι
691 969 857 1026 ἔτυχον)
896 971 990 1027 περί
1003 987 1092 1012 τινα
1111 970 1338 1026 δυσχωρίαν
1357 961 1480 1017 αὖθις
1494 968 1690 1023 γενομένῳ
1703 977 1748 1012 10

226 1043 285 1096 τῷ
314 1037 522 1093 Ῥωμαίων
556 1042 716 1096 στρατῷ
752 1040 795 1081 ἐκ
830 1042 904 1082 τοῦ
936 1037 1036 1095 παρ’
1067 1036 1236 1094 ἑκάτερα
1264 1037 1492 1090 ἐπιθέμενοι
1518 1037 1694 1091 ἰσχυρῶς

227 1105 393 1161 ἴθλιβον
404 1138 417 1158 ,
436 1104 499 1148 ὅτε
520 1107 570 1162 δὴ
590 1108 656 1149 καὶ
674 1106 848 1157 πολλοὺς
863 1110 944 1149 τῶν
962 1107 1005 1148 ἐκ
1022 1108 1189 1158 πεζικῶν
1207 1102 1438 1160 καταλόγων
1459 1109 1591 1145 πεσεῖν
1608 1103 1693 1158 ἐγέ-

226 1191 314 1217 νετο
341 1176 383 1224 ἒξ
411 1174 542 1225 αἰτίας
566 1176 743 1218 τοιᾶσδε.
811 1170 861 1229 ἦν
878 1191 939 1225 τις
956 1175 997 1216 ἓν
1018 1178 1076 1232 τῷ
1085 1172 1295 1227 Ῥωμαίων
1313 1173 1572 1230 στρατοπέδῳ
1591 1171 1693 1227 ἀνὴρ

228 1242 387 1298 ἀγαθὸς
420 1241 474 1284 τὰ
500 1243 671 1297 πολέμια
698 1236 731 1300 ᾧ
756 1240 989 1300 Κριτόπλης
1014 1243 1216 1296 ἐπίκλησις
1242 1241 1379 1283 ἔκειτο.
1447 1233 1565 1289 οὗτος
1591 1239 1641 1293 δὴ
1672 1236 1695 1280 ὅ

227 1310 328 1367 ἀνὴρ
347 1311 512 1361 πεζικῶν
528 1311 601 1365 μὲν
619 1315 678 1368 τῷ
695 1309 782 1353 τότε
802 1309 1010 1365 δυνάμεων
1035 1305 1155 1367 ἦρχε·
1190 1309 1264 1364 τὴν
1287 1306 1400 1358 τάξιν
1417 1324 1459 1350 τε
1476 1307 1692 1364 παρεκκλί-
1706 1315 1749 1351 15

227 1395 302 1428 νας
327 1379 511 1435 Πέρσαις
536 1380 580 1420 ἔκ
605 1382 678 1421 τοῦ
696 1379 837 1433 σχεδὸν
856 1377 1063 1432 ἑπομένοις
1080 1380 1136 1427 εἰς
1149 1383 1289 1434 χεῖρας
1305 1371 1410 1431 ἦλθε
1421 1407 1435 1427 ,
1469 1379 1528 1433 τῷ
1546 1373 1696 1429 πλήθει

227 1463 270 1489 τε
287 1447 477 1501 βιασθεὶς
493 1448 549 1497 εἷς
567 1446 698 1503 φυγὴν
717 1445 1060 1503 ἅπαρακάλυπτον
1078 1445 1223 1500 ἔβλεψε
1234 1477 1248 1497 ,
1277 1443 1406 1502 τούτῳ
1423 1460 1466 1486 τε
1483 1447 1541 1501 τῷ
1558 1441 1696 1501 τρόπῳ

228 1514 403 1564 πολλοὺς
427 1518 508 1556 τῶν
536 1515 645 1572 ἄμφ’
669 1515 790 1557 αὐτὸν
820 1513 1110 1569 ἀποβεβληκὼς
1129 1512 1246 1568 μόγις
1263 1511 1443 1564 ἐσώζετο.
1512 1510 1610 1569 ὅπερ
1629 1512 1697 1553 αἶ-

228 1580 431 1635 σθόμενος
457 1579 479 1623 ὃ
505 1581 766 1640 αὐτοκράτωρ
792 1582 866 1637 τὴν
885 1582 997 1639 ἀμφ’
1020 1581 1142 1624 αὐτὸν
1162 1579 1351 1638 φάλαγγα
1369 1584 1427 1637 τῷ
1444 1579 1610 1637 ἀδελφῷ
1627 1597 1697 1621 πι-

228 1647 401 1699 στεύσας
418 1648 556 1700 ἄλλοις
571 1667 613 1692 τε
631 1654 712 1692 τῶν
727 1649 1010 1706 γνησιωτάτων
1027 1653 1212 1699 πολλοῖς,
1250 1648 1374 1698 αὐτὸς
1390 1647 1465 1690 σὺν
1484 1648 1631 1703 ὀλίγοις
1648 1647 1751 1690 τὸΞΟ

177 1721 210 1757 D
233 1716 454 1772 πεπονηκὸς
469 1722 543 1760 τοῦ
559 1723 735 1774 στρατοῦ
753 1716 1061 1773 ἀνακτήσασθαι
1080 1717 1273 1772 ἠπείγετο.
1340 1716 1382 1766 ἐς
1398 1716 1547 1769 μέσους
1563 1717 1698 1758 τοίνυν

231 1785 380 1835 αὐτοὺς
406 1785 625 1842 παρελθὼν
650 1788 795 1840 στῆναί
808 1803 849 1828 τε
866 1786 1110 1842 θαρσαλέως
1136 1782 1409 1827 ε’νεκελεύσατο
1428 1785 1495 1824 καὶ
1512 1784 1698 1839 Πέρσαις

230 1853 477 1908 ἀντεπεξῆγε.
546 1852 643 1911 ὅπερ
672 1855 810 1896 ἐκεῖνοι
837 1851 1155 1908 κατανοήσαντες
1180 1853 1309 1894 οὐκέτι
1337 1851 1415 1894 ἀπὸ
1440 1851 1576 1908 χειρὸς
1595 1850 1696 1894 Ῥω-

231 1922 368 1976 μαιόις
393 1919 603 1975 ἐμάχοντο.
670 1926 729 1980 τῷ
759 1923 803 1964 δὲ
827 1926 993 1977 βασιλεῖ
1014 1921 1193 1975 ἐπιμελὲς
1217 1917 1383 1976 ἐγεγόνει
1401 1917 1509 1969 ὅπως
1527 1918 1576 1962 ἂν
1594 1919 1696 1962 ἀνα-

323 2016 382 2052 22.
413 2013 596 2061 Πέρσαις]
619 2016 707 2051 cod.
730 2014 890 2062 Πέρσας.

232 2092 411 2128 invadendi
434 2093 497 2128 iam
523 2094 650 2140 pridem
670 2095 780 2130 virum
801 2095 977 2130 invaserat
991 2094 1115 2137 libido,
1145 2094 1406 2139 adoleveratque
1419 2118 1429 2135 ‚
1461 2096 1501 2127 ut
1514 2093 1564 2128 ita
1578 2092 1696 2137 dicam,

234 2142 272 2172 et
287 2149 360 2171 cum
375 2138 449 2183 ipso
465 2141 579 2173 fuerat
594 2141 739 2175 enutrita
750 2167 760 2183 ‚
790 2141 882 2175 unde
896 2140 1104 2186 postmodum
1119 2140 1156 2174 in
1169 2141 1294 2175 liberos
1307 2140 1440 2186 patriae
1452 2139 1560 2173 instar
1574 2140 1696 2174 baere-

234 2183 353 2217 ditatis
369 2186 538 2218 transfusa
555 2190 616 2219 est.
663 2186 724 2220 sed
740 2187 825 2220 haec
839 2198 860 2221 a
875 2186 971 2220 nobis
986 2186 1143 2231 deinceps
1158 2186 1515 2220 commemorabuntur.

328 2230 361 2263 8.
407 2229 616 2275 Imperator,
649 2235 688 2264 ut
712 2243 753 2264 eo
770 2231 857 2265 unde
872 2231 1014 2266 deflexit
1026 2237 1220 2266 revertatur
1235 2231 1343 2264 oratio
1354 2256 1364 2273 ,
1394 2230 1562 2264 adiunctis
1577 2230 1627 2264 uti
1641 2230 1696 2264 di-

235 2273 343 2308 ximus
367 2285 454 2319 quae
477 2287 497 2309 e
520 2275 639 2309 castris
664 2276 870 2310 advenerant
895 2277 1020 2322 copiis,
1050 2289 1188 2312 numero
1203 2276 1375 2311 confidens
1387 2286 1519 2309 rursum
1532 2276 1566 2309 in
1581 2276 1698 2310 hostes

235 2330 313 2353 sese
337 2319 460 2362 insert3
491 2321 659 2365 editisque
683 2322 866 2366 praeclaris
881 2322 929 2355 ibi
943 2322 1167 2364 facinoribus,
1197 2321 1382 2367 composito
1402 2321 1536 2364 agmine
1548 2322 1697 2355 reverti-

238 2368 294 2398 tur
309 2365 344 2398 in
361 2370 490 2407 castra,
520 2366 665 2410 indeque
689 2367 852 2411 postridie
870 2368 932 2400 sub
948 2379 1102 2402 auroram
1117 2368 1267 2401 discedit.
1314 2371 1350 2399 at
1374 2365 1525 2411 Persae,
1554 2378 1696 2411 quorum

238 2409 328 2443 haud
354 2412 469 2456 procul
496 2412 638 2445 aberant
661 2412 771 2451 acies,
800 2413 971 2446 Romanos
995 2414 1051 2457 qui
1065 2424 1195 2447 rursum
1209 2413 1245 2446 in
1258 2411 1387 2446 difficili
1401 2412 1545 2456 quodam
1560 2413 1699 2446 stabant

239 2455 316 2489 loco
332 2457 375 2490 ab
392 2460 535 2501 utraque
551 2462 648 2502 parte
663 2457 791 2497 adorti,
825 2458 1000 2491 nonnullos
1017 2471 1036 2492 e
1051 2459 1221 2504 peditibus
1238 2458 1410 2498 cecidere,
1442 2458 1536 2492 cuius
1561 2458 1696 2502 quidem

239 2500 343 2534 cladis
359 2513 401 2535 ea
415 2506 573 2536 narratur
588 2513 700 2536 eausa.
747 2502 800 2535 vir
824 2507 899 2536 erat
923 2503 957 2536 in
981 2504 1207 2538 Romanorum
1222 2503 1373 2538 exercitu
1388 2503 1487 2536 armis
1504 2513 1586 2548 prae
1601 2508 1696 2537 cete-

239 2545 288 2579 ris
316 2551 492 2589 strenuus,
523 2548 578 2581 cui
606 2559 726 2581 nomen
755 2547 944 2593 Crstoples,
977 2549 1080 2593 copiis
1095 2550 1224 2594 aliquot
1236 2548 1448 2594 pedestribus
1470 2549 1694 2593 praepositus.

239 2591 359 2625 relicto
388 2592 446 2626 ille
475 2593 591 2627 ordine
623 2605 696 2627 cum
722 2593 837 2627 Persis
861 2606 881 2627 e
905 2594 1094 2638 propinquo
1110 2594 1388 2639 subsequentibus
1403 2604 1604 2637 congressus
1617 2599 1694 2627 tan-

239 2636 382 2682 demque
396 2638 606 2673 multitudine
621 2638 857 2680 circumfusus,
903 2639 986 2673 alam
1001 2641 1103 2683 fugae
1119 2651 1156 2673 se
1171 2639 1334 2673 commisit
1347 2638 1470 2683 vixque
1484 2639 1598 2672 multis
1612 2650 1694 2672 suo-

239 2693 313 2716 rum
339 2683 466 2717 amissis
490 2694 609 2729 sospes
633 2685 752 2719 evasit.
799 2651 900 2729 quod)
916 2685 972 2718 ubi
993 2685 1159 2719 intellexit
1173 2685 1377 2729 imperator,
1408 2685 1582 2718 commissa
1596 2684 1696 2718 fratri

239 2727 382 2772 aliisque
400 2728 528 2773 aliquot
549 2741 591 2763 ex
616 2730 869 2772 consanguineis
892 2730 985 2769 acie,
1015 2730 1246 2764 laborantibus
1261 2740 1358 2775 opem
1372 2730 1502 2763 laturus
1518 2740 1591 2763 cum
1608 2741 1695 2775 pau-

240 2773 288 2807 cis
316 2773 388 2818 ipse
416 2774 566 2808 festinat.
612 2774 644 2808 in
670 2775 797 2808 medios
823 2774 926 2818 igitur
948 2775 1024 2808 illos
1047 2786 1122 2809 sese
1135 2775 1302 2816 inferens,
1333 2774 1469 2809 fortiter
1480 2780 1573 2809 stare
1587 2777 1695 2810 iussos

237 2829 370 2853 rursum
399 2818 435 2853 in
464 2819 588 2853 Persas
618 2819 743 2863 educit.
791 2826 827 2853 at
842 2821 886 2855 illi
900 2832 938 2854 re
953 2820 1182 2854 animadversa
1195 2820 1344 2853 cominus
1359 2831 1428 2854 rem
1443 2832 1564 2865 gerere
1578 2819 1695 2855 detre-

238 2868 342 2898 ctant.
387 2867 459 2898 tum
484 2864 718 2911 imperatorem
742 2865 848 2900 subiit
872 2876 976 2909 cura,
1006 2877 1073 2912 quo
1089 2870 1188 2913 pacto
1205 2866 1431 2900 Romanorum
1445 2867 1606 2902 demissos
1620 2866 1694 2902 ani-
