1878 3262
231 240 330 290 342
682 234 886 278 CAROLI
919 234 999 277 DU
1033 233 1246 278 FRESNE

343 363 383 402 p.
418 345 499 389 125
533 359 572 386 v.
607 348 672 388 10.
745 340 877 398 σχῆμά
904 358 944 385 τε
970 341 1173 396 πολέμου]
1221 345 1591 384 Torneamentoram
1626 356 1696 383 seu

234 405 515 446 decursionum
531 402 772 454 equestrium
790 415 905 440 usum
924 402 1096 453 primum
1113 401 1158 439 in
1176 400 1379 439 Graeciam
1400 402 1604 441 invectum
1622 401 1695 440 sub

233 461 416 503 Manuele
443 460 538 499 hinc
565 465 694 512 patet,
739 472 856 510 quem
884 457 1128 510 Nicephorus
1153 457 1346 508 Gregoras
1370 457 1397 496 l.
1418 460 1470 501 10
1498 472 1522 496 a
1550 459 1696 497 Latinis

233 533 303 559 seu
332 518 496 557 Francis
525 517 577 555 ad
608 517 778 555 Graecos
798 515 999 554 transiisse
1017 515 1150 552 refert.
1207 514 1299 554 vide
1320 513 1497 552 Nicetam
1514 515 1539 554 l.
1556 518 1582 558 ὃ
1607 529 1650 555 n.
1670 518 1697 558 3

232 583 274 616 et
292 575 610 615 dissertationem
630 579 807 612 nostram
827 576 853 615 6
873 573 924 610 ad
941 572 1172 610 Ioinvillam.

345 646 386 672 v.
407 635 470 675 17.
529 629 551 672 ὁ
577 628 645 683 δὲ]
674 629 844 671 Videtur
870 628 1078 680 legendum
1105 625 1129 669 ὃ
1148 626 1210 678 δέ,
1240 625 1351 679 quod
1369 625 1527 679 quidem
1536 644 1548 678 3
1571 627 1629 666 ita
1652 633 1701 667 ut

233 689 448 728 Cinnamus
474 687 581 727 dicat
602 687 645 726 id
665 687 707 725 in
734 686 916 725 Manu'ele
943 686 1129 724 miratum
1149 685 1267 723 fuisse
1290 683 1556 723 Raimundum
1573 684 1698 734 illum,

234 759 352 798 quem
372 745 535 785 Herculi
553 756 688 796 parem
706 744 811 783 facit.

345 816 387 842 v.
418 806 484 846 19.
539 800 762 855 Ἡρακλεῖς]
810 799 918 838 [dem
959 798 1128 850 elogium
1162 796 1388 835 Raimundo
1427 796 1569 836 tribuit
1599 797 1702 836 infra

91 868 120 903 P
143 867 209 905 451
233 874 272 913 p-
304 862 411 910 216,
462 858 576 897 cuius
608 858 780 897 virtutes
819 863 859 894 et
897 856 1011 894 dotes
1048 854 1377 907 praecipuamque
1407 853 1450 892 in
1474 867 1518 893 re
1543 854 1704 894 militari

232 917 418 970 peritiam
454 921 495 954 et
531 914 649 952 animi
683 913 961 953 fortitudinem
988 913 1086 950 mire
1115 911 1320 964 praedicat
1348 917 1505 963 praeter
1538 911 1703 963 Tyrium

232 974 261 1012 l.
290 972 342 1016 14
372 987 404 1011 c.
425 975 475 1014 21
508 971 727 1011 Willelmus
757 970 942 1021 Neubrig.
971 969 996 1008 l.
1022 972 1041 1010 1
1074 982 1107 1007 c.
1129 972 1196 1011 21.
1261 969 1431 1020 quippe,
1458 968 1608 1020 inquit,
1636 968 1704 1007 hie

222 1032 374 1081 fuerat
410 1029 640 1067 Christiani
670 1029 846 1065 nominis·
870 1029 913 1064 in
943 1027 1102 1065 Oriente
1118 1026 1384 1077 sortis-simus
1405 1032 1703 1077 propugnator,

234 1094 356 1139 atque
377 1086 604 1136 insignium
617 1092 826 1136 gestorum
847 1083 984 1121 titulis
1009 1084 1151 1120 veteris
1175 1084 1219 1120 in
1239 1096 1280 1120 se
1299 1082 1547 1121 Maclzabaei
1564 1090 1704 1120 tran-5-

224 1142 403 1196 saderat
422 1143 623 1193 gloriam,
654 1147 728 1178 etc.

349 1212 389 1250 p.
414 1202 495 1241 126
516 1211 557 1235 v.
580 1200 616 1239 8.
677 1192 864 1243 δολώσεις
882 1191 945 1236 ἀεὶ
966 1194 1162 1245 ἐπινοῶν]
1193 1193 1412 1232 Andronici
1432 1207 1514 1233 non
1529 1194 1705 1234 indolem

236 1255 357 1295 modo
387 1260 428 1294 et
464 1254 642 1293 fallacem
674 1254 779 1292 illius
800 1253 973 1290 animum
994 1249 1177 1302 graphice
1195 1254 1387 1302 expressit
1407 1251 1486 1289 Leo
1504 1251 1643 1303 imper.
1662 1251 1706 1290 in

238 1312 401 1352 oraculo
427 1314 475 1360 1,
505 1311 574 1349 sed
606 1317 646 1349 et
672 1309 854 1361 nequiter
882 1309 930 1346 ab
961 1320 1006 1346 eo
1033 1312 1139 1359 gesta
1169 1313 1370 1358 totamque
1401 1308 1707 1347 Comnenianam

236 1369 423 1410 familiam
440 1367 614 1406 nefando
633 1381 732 1406 ausu
759 1367 1008 1417 absumptam
1037 1364 1275 1414 demumque
1298 1364 1447 1416 perditi
1464 1365 1541 1403 viri
1555 1366 1709 1404 exitum

236 1426 438 1480 praeclare
457 1425 618 1463 omnino
637 1423 857 1476 praevidit,
888 1422 986 1460 adeo
1005 1427 1050 1460 ut
1068 1422 1110 1459 in
1130 1421 1285 1460 nullum
1305 1421 1425 1460 alium
1446 1433 1497 1459 ex
1512 1422 1709 1460 Constan-

237 1481 510 1536 tinopolitanis
542 1480 729 1532 Augustis
755 1480 894 1519 cadere
922 1478 1047 1532 possit
1074 1477 1177 1517 illud
1210 1479 1437 1530 oraculum,
1467 1479 1575 1530 quod
1603 1478 1712 1519 hisce

238 1540 418 1581 versibus
444 1538 691 1590 concipitur:

881 1607 906 1631 α
936 1587 955 1631 ἶ
981 1607 1009 1643 μ
1038 1606 1075 1630 α.

459 1647 537 1703 τήν
563 1645 803 1702 έχθροποιόν
825 1646 995 1688 ἔνδοθεν
1013 1643 1179 1700 κρύπτει
1198 1642 1369 1700 πλάνην,

462 1706 518 1754 ὥς
538 1702 708 1758 εὐμενής
727 1702 771 1744 δὲ
789 1701 915 1752 κύνας
935 1703 1113 1757 ἐκτρέφει
1129 1701 1261 1751 νέους,

459 1761 515 1815 ἣν
535 1759 682 1815 γλυκύς
700 1758 904 1808 κλύδωνος
924 1760 1030 1812 ἐκχεῖ
1044 1760 1100 1808 εἰς
1119 1758 1254 1811 μέσον,

461 1816 552 1860 ἄλλ’
573 1814 777 1872 οἷπελέγξει
793 1815 864 1859 τόν
884 1814 1070 1871 λογισμὸν
1088 1815 1112 1857 o‘
1131 1813 1288 1870 χρόνος.

460 1874 555 1927 ὄφις
576 1873 619 1916 δὲ
640 1873 794 1922 πάντας
811 1871 1082 1919 καταναλῶσει
1103 1869 1234 1924 τάχος.

461 1930 512 1974 σύ
536 1935 791 1987 μεγαλαυχεῖς
807 1928 875 1971 καὶ
892 1929 1092 1984 γέγηθας,
1124 1926 1253 1976 ἄθλιε,
1324 1967 1326 1970 .

461 1988 531 2030 καὶ
552 1992 684 2043 χεῖρας
704 1987 846 2035 ἁπλοῖς
867 1986 935 2027 καὶ
953 1984 1084 2033 πόδας
1102 1983 1366 2038 διαστρέφεις,

463 2045 519 2094 ὥς
543 2040 788 2099 πραγμάτων
813 2043 966 2093 ἔξωθεν
989 2038 1109 2083 αὐτὸν
1129 2037 1296 2094 ἐξάγων.

462 2098 553 2142 ἄλλ’
572 2101 597 2142 ὁ
615 2099 758 2154 κύριος
775 2097 851 2152 τήν
873 2095 1089 2153 ’ὑπόκρισιν
1108 2101 1241 2150 φανεῖ.

463 2158 501 2196 τί
518 2155 594 2211 γάρ
613 2155 734 2198 καλὸν
752 2153 938 2210 δράσειας
947 2184 964 2203 ,
995 2150 1028 2196 οἷ
1048 2152 1098 2196 σύ
1117 2150 1299 2204 κυνόπας

464 2211 489 2252 ὁ
507 2215 560 2267 τῷ
580 2212 678 2267 ξένῳ
705 2214 885 2265 δείγματι
905 2211 1222 2266 συγκεκραμένος

465 2270 556 2316 παῖς
575 2266 624 2308 σύ
643 2269 822 2320 κομίσεις
843 2265 1004 2322 ἀγαθόν
1020 2284 1058 2309 τι
1078 2271 1135 2323 τῷ
1152 2268 1228 2322 βίῳ

464 2322 508 2372 ὃς
528 2321 572 2365 vd
593 2321 713 2376 στόμα
732 2323 902 2376 κέχηνας
926 2324 983 2371 εἰς
1002 2324 1255 2375 ’ὑποπτέρους

465 2383 551 2428 πῶς
570 2376 799 2433 οἷπερεύξεις
818 2381 928 2432 ῥῆμα
947 2377 1112 2433 χρηστὸν
1132 2381 1183 2434 τῇ
1202 2375 1327 2418 πόλει.

249 2440 401 2475 constat
418 2449 468 2475 ex
484 2437 622 2475 Niceta
639 2437 683 2474 in
701 2436 882 2474 Manuele
902 2436 927 2474 L
943 2437 968 2477 5
991 2450 1030 2474 n.
1043 2438 1069 2477 8
1088 2435 1197 2474 vocis
1216 2429 1313 2484 αἷμα
1333 2429 1597 2482 characteres,
1627 2433 1715 2484 pri-

249 2505 333 2530 mos
362 2493 647 2546 imperatorum
667 2506 718 2530 ex
739 2492 1004 2540 Comneniana
1024 2492 1171 2529 familia
1188 2490 1314 2541 apices
1333 2487 1555 2540 designare,
1585 2487 1715 2527 Alexii

249 2562 411 2600 nempe,
442 2550 617 2597 Ioannis,
646 2549 839 2587 Manuelis
870 2554 910 2586 et
938 2548 1067 2586 Alexii
1090 2546 1282 2586 Manuelis
1299 2544 1390 2592 filii,
1419 2557 1534 2594 quem
1552 2543 1715 2583 Andro-—

246 2605 378 2655 nicus,
407 2613 456 2644 ut
479 2612 520 2645 et
542 2607 715 2657 reliquos
731 2607 814 2644 fere
832 2606 1072 2653 comnenos,
1103 2617 1174 2656 per
1196 2602 1319 2641 scelus
1339 2601 1580 2652 absumpsit,
1615 2601 1715 2640 adeo

246 2667 295 2700 ut
317 2662 360 2699 in
387 2675 497 2710 eum,
526 2677 549 2700 a
577 2676 655 2713 quo
673 2664 837 2714 incepit,
869 2662 1048 2711 desierit,
1077 2660 1193 2712 alpha
1211 2671 1372 2709 nempe,
1404 2658 1512 2709 quod
1528 2658 1571 2696 in
1589 2659 1714 2697 altero

247 2719 429 2772 proxime
447 2720 626 2769 sequenti
650 2720 810 2758 oraculo
834 2719 1040 2757 innuitur:

468 2771 597 2829 ἀρχὴν
622 2775 720 2826 ἔχων
743 2791 784 2815 τε
807 2772 882 2827 τὴν
905 2770 1063 2826 μονάδα
1086 2771 1153 2812 καὶ
1177 2769 1297 2819 τέλος.

249 2830 498 2870 Andronicus
524 2832 644 2883 igitur
675 2830 789 2869 dolos
807 2837 972 2868 ,nectens
990 2837 1027 2867 et
1047 2826 1261 2866 recondens
1285 2830 1443 2879 animo,
1472 2827 1582 2866 velut
1601 2825 1715 2865 bene-

249 2889 365 2927 volus
387 2902 559 2940 parens,
586 2887 775 2926 Manuelis
807 2887 970 2935 liberos,
1001 2891 1204 2937 tamquam
1227 2886 1400 2924 novellos
1425 2884 1591 2923 catellos
1613 2881 1714 2922 edu-
