1878 3262
550 188 1093 233 COMMENTARIORUM
1123 189 1172 232 Lx.
1198 187 1278 232 lv.
1558 186 1652 234 143

199 306 244 351 τὸ
269 303 446 365 φεύγειν,
482 305 518 347 οἱ
542 305 586 347 δὲ
610 308 785 362 Τοῦρκοι
816 304 1024 346 ἐπέκειντο.
1092 307 1250 358 συχνιῧς
1272 296 1343 344 οὖν
1365 299 1648 360 ἐπιστρεφόμε-

198 393 260 418 νοι
289 373 458 424 τούτους
486 374 702 416 ἀνέκοπτον
733 378 806 429 τῆς
838 371 993 430 ὁρμῆς,
1029 373 1104 422 ἕως
1126 371 1148 414 ὃ
1170 374 1293 422 ἵππος
1314 370 1359 413 ὃν
1382 373 1528 421 ἐκεῖνος
1549 372 1654 413 ἐπω-

195 451 304 499 χεῖτο
326 443 468 497 καμὼν
487 443 728 500 προσωτέρω
742 448 888 499 χωρεῖν
913 441 985 482 οὐκ
1007 439 1196 496 ἠδύνατο.
1264 438 1410 483 τούτου
1443 435 1514 482 οὖν
1544 457 1652 496 γινο-
1674 446 1706 480 C

198 514 319 568 μένου
352 512 474 562 αὐτὸς
506 513 580 566 μέν
611 510 743 566 βάδην
777 508 916 568 ἀπῄει,
951 507 973 551 ὃ
998 511 1042 552 δέ
1063 507 1416 564 τούτουὸμαίμων
1439 510 1504 552 καὶ
1529 507 1550 550 ὃ
1571 509 1658 560 υἱὸς

165 579 389 636 5συχνάκις
408 579 732 638 ἐπιστρεφόμενοι
754 580 848 629 τοὺς
870 577 1079 635 Τοῦρκους
1102 579 1331 621 ἀνέκοπτον.

338 650 414 694 13.
485 650 623 706 Μέχρι
643 649 716 703 μὲν
733 643 804 691 οὖν
820 647 867 690 οὗ
889 646 992 689 πολύ
1011 665 1050 690 τι
1067 652 1227 702 πλῆθος
1245 642 1350 703 ἦσαν
1371 646 1409 688 οἱ
1433 643 1655 696 διώκοντες,

200 717 380 776 εῧὸρομα
401 715 558 768 τούτοις
579 713 684 773 ἦσαν
705 718 756 760 τὰ
778 722 850 773 τῆς
869 715 1177 773 ὑποχωρήσεως.
1212 718 1294 759 ἐπεὶ
1317 717 1361 758 δὲ
1384 717 1526 757 πολλοὶ
1540 715 1652 757 συνέ-

199 792 299 830 θεον
331 788 397 830 καὶ
429 785 450 828 ὃ
482 787 630 829 ἐκείνου
664 788 789 837 ἵππος
812 785 1057 836 κεκοπιακὼς
1078 785 1180 842 πρὸς
1200 784 1352 841 δρόμον
1372 779 1422 840 ἦν
1441 783 1656 840 ἄχρηστος,

199 859 370 898 κυκλοῢν
404 856 630 912 ἐπεχείρουν
662 855 810 905 αὐτοὺς
838 854 944 897 κατὰ
971 852 1187 912 πρόσωπον
1219 854 1257 895 οἱ
1285 854 1480 906 πολέμιοι.
1549 852 1586 894 οἱ
1610 852 1654 893 δ’

147 933 190 968 10
201 924 327 982 ἄμφω
358 924 432 967 σὺν
460 928 598 982 πολλῷ
631 929 690 982 τῷ
720 925 838 982 ῥοίζῳ
865 923 969 966 κατὰ
987 928 1068 966 τῶν
1089 924 1290 976 πολεμίων
1311 920 1560 978 ὁρμήσαντες
1582 919 1657 962 δύο

197 994 273 1048 μὲν
297 991 450 1036 τούτων
483 994 756 1048 κατέβαλλον,
791 992 886 1043 τοὺς
907 993 949 1034 ‹5’
974 991 1123 1042 ἄλλους
1140 990 1279 1049 πόρρω
1297 997 1435 1048 φυγεῖν
1455 987 1655 1044 κατηνάγ-

200 1064 342 1115 καζον,
377 1062 454 1104 κάκ
470 1060 613 1104 τούτου
631 1063 827 1119 βραχείας
848 1062 985 1112 ἀδείας
1007 1060 1192 1116 τυχόντες
1213 1059 1406 1117 ἀπῄεσαν.
1463 1058 1555 1100 ἀλλ’
1581 1052 1657 1099 αὗ-

199 1136 271 1181 θις
298 1131 336 1173 οἱ
370 1135 546 1187 Τοῦρκοι
574 1130 679 1185 μετὰ
714 1132 910 1174 πλείστων
938 1130 1073 1173 ἄλλων
1098 1128 1349 1186 ὑπέστρεφον
1375 1129 1442 1169 καὶ
1467 1129 1658 1184 σφοδρῶς
1679 1133 1715 1167 D

200 1201 394 1242 ἐπέκειντο
416 1197 586 1250 τούτοις.
655 1199 694 1241 οἳ
715 1200 759 1242 δ’
787 1194 913 1249 αὖθις
935 1199 1063 1256 ἔδρων
1083 1199 1135 1241 τὰ
1153 1196 1350 1255 πρότερον
1371 1198 1438 1238 καὶ
1460 1199 1590 1252 πολλῇ
1612 1199 1662 1251 τῇ

146 1273 190 1309 15
200 1269 412 1328 προθυμίᾳ
443 1267 547 1310 κατὰ
580 1271 660 1310 τῶν
697 1266 893 1325 Τούρκων
920 1266 1111 1325 ἐχώρουν.
1180 1267 1324 1320 ξυνέβη
1359 1266 1403 1307 δὲ
1431 1262 1589 1313 τούτοις
1609 1264 1663 1304 τὰ

199 1341 272 1392 τῆς
287 1338 523 1394 προθυμίας
547 1336 676 1379 οὐκέτι
693 1337 798 1378 κατὰ
819 1337 864 1378 τὸ
886 1335 1100 1393 πρότερον,
1136 1335 1230 1377 ἀλλ’
1258 1333 1280 1377 ὃ
1299 1335 1373 1390 μὲν
1387 1331 1574 1388 Ἰωάννης
1591 1332 1662 1374 ἕνα

198 1410 280 1448 τῶν
305 1409 349 1447 Τ
346 1403 502 1462 ούρκων
519 1404 762 1459 καταβαλὼν
780 1403 902 1461 ἑτέρῳ
920 1405 1211 1462 προσκέκρουκε
1221 1436 1234 1455 ,
1270 1405 1338 1446 καὶ
1359 1402 1512 1460 ἀμφοῖν
1535 1401 1573 1443 οἱ
1589 1402 1663 1442 ‘ln-

199 1491 268 1517 ποι
292 1473 367 1515 σὺν
389 1480 472 1523 τοῖς
493 1471 702 1527 ἐπιβάταις
725 1471 1000 1526 πεπτώκασιν,
1031 1471 1053 1515 ὃ
1085 1474 1128 1515 δὲ
1159 1477 1233 1515 τοῦ
1257 1475 1542 1526 βασιλειῶντος
1574 1469 1663 1519 υἱὸς

200 1544 241 1585 ἐν
266 1546 325 1600 τῷ
345 1540 501 1584 διώκειν
523 1540 662 1599 πόρρω
681 1539 890 1598 γενόμενος
914 1544 982 1584 καὶ
1005 1543 1075 1584 ἕνα
1096 1545 1177 1584 τῶν
1202 1539 1398 1597 Τούρκων
1419 1537 1662 1593 καταβαλὼν
1707 1581 1709 1583 .

145 1611 243 1653 ΞΟέν
264 1611 412 1665 ’μέσοις
442 1618 528 1660 τοῖς
560 1609 759 1668 Τούρκοις
786 1609 1048 1669 ἐναπελήφθη
1078 1612 1146 1653 καὶ
1177 1609 1319 1652 οὐκέθ’
1355 1606 1440 1659 οἷός
1464 1625 1506 1650 τε
1531 1602 1582 1663 ἦν
1605 1610 1666 1664 τῷ

200 1681 322 1736 πατρὶ
343 1682 569 1731 ξυνελθεῖν,
598 1681 729 1722 καίτοι
754 1679 884 1722 πολλὰ
900 1681 1107 1737 πειραθεὶς
1127 1682 1323 1734 συμμῖξαι
1345 1675 1515 1727 τούτοις.
1584 1680 1660 1718 λα-
1684 1680 1712 1715 Ρ
1737 1682 1783 1715 96

198 1747 339 1802 βόντες
360 1743 432 1789 οὖν
452 1747 590 1790 ἄδειαν
622 1749 661 1790 οἳ
684 1752 860 1805 Τοῦρκοι
889 1747 1062 1806 ἐπῄεσαν
1085 1749 1190 1791 κατὰ
1214 1752 1288 1790 τοῦ
1310 1747 1530 1804 Βρυεννιόυ
1557 1762 1665 1801 acfo-

293 1843 352 1922 ἐξ.
378 1839 609 1932 ἕὲνόμενος]
648 1843 695 1880 V.
724 1842 927 1887 γινόμενος.
1061 1844 1120 1878 20.
1157 1839 1423 1886 ἐναπελήφθη]
1458 1841 1503 1875 V.
1535 1837 1666 1874 ἐναπε-

315 1900 376 1932 ειφ
435 1913 444 1922 .

203 1972 240 2002 et
252 1967 317 2013 ipsi
330 1966 500 2011 fugientes
514 1964 638 1999 'rurcis
654 1976 675 1999 a
688 1969 784 2009 tergo
798 1964 1008 2000 instantibus.
1055 1977 1161 2010 quare
1177 1966 1226 2000 illi
1247 1965 1366 2000 crebro
1381 1966 1415 2000 in
1431 1977 1491 2000 eos
1506 1965 1663 2000 conversi

204 2025 320 2047 eorum
346 2013 504 2057 impetum
528 2011 701 2045 retardare
714 2011 940 2046 conabantur=
970 2013 1081 2056 quoad
1097 2023 1204 2057 equus
1220 2012 1274 2046 cui
1289 2012 1479 2056 Bryennius
1493 2012 1664 2046 insidebat

203 2060 321 2094 labore
335 2059 463 2092 fractus
478 2057 605 2091 viribus
624 2056 759 2091 destitui
775 2057 888 2102 coepit
903 2057 947 2090 ad
963 2068 1065 2102 porro
1079 2057 1296 2103 pergendum.
1342 2069 1409 2103 quo
1426 2070 1505 2092 casu
1520 2058 1663 2092 circum-

203 2110 326 2139 ventus
352 2104 425 2149 ipse
448 2102 580 2148 quidem
600 2103 692 2137 lento
713 2107 817 2148 prout
840 2108 976 2148 poterat
994 2114 1094 2149 passu
1109 2104 1334 2149 procedebat;
1365 2105 1476 2139 frater
1490 2115 1572 2138 vero
1590 2104 1662 2138 eius

203 2155 240 2185 et
252 2151 343 2186 filius
358 2160 457 2183 verso
471 2148 605 2194 saepius
619 2149 715 2182 vultu
730 2148 862 2182 Turcos
877 2148 1112 2194 reprimebant.

298 2197 352 2231 13.
400 2196 450 2228 Ac
465 2194 578 2239 quoad
594 2193 728 2239 quidem
743 2206 809 2228 non
826 2194 873 2227 ita
892 2206 1012 2239 magna
1025 2195 1270 2241 insequentium
1285 2195 1462 2230 multitudo
1479 2200 1573 2240 erat,
1603 2207 1661 2230 re-

204 2245 337 2288 ceptum
353 2241 437 2275 satis
453 2239 625 2274 commode
639 2239 933 2275 administrabant:
964 2246 1141 2286 postqum
1160 2253 1243 2277 vero
1258 2242 1351 2276 muiti
1365 2243 1612 2276 concurrebant
1628 2245 1663 2278 et

203 2287 364 2332 Bryennii
385 2298 491 2332 equus
514 2286 619 2329 magis
642 2297 683 2319 ac
707 2286 810 2330 magis
834 2285 994 2321 deficiens
1016 2287 1116 2332 plane
1140 2287 1205 2322 iam
1226 2287 1352 2322 inutilis
1366 2288 1408 2322 ad
1425 2299 1556 2322 cursum
1573 2294 1661 2328 erat,

205 2333 346 2368 circuire
366 2333 459 2378 ipsos
475 2336 510 2366 et
526 2343 546 2365 a
561 2331 649 2366 facie
674 2332 844 2377 progressi
859 2344 895 2366 se
909 2332 991 2377 ipsis
1006 2333 1184 2368 ostendere
1198 2334 1313 2368 hostes
1334 2335 1551 2368 conabantur.
1598 2333 1660 2367 sed

204 2379 302 2413 ambo
317 2389 439 2423 magno
452 2378 579 2423 impetu
592 2378 626 2411 in
641 2378 755 2412 hostes
770 2377 870 2420 illati,
902 2378 1033 2413 duobus
1057 2391 1100 2413 ex
1120 2379 1170 2413 his
1186 2379 1324 2414 deiectis
1339 2386 1473 2413 ceteros
1487 2379 1589 2424 longe
1604 2391 1661 2413 re-

204 2425 324 2469 fugere
345 2424 600 2470 compulerunt‚
630 2423 739 2457 et‘sic
761 2423 858 2457 brevi
879 2424 941 2458 sibi
965 2425 1147 2459 securitate
1161 2430 1282 2470 parata
1297 2426 1496 2470 pergebant.
1542 2437 1660 2459 verum

204 2481 321 2504 rursus
347 2470 453 2504 Turci
473 2481 546 2503 cum
562 2469 712 2515 plurimis
734 2469 807 2502 aliis
825 2470 954 2504 reversi
969 2471 1187 2505 vehementer
1200 2471 1235 2504 in
1251 2483 1309 2505 eos
1324 2471 1580 2513 incumbebant,
1610 2471 1662 2506 his

205 2515 316 2550 denuo
331 2521 370 2549 ut
385 2515 477 2561 prius
490 2527 654 2560 generosa
670 2515 704 2548 vi
718 2515 851 2549 Turcos
863 2515 1113 2562 impetentibus:
1142 2516 1204 2550 sed
1219 2515 1262 2550 ad
1277 2522 1460 2551 extremum
1478 2517 1662 2551 audacibus

205 2562 335 2606 coeptis
356 2562 495 2595 fortuna
515 2572 582 2595 non
603 2560 722 2595 adfuit.
769 2561 911 2595 Ioannes
938 2562 1024 2596 enim
1050 2573 1124 2598 cum
1147 2573 1248 2596 unum
1268 2563 1456 2608 quempiam
1469 2564 1662 2598 Turoorum

207 2607 402 2651 deiecisset,
432 2607 466 2641 in
493 2606 593 2641 alium
613 2607 771 2652 impegit,
800 2607 847 2641 ita
865 2612 906 2640 ut
927 2609 1097 2642 amborum
1113 2608 1191 2653 equi
1206 2608 1393 2643 offensione
1406 2614 1521 2643 mutua
1536 2609 1661 2654 equiti-

206 2653 268 2686 bus
284 2652 432 2686 excussis
446 2657 482 2687 et
494 2653 559 2698 ipsi
573 2664 646 2688 cum
661 2653 701 2686 iis
717 2652 806 2686 humi
820 2657 1062 2688 sternerentur.
1107 2654 1271 2698 Bryennii
1284 2666 1369 2689 vero
1384 2655 1558 2702 imperium
1573 2656 1661 2689 affe-

205 2697 329 2731 ctantis
347 2697 436 2732 filius
451 2699 564 2732 studio
579 2698 778 2743 insequendi
795 2698 908 2733 hostes
922 2699 1052 2744 longius
1068 2699 1177 2733 elatus
1189 2728 1200 2744 ,
1230 2712 1297 2735 uno
1313 2701 1500 2736 Turcorum
1516 2703 1660 2744 deiecto,

205 2743 240 2777 in
267 2743 375 2777 medio
398 2743 584 2778 ancorum
609 2745 838 2790 deprehensus
859 2745 1044 2791 haerebat,
1074 2757 1138 2780 nec
1158 2746 1223 2780 iam
1245 2748 1460 2792 quantumvis
1480 2754 1660 2782 conaretur

207 2788 368 2833 expedire
390 2799 427 2822 se
449 2794 582 2835 poterat
603 2795 641 2824 ut
666 2791 757 2836 patri
783 2797 1009 2826 succurreret.
1056 2792 1120 2826 hac
1135 2792 1211 2826 vice
1222 2804 1334 2828 rerum
1348 2795 1536 2828 securiores
1551 2794 1661 2827 Turci

207 2846 328 2880 magno
352 2846 489 2869 numero
515 2836 708 2882 maioreque
732 2836 767 2871 vi
783 2836 822 2871 in
846 2836 1054 2883 (Brsennium
1074 2838 1262 2876 incurrunt.
1308 2850 1393 2875 unus
1418 2840 1524 2885 igitur
1539 2850 1660 2875 eor-um
