1878 3262
632 233 1028 279 HlSTORIARUM
1060 236 1110 279 L.
1140 234 1224 280 Ν.
1581 236 1679 284 201

215 355 274 410 τῷ
299 353 514 409 στρατηγῷ·
540 348 686 408 ἀρετῆς
713 347 888 406 δήλωσις
915 349 1009 393 κατ’
1039 349 1186 394 ἐκεῖνον
1211 349 1409 408 ἐπιγέγονε
1436 350 1508 394 τὸν
1531 349 1686 408 ἀγῶνα.

213 423 344 464 ταῦτα
374 418 734 478 καταπραξάμενος
759 418 948 474 Ἰωάννης
975 419 1050 462 σὺν
1077 426 1162 470 τοῖς
1190 421 1409 477 τροπαίοις.
1430 421 1494 463 ἐπὶ
1513 423 1687 475 βασιλέα

215 490 490 547 παραγίνεται.
557 487 578 531 ὃ
607 490 650 532 δὲ
674 489 849 532 σουλτάν
875 488 1010 542 ἐπειδὴ
1033 487 1187 532 τούτων
1205 489 1352 545 ἤκουσε
1364 523 1378 543 ,
1413 491 1590 548 κε’ντροις
1611 509 1684 546 με-
1706 493 1740 529 Β

213 560 427 613 ταμελείας
443 556 683 613 νυττόμενος
700 562 774 612 τῆς
794 558 964 614 ἀκαίρου
985 555 1138 612 τόλμης
1158 556 1302 602 ἑαυτὸν
1328 558 1576 612 ἓταλάνιζεν,
1612 560 1689 615 οὐχ

181 638 204 675 5
217 626 314 670 ὅσον
331 635 416 678 τοῖς
438 631 708 682 ξυμπεσοῦσιν
723 627 988 684 ἓκταραχθείς
999 658 1013 678 ‚
1042 626 1117 681 τὴν
1141 628 1184 668 δὲ
1204 629 1405 681 βασιλέως
1422 631 1608 672 ἐντεῦθεν
1630 628 1690 672 ἔτι

212 701 371 751 μᾶλλον
396 697 493 739 κατ’
523 697 651 739 αὐτοῦ
676 693 1049 753 ἀρραβωνιζόμενος
1083 694 1238 738 ἔλευσαν
1268 697 1488 740 κάντεῦθεν
1515 696 1572 749 ὡς
1603 699 1689 741 ἔνε-

213 770 340 808 στῶσι
367 773 452 816 τοῖς
478 765 526 807 οὗ
554 768 730 822 παροῦσι
762 765 862 815 τέως
888 762 1231 822 προσφερόμενος.
1299 763 1398 807 ὅθεν
1421 769 1489 808 καὶ
1510 769 1687 822 μείζοσιν

214 833 358 884 ἄλλαις
387 834 463 884 τὰς
493 835 694 891 προτέρας
715 832 890 891 φθάνων
915 832 1260 887 ἐπικατελάμβανε
1276 836 1505 891 πρεσβείας.
1568 833 1688 893 χεῖρά

213 919 255 945 τε
276 901 492 957 σύμμαχον
514 902 592 945 ἀνὰ
614 907 696 944 πᾶν
714 901 803 953 ἔτος
815 900 1030 956 Ῥωμαίοις
1049 904 1198 957 δεῆσαν
1219 900 1377 945 διδόναι
1395 902 1689 958 ἐπαγγελλόμε-

158 981 304 1023 1ονος,
340 974 407 1014 καὶ
434 975 507 1026 τῆς
534 970 670 1014 αὐτῶν
701 972 746 1014 δὲ
770 975 845 1027 γῆς
865 971 1011 1015 οὔποτε
1031 972 1201 1029 Πέρσην
1219 970 1380 1022 ἑκόντος
1398 972 1526 1014 αὐτοῦ
1544 972 1689 1027 ἐπιβή-

211 1044 363 1083 σεσθαι
392 1037 612 1096 ὡμολόγει·
646 1039 723 1082 κᾶν
751 1040 830 1098 ἀφ’
866 1038 1006 1098 ἑτέρας
1035 1040 1165 1098 ἀρχῆς
1194 1041 1376 1096 ἐνοχλοίη
1401 1059 1462 1091 τις
1478 1039 1693 1096 Ῥωμαίων

211 1113 264 1165 τῇ
288 1113 362 1165 γῇ,
397 1113 542 1152 τοῦτον
573 1110 617 1152 δὲ
645 1107 877 1166 στρατεύειν
906 1110 1032 1161 εὐθὺς
1051 1111 1145 1152 κατ’
1169 1111 1297 1153 αὖτοῦ
1315 1111 1383 1153 καὶ
1406 1114 1507 1153 πᾶσι
1525 1109 1692 1167 τρόποις

211 1177 285 1231 τὴν
302 1175 548 1232 ὃθενδήποτε
571 1179 777 1236 φυομένην
799 1179 1000 1236 ἀπείργειν
1017 1178 1260 1234 ἐπιβουλήν,
1287 1183 1369 1221 πᾶν
1385 1196 1427 1222 τε
1447 1177 1470 1221 ὃ
1486 1179 1591 1236 πρὸς
1605 1185 1690 1235 βα-

208 1245 353 1296 σιλέως
384 1244 634 1291 ἓπιτάττοιτο
666 1246 824 1302 ὀκνήσει
854 1249 1024 1307 οὐδεμιᾷ
1053 1249 1227 1299 ε’πιτελές
1258 1248 1404 1291 αὐτίκα
1427 1255 1576 1301 ποιεῖν,
1611 1247 1687 1291 κᾶν
1708 1255 1741 1291 C

153 1321 199 1359 15
210 1331 271 1365 τις
301 1319 382 1357 τῶν
410 1319 577 1370 βασιλεῖ
600 1315 810 1372 κατηκόων
842 1315 997 1359 πόλεων
1027 1314 1106 1359 ὕπὸ
1136 1317 1210 1371 τὴν
1239 1317 1449 1374 Περσικὴν
1482 1316 1690 1375 φθάσασα

208 1383 388 1427 πέπτωκε
405 1383 622 1440 παλάμην,
657 1387 723 1428 καὶ
741 1383 891 1441 ταύτην
900 1384 1115 1441 Ῥωμαίοις
1135 1384 1419 1439 ἀνασώζεσθαι
1436 1389 1684 1431 συνετίθετο.
1709 1396 1742 1431 V
1762 1396 1810 1432 92

208 1450 368 1503 τούτοις
386 1453 646 1505 ἀναπεισθεὶς
660 1455 854 1509 βασιλεὺς
878 1455 1014 1511 ὅρκοις
1034 1472 1076 1498 τε
1099 1453 1342 1506 δεινοτάτοις
1359 1455 1484 1498 αὐτὸν
1500 1455 1691 1512 κατειλή-

210 1538 279 1578 φει
305 1523 373 1564 καὶ
403 1522 478 1577 τὴν
501 1523 659 1581 ἔχθραν
689 1522 818 1574 λύσας
834 1524 901 1566 ἐπ’
923 1524 1035 1566 οἴκου
1058 1524 1325 1579 ἀνεκομίζετο.
1394 1523 1627 1579 πυθόμενος
1646 1526 1691 1568 δέ

209 1588 383 1642 Σκύθας
411 1591 481 1634 τὸν
500 1591 659 1650 Ἴστρον
688 1595 880 1648 διαβῆναι
913 1593 984 1650 ἐφ’
1014 1586 1048 1652 ᾧ
1071 1591 1283 1648 Ῥωμαίων
1314 1595 1688 1650 καταδραμεΐσθαι,

153 1663 282 1714 Ξοτῆς
304 1661 370 1702 ἐπὶ
393 1659 617 1713 Βυζάντιον
641 1660 845 1719 φερούσης
862 1663 1062 1720 ἀφέμενος
1081 1662 1144 1704 ἐπὶ
1163 1663 1233 1706 τὸν
1250 1662 1378 1719 ἀγχοῦ
1399 1661 1553 1714 πόλεως
1563 1662 1689 1717 {4131}-

210 1729 285 1769 δου
305 1727 446 1786 ἐχώρει
466 1729 678 1786 πορθμόν,
701 1731 805 1774 ἔνθα
826 1729 1163 1774 ἓπιθαλασσι’ὁ“ιόν
1182 1750 1221 1775 τι
1238 1733 1302 1774 ἐπὶ
1325 1731 1494 1792 Θρᾴκης
1507 1731 1689 1787 πόλισμα

209 1802 359 1847 κεῖται,
395 1797 474 1838 ἀπὸ
501 1800 686 1841 Καλλίου
715 1804 789 1841 τοῦ
809 1801 1038 1855 Ἀθηναίων
1061 1798 1174 1854 οἶμαι
1193 1806 1424 1858 στρατηγοῦ
1442 1802 1515 1857 τὴν
1529 1819 1687 1858 προση-

208 1865 351 1922 γορίαν
378 1864 561 1920 ἐσχηκός.
627 1867 810 1910 ἐνταῦθα
840 1867 1169 1926 περαιωσάμενος
1196 1870 1261 1911 ἐπὶ
1293 1868 1466 1920 Σκύθας
1495 1871 1687 1927 ἐφέρετο·

211 2066 317 2109 atque
330 2063 482 2110 inprimis
497 2064 643 2100 Ioannes
659 2063 728 2099 dux
742 2064 976 2100 fortitudinem
991 2077 1086 2100 suam
1101 2064 1158 2100 illo
1174 2065 1209 2100 in
1223 2065 1408 2100 certamine
1420 2065 1581 2111 prodidit.
1633 2066 1687 2102 his

211 2110 379 2144 confectis
394 2111 540 2145 Ioannes
557 2111 600 2145 ad
615 2111 800 2156 principem
816 2111 929 2146 victor
943 2111 1111 2157 pervenit.
1159 2117 1339 2157 postquam
1361 2123 1403 2146 ea
1418 2112 1556 2158 -accepit
1570 2113 1689 2147 Sulta-

212 2167 294 2198 nus,
323 2157 554 2202 poenitentiae
568 2158 765 2191 vulneratus
777 2157 941 2199 stimulis,
971 2165 1114 2203 propter
1128 2157 1397 2204 intempestivam
1422 2158 1595 2193 audaciam
1610 2171 1689 2194 sese

213 2202 369 2236 miserum
394 2204 564 2248 vocabat,
594 2215 661 2237 nou
685 2211 754 2236 tam
778 2215 866 2248 quae
890 2203 1086 2238 acciderant
1109 2209 1365 2247 consternatus,
1392 2204 1455 2238 sed
1478 2205 1570 2250 quod
1585 2217 1628 2239 ex
1646 2216 1688 2239 eo

212 2247 451 2293 imperatorem
466 2249 499 2283 in
515 2261 555 2283 se
570 2248 818 2294 expeditionem
844 2255 1079 2294 suscepturum
1106 2251 1340 2285 arbitrabatur
1353 2255 1457 2296 atque
1471 2251 1557 2285 adeo
1573 2252 1690 2286 futura

214 2294 322 2328 veluti
346 2295 541 2340 praesentia
562 2295 670 2329 animo
698 2295 897 2339 effingebat.
944 2296 1160 2340 quamobrem
1191 2296 1234 2330 iis
1263 2308 1351 2342 quae
1377 2302 1478 2331 antea
1502 2298 1688 2340 obtulerat,

213 2340 322 2375 multa
342 2347 379 2375 et
401 2341 529 2376 maiora
553 2341 700 2384 addidit,
731 2341 849 2387 copias
873 2341 1019 2375 sociales
1040 2342 1243 2387 quotannis,
1274 2354 1350 2377 cum
1372 2343 1407 2376 id
1429 2355 1572 2377 necesse
1587 2349 1689 2387 esset,

214 2386 380 2421 Romanis
407 2399 446 2422 se
471 2387 765 2433 suppeditaturum
789 2387 982 2432 pollicitus,
1009 2392 1045 2421 et
1069 2388 1233 2422 neminem
1258 2389 1438 2423 Persarum
1460 2389 1536 2434 ipso
1552 2389 1690 2423 volente

214 2432 301 2467 fines
316 2439 461 2478 unquam
472 2434 645 2468 Romanos
658 2433 887 2478 ingressurum
897 2447 907 2467 ε
924 2438 960 2467 et
974 2432 1003 2468 si
1018 2434 1084 2468 alio
1101 2446 1146 2468 ex
1160 2435 1301 2480 imperio
1318 2447 1434 2469 eorum
1449 2435 1573 2479 aliquis
1583 2445 1691 2479 ‚agros

212 2477 414 2522 infestaret,
440 2479 564 2514 bellum
580 2491 619 2514 se
634 2479 792 2514 continuo
808 2479 972 2514 adversus
987 2479 1078 2514 illum
1093 2486 1300 2526 sumpturum
1310 2507 1321 2522 ‚
1348 2480 1568 2525 omnibusque
1582 2480 1691 2515 modis

214 2523 431 2569 depulsurum
448 2526 680 2571 undecumque
700 2526 768 2559 vim
791 2525 1024 2569 ingruentem:
1052 2532 1176 2561 cuncta
1190 2526 1235 2560 ad
1250 2527 1333 2560 baec
1349 2538 1437 2570 quae
1453 2526 1612 2572 princeps
1626 2526 1690 2560 im-

157 2583 164 2589 *
215 2576 355 2614 peraret
378 2576 615 2607 exsecuturum
638 2572 711 2606 sine
726 2571 795 2605 ulla
807 2583 921 2606 mora:
951 2577 989 2606 et
1001 2572 1031 2606 si
1045 2572 1159 2617 aliqua
1175 2584 1218 2606 ex
1235 2572 1431 2606 civitatibus
1447 2572 1623 2607 Romanae
1636 2572 1691 2606 di-

217 2614 319 2650 tionis
341 2617 377 2651 in
399 2623 604 2664 potestatem
618 2619 771 2652 venisset
784 2618 986 2658 Persarum,
1014 2618 1102 2652 illam
1117 2629 1156 2651 se
1170 2618 1401 2652 restituturum
1416 2618 1588 2652 Romanis.
1635 2618 1690 2653 bis

216 2659 399 2706 imperator
412 2676 595 2709 persuasus
609 2664 912 2710 pollicitationibus
922 2690 933 2707 ,
956 2664 1067 2708 ipsum
1081 2663 1290 2708 gravissimis
1303 2664 1525 2698 sacramentis
1539 2665 1690 2698 obstrin-

218 2706 288 2740 xit:
313 2713 386 2743 tum
400 2710 520 2744 solutis
533 2710 782 2753 simultatibus,
805 2710 938 2744 domum
952 2721 1112 2744 reversus
1128 2714 1194 2744 est.
1230 2710 1291 2744 sed
1307 2715 1345 2744 ut
1357 2710 1523 2744 intellexit
1536 2711 1687 2754 Scythas

218 2751 341 2788 Istrum
361 2751 557 2800 traiecisse',
588 2768 655 2803 quo
672 2757 900 2791 Romanorum
924 2756 1009 2790 fines
1026 2756 1255 2798 incursarent,
1287 2756 1408 2790 omisso
1424 2757 1612 2800 Byzantino
1627 2755 1685 2789 iti-

219 2809 322 2841 nere,
351 2800 395 2835 ad
418 2803 564 2846 fretum,
594 2803 685 2848 quod
704 2803 828 2847 Abydo
852 2802 926 2837 urbi
941 2802 1095 2845 adiacet,
1123 2802 1319 2845 contendit,
1349 2802 1406 2837 ubi
1423 2802 1457 2836 in
1473 2802 1624 2836 Thracia
1639 2801 1686 2834 si·

219 2848 291 2878 tum
318 2850 370 2879 est
391 2847 569 2900 oppidum,
597 2849 689 2894 quod
704 2861 725 2884 a
740 2848 851 2884 Callia
865 2848 1135 2890 Atheniensium,
1165 2852 1204 2882 ut
1217 2848 1358 2892 opinor,
1389 2853 1548 2894 praetore
1563 2857 1686 2880 nomen

220 2891 352 2936 accepit
363 2917 374 2934 ,
403 2891 521 2937 ibique
542 2899 774 2940 transgressus
800 2899 920 2933 contra
935 2895 1086 2940 Scythas
1099 2894 1277 2940 profectus
1290 2899 1355 2929 est.
1402 2894 1463 2929 sed
1479 2893 1624 2928 nondum
1639 2891 1684 2927 ad
