1878 3262
549 251 1090 296 COMMENTARJORUM
1123 253 1172 295 L.
1199 251 1241 295 I..
1556 252 1617 298 21

157 381 297 423 κτορα.
325 374 326 377 ’
364 366 531 422 φροντὶς
553 360 623 408 οὖν
645 363 746 420 εἶχεν
774 365 1047 416 αὐτὸν-εὐθὺς
1070 370 1145 410 τοῦ
1167 364 1259 421 μετ’
1287 364 1409 409 αὐτὸν
1429 365 1620 421 βασιλεύ-

156 451 298 484 σοντος
306 464 320 485 ,
346 436 414 476 καὶ
433 433 594 477 πάντων
612 433 633 477 ὅ
653 435 829 493 ἀδελφὸς
847 437 1110 491 προτετίμητο
1122 450 1132 460 ·
1158 435 1246 492 Ιἤδει
1263 435 1341 493 γὰρ
1360 440 1503 479 τοῦτον
1514 453 1621 493 χρη-

157 503 252 546 στὸν
280 501 376 545 ὄντα
404 506 471 546 καὶ
496 504 632 546 ἱκανὸν
653 506 742 561 περὶ
762 504 836 559 τὴν
855 508 942 547 τῶν,
958 509 1101 546 κοινῶν
1122 503 1370 561 πραγμάτων
1392 505 1620 560 ἀντίληψιν.

156 570 283 622 εὐθύς
314 589 356 614 τε
390 574 650 628 μετεκέκλητο
685 575 752 615 καὶ
780 571 909 628 λόγων
939 573 1041 629 πρὸς
1068 573 1191 615 αὐτὸν
1212 572 1233 616 ὃ
1255 574 1449 627 βασιλεὺς
1475 574 1620 630 ἤρχετο

121 645 477 697 ὄπαρακλητικῶν.
539 639 639 696 (εὲμὲ
659 642 764 696 μὲν”
800 643 925 698 λέγων
952 636 1016 686 ιῗιῧ
1040 643 1204 698 φίλτατε
1220 643 1391 699 ἀδελφέ,
1426 642 1472 688 τὸ
1491 644 1615 699 πέρας
1638 650 1672 686 D

154 708 233 764 ἤδη
265 714 338 751 τοῦ
367 712 460 764 βίου
491 711 725 765 καταλαβὸν
759 709 940 765 βιάζεται
974 711 1075 767 πρὸς
1102 711 1174 765 τὴν
1202 710 1366 762 ἔξοδον,
1403 712 1447 754 σὲ
1473 712 1516 760 δὲ
1537 711 1620 768 χρὴ

153 782 235 820 τῶν
257 783 399 820 κοινῶν
422 779 714 834 ἀντιλαβέσθαι
735 778 985 837 πραγμάτων
1008 781 1075 821 καὶ
1094 779 1189 829 τοὺς
1206 784 1278 834 τῆς
1297 782 1508 832 βασιλείας
1529 780 1619 822 οἴα-

154 864 229 896 κας
245 848 546 898 ἀναδέξασθαι·
572 853 691 891 τοῦτο
711 849 788 905 γὰρ
807 847 1076 903 λυσιτελήσειν
1092 847 1204 902 οἶμαι
1223 849 1270 890 οὗ
1290 855 1374 897 τοῖς
1393 849 1496 890 καθ’
1518 846 1622 902 αἷμα

153 912 279 970 μόνον
316 914 412 971 ἡμῖν
443 916 735 973 προσήκουσιν,
772 917 877 959 ἀλλὰ
910 920 976 960 καὶ
1009 923 1092 967 τοῖς
1126 916 1204 960 ὑπὸ
1225 915 1450 971 Ῥωμαίους
1479 916 1622 959 ἅπασι.

98 992 144 1027 10
154 987 384 1036 ταινιωθεὶς
413 980 484 1027 οὖν
510 991 585 1044 τῷ.
607 985 825 1041 διαδήματι
854 987 928 1038 ἕως
960 986 1083 1036 αὐτὸς
1111 987 1291 1040 ἐμπνέων
1312 988 1391 1039 εἰμὶ
1412 989 1492 1027 τῶν
1511 1003 1621 1042 πρα-

151 1053 316 1109 γμάτων
337 1055 577 1109 ἀντιλαβοῦ·
604 1057 745 1099 πολλοὶ
764 1054 864 1112 γάρ,
892 1053 947 1105 ὡς
966 1053 1113 1108 οἶσθα,
1139 1059 1190 1116 τῇ
1206 1056 1393 1114 βασιλείᾳ
1407 1052 1617 1108 Ῥωμαίων
1642 1061 1674 1097 V
1698 1063 1742 1099 10

151 1125 551 1180 ἐποφθαλμίζουσι.”
622 1123 775 1167 τούτων
811 1123 988 1174 ἀκούσας
1020 1128 1101 1166 τῶν
1133 1122 1262 1178 λόγων
1283 1125 1430 1172 ἐκεῖνος
1451 1125 1620 1180 δραμεῖν

149 1192 252 1249 πρὸς
275 1193 348 1247 τὴν
376 1196 458 1234 τῶν
487 1197 630 1235 κοινῶν
661 1194 876 1248 ἀντίληψιν
898 1191 1163 1247 ἅνασχάλλων
1184 1187 1234 1246 ἦν
1259 1194 1325 1234 καὶ
1348 1190 1620 1246 ἀναδυόμενος

149 1262 218 1302 καὶ
249 1260 382 1303 πάντα
413 1266 562 1304 παθεῖν
595 1263 754 1316 ἕτοιμος
781 1265 937 1316 μᾶλλον
966 1261 991 1316 ἢ
1018 1266 1098 1303 τῶν
1127 1266 1269 1303 κοινῶν
1304 1259 1620 1315 ἀντιλήψεσθαι.

95 1337 138 1373 15
151 1330 244 1371 ἀλλ’
270 1328 291 1371 ὃ
313 1331 387 1383 μὲν
411 1329 540 1380 οὕτως
562 1329 639 1385 εἶχε
666 1331 922 1386 προθέσεως,
957 1329 983 1385 ἡ
1014 1331 1057 1372 δ’
1088 1324 1140 1372 αὖ
1165 1328 1366 1384 ὃμευνέτις
1392 1330 1617 1384 αἰσθομένη

147 1403 229 1440 τῶν
250 1399 471 1453 λεγομένων
487 1400 648 1455 βαρέως
668 1399 782 1456 ἔφερε
806 1399 878 1454 τὴν
899 1400 1164 1456 παραίτησιν,
1199 1400 1266 1440 καὶ
1283 1398 1395 1454 παρὰ
1416 1403 1474 1454 τῷ
1497 1399 1614 1454 ἀνδρὶ
1637 1404 1666 1438 Ρ
1693 1405 1735 1441 19

147 1469 474 1523 παρακαθίσασα
503 1466 700 1518 τοιούτοις
732 1470 875 1524 ἐχρῆτο
908 1468 1011 1524 παρ’
1053 1468 1175 1509 αὐτὸν
1211 1466 1369 1522 λόγοις,
1399 1465 1508 1508 “‘lva
1541 1467 1615 1508 τί”

145 1536 319 1591 λέγουσα
347 1533 492 1592 “nupt-5
519 1553 600 1590 μου
614 1569 627 1588 ,
663 1538 780 1593 ξίφος
815 1538 939 1586 ἕλκεις
970 1535 1071 1592 πρὸς
1097 1534 1240 1578 ἑαυτὸν
1261 1539 1327 1577 καὶ
1350 1534 1402 1576 τὰ
1426 1537 1616 1591 φίλτατα,

146 1603 246 1660 μήτε
263 1604 308 1646 τὸ
327 1603 480 1647 τούτων
498 1607 700 1662 οἰκτείρων
718 1605 851 1662 ἄωρον
869 1603 970 1660 μήτε
988 1603 1104 1660 ἡμῶν
1120 1603 1340 1660 κηδόμενος
1347 1623 1363 1658 3
1399 1603 1472 1645 οὐκ
1490 1602 1617 1647 οἶσθα

91 1671 204 1723 Ξῡῶς
221 1674 263 1715 εἴ
278 1691 338 1723 τις
361 1673 601 1729 ἐπιλάβηται
625 1674 747 1725 ἄλλος
766 1679 839 1729 τῆς
854 1672 1063 1728 Ῥωμαίων
1088 1674 1238 1730 ἀρχῆς,
1275 1674 1319 1714 ἐκ
1339 1674 1476 1716 ποδῶν
1497 1677 1618 1727 ποιῆ-

146 1759 216 1784 σαι
240 1740 442 1784 σπεύσειεν
464 1742 571 1785 ἅπαν
590 1742 635 1785 τὸ
657 1744 768 1799 γένος
785 1741 900 1798 ἡμῶν
910 1775 923 1794 ,
950 1741 1132 1796 οἰόμενος
1154 1741 1282 1792 οὕτως
1309 1740 1375 1789 ἐπ’
1404 1741 1617 1797 ἀσφαλοῦς

145 1809 357 1867 ἦδράσθαι
391 1811 501 1869 αὐτῷ
528 1811 581 1858 τὰ
610 1816 683 1866 τῆς
709 1812 862 1868 ἀρχῆςς
891 1813 962 1852 ‘lm
984 1813 1026 1852 τί
1043 1814 1140 1866 γοῦν
1161 1809 1267 1852 οὕτω
1289 1808 1616 1865 μεματαιώμεθα

238 1906 294 1941 13.
323 1902 583 1950 ἄνασχάλλων]
607 1905 661 1940 Ita
682 1906 726 1943 P.
774 1905 862 1940 eod.
885 1902 1115 1949 οἶνασχᾶλων.
1160 1904 1301 1939 Bekker
1323 1900 1527 1947 ἀσχάλλων.

147 1987 210 2019 est.
257 1983 303 2018 ibi
326 1984 515 2021 sollicitudo
539 1996 615 2018 eum
642 1984 734 2030 cepit
750 1983 950 2028 designandi
965 1983 1031 2022 sibi
1045 1983 1267 2024 successoris,
1297 1993 1398 2027 quam
1415 1983 1457 2016 ad
1471 1994 1541 2016 rem
1559 1983 1616 2016 fa·-

147 2031 212 2065 cile
240 2031 393 2065 omnibus
422 2031 564 2065 fratrem
593 2031 785 2075 praetulit‚‘
803 2041 901 2075 quem
927 2029 1106 2073 benignum
1130 2032 1165 2062 et
1188 2028 1316 2064 cunctis
1342 2028 1493 2075 partibus
1509 2028 1612 2062 multo

146 2077 290 2111 maxime
313 2076 471 2115 idoneum
495 2081 594 2109 norat
615 2076 851 2120 gubernationi
873 2076 1090 2114 communium
1105 2075 1327 2118 negotiorum.
1371 2079 1511 2109 vocatus
1528 2086 1611 2118 ergo
1643 2091 1648 2100 ·

147 2123 261 2157 statim
276 2123 319 2156 ab
335 2123 538 2168 imperatore
552 2123 655 2156 talem
675 2122 718 2156 ab
735 2134 775 2155 eo
791 2121 998 2167 principatus
1022 2120 1219 2165 capessendi
1233 2120 1499 2157 adhortationem
1515 2120 1614 2154 audi-

148 2168 208 2203 vit.
255 2168 366 2202 “mibi
392 2169 545 2213 quidem,
576 2169 683 2202 frater
699 2168 884 2210 carissime,
915 2167 1008 2206 vitae
1025 2167 1121 2204 huius
1137 2166 1248 2205 exitus
1263 2178 1330 2200 non
1346 2167 1491 2201 obscure
1505 2166 1612 2203 immi-

148 2218 228 2255 net3
258 2214 373 2259 urgeri
395 2215 480 2248 enim
496 2226 549 2247 me
563 2214 596 2247 in
614 2219 763 2252 extrema
778 2213 900 2252 sentio.
947 2218 985 2246 te
1002 2224 1083 2246 vero
1099 2224 1161 2258 pro
1178 2224 1230 2246 me
1246 2216 1383 2258 oportet
1398 2212 1612 2258 procuratio-

148 2271 223 2294 nem
240 2261 412 2304 suscipere
427 2260 632 2305 publicarum
649 2271 760 2299 rerum
776 2263 812 2293 et
825 2259 956 2304 imperii
970 2259 1101 2292 clavum
1115 2258 1148 2292 in
1165 2269 1281 2296 manus
1298 2269 1449 2294 sumere:
1471 2258 1507 2295 id
1523 2258 1610 2293 enim

148 2318 214 2351 ego
231 2307 391 2352 expedire
404 2307 518 2340 iudico
529 2331 539 2346 ,
562 2318 627 2339 non
643 2305 790 2340 familiae
804 2303 977 2339 dumtaxat
992 2317 1032 2344 ac
1048 2304 1241 2348 cognationi
1258 2310 1412 2346 nostrae,
1438 2304 1498 2339 sed
1517 2316 1611 2338 com-

148 2352 293 2386 muniter
309 2352 459 2386 omnibus
470 2379 478 2395 ‚
506 2352 562 2396 qui
581 2353 754 2386 Romanae
769 2351 887 2390 ditioni
903 2351 1077 2385 subiectae
1092 2354 1181 2384 sunt.
1227 2350 1293 2389 iam
1308 2362 1396 2383 nunc
1410 2349 1514 2393 igitur
1529 2361 1612 2383 cen-

148 2409 206 2431 seo
219 2424 230 2440 ,
261 2403 394 2443 sumpto
411 2398 618 2440 diademate,
650 2397 760 2442 quoad
780 2397 853 2442 ipse
868 2397 978 2435 adhuc
991 2397 1101 2442 spiro,
1133 2395 1452 2431 administrationem
1469 2406 1612 2440 capesse

149 2443 200 2477 rei
218 2445 393 2488 publicae3
424 2444 510 2478 nosti
527 2444 611 2478 enim
629 2455 726 2488 quam
741 2443 837 2477 multi
854 2443 1007 2477 Romano
1022 2442 1162 2487 imperio
1179 2441 1377 2486 cupiditatis
1391 2441 1506 2476 oculos
1522 2440 1611 2475 adii-

152 2489 279 2523 ciant.’'
326 2490 377 2523 bis
392 2490 447 2524 ille
463 2490 602 2532 auditis,
620 2489 789 2525 contraxit
803 2489 945 2528 animum
961 2489 1155 2532 virtuteque
1173 2498 1235 2521 sua
1248 2486 1391 2520 involvit
1403 2497 1461 2528 se,
1477 2486 1611 2520 subitu-

148 2545 222 2568 rum
246 2535 378 2580 quidvis
404 2536 515 2581 potius
531 2536 608 2570 mali
623 2547 664 2570 ac
679 2535 819 2581 periculi
833 2536 1011 2570 ostendens
1026 2545 1124 2578 quam
1141 2537 1180 2566 ut
1194 2532 1244 2566 rei
1268 2532 1448 2568 eommunis
1463 2532 1611 2568 delatam

149 2581 423 2623 gubernationem
449 2582 626 2616 admittere
649 2581 849 2615 sustineren
889 2581 984 2620 cuius
1009 2580 1072 2613 hoc
1094 2579 1269 2625 proposito
1285 2589 1371 2616 uxor
1387 2578 1457 2611 eius
1473 2577 1610 2621 cognito

150 2626 301 2669 graviter
315 2628 431 2661 summi
446 2629 580 2662 honoris
597 2629 759 2665 iacturam
775 2628 888 2664 ferens
903 2652 912 2668 ‚
941 2626 992 2659 his
1011 2626 1084 2660 fere
1099 2625 1205 2658 virum
1222 2624 1430 2659 sermonibus
1447 2623 1610 2668 aggredi-

150 2676 218 2704 tur.
263 2672 286 2688 ‘⁵
299 2683 358 2706 cur
373 2674 514 2712 obsecro
531 2679 582 2716 te,
614 2673 746 2710 domine
761 2673 825 2714 mi,
857 2683 967 2708 ensem
983 2670 1119 2714 stringis
1134 2671 1168 2703 in
1184 2676 1218 2704 te
1232 2670 1339 2716 ipsum
1358 2674 1395 2703 et
1423 2669 1611 2704 communia

152 2716 314 2762 pignora,
345 2730 454 2763 neque
478 2721 583 2754 nobis*
601 2720 778 2757 consulens
802 2730 911 2763 neque
933 2719 1050 2751 horum
1074 2717 1269 2751 immaturae
1292 2716 1446 2750 misertus
1461 2714 1609 2749 aetatis?

151 2774 220 2796 non
251 2762 346 2796 vides
375 2766 505 2803 omnino
536 2767 612 2800 sore
623 2794 633 2810 ,
663 2770 700 2801 ut
723 2765 922 2815 quicumque
945 2764 1130 2797 Romanum
1152 2762 1326 2808 imperium
1354 2762 1495 2807 arripiat
1511 2761 1610 2799 alius,

152 2807 264 2842 studio
281 2813 467 2854 conatuque
481 2812 630 2846 enitatur
644 2811 732 2851 omni
748 2821 853 2855 genus
869 2810 1056 2848 universum
1073 2809 1187 2845 delere
1209 2814 1360 2847 nostrum
1372 2836 1382 2851 ‚
1413 2808 1465 2841 sic
1486 2818 1524 2840 se
1547 2806 1609 2838 ‹le-

152 2865 241 2888 mum
256 2853 322 2887 sibi
336 2866 483 2900 suaeque
498 2858 643 2892 familiae
658 2857 904 2902 possessionem
917 2855 1047 2901 imperii
1062 2860 1264 2889 asserturum
1285 2859 1473 2890 autumans.
1520 2861 1610 2895 quae

154 2901 238 2934 haec
263 2899 388 2945 igitur,
418 2902 556 2947 malum,
585 2903 729 2943 stultitia
744 2909 797 2939 est
810 2902 1012 2950 praecipites
1034 2901 1182 2940 abiicere
1194 2911 1255 2938 uos
1271 2904 1470 2944 nostrosque
1485 2897 1610 2933 liberos
