1878 3262
243 229 343 279 294
725 228 950 274 lomus
984 207 1215 275 emmau

245 346 287 396 ἐς
312 344 385 398 τὴν
417 341 574 400 εἱρκτὴν
607 338 866 400 παρελθόντα
899 341 1098 397 βασιλέως
1141 341 1227 386 οὕτε
1262 340 1442 388 ἑκουσίου
1475 343 1549 396 τὰς
1578 341 1696 399 ι’)’ψεις

245 414 514 469 ἀφαιροῦνται
534 410 604 454 τὸν
623 413 810 469 μείρακα.
877 405 934 455 ὧν
959 411 1092 466 ἐπειδὴ
1109 411 1300 466 βασιλεὺς
1314 411 1499 468 ἤκουσεν,
1529 412 1694 467 ἐδυσχέ-

243 497 337 537 ρανε
369 480 442 533 μὲν
473 481 541 521 καὶ
570 478 729 534 ὤμνυτό
753 497 796 536 γε
816 479 874 536 μὴ
900 479 950 523 ἂν
972 480 1099 523 αὐτοῦ
1118 478 1340 531 ξυνειδότος
1358 480 1404 523 τὸ
1421 479 1573 524 τοιόνδε
1591 481 1695 538 πρὸς

243 549 389 590 ἐκεῖνον
410 546 645 604 εἰργάσθαι,
679 547 814 605 ἤνεγκε
834 549 878 591 δὲ
898 547 1008 603 ὅμως
1027 548 1072 590 τὸ
1090 547 1272 604 ἄλγημα·
1307 548 1354 591 οὗ
1373 547 1450 606 γὰρ
1471 546 1569 603 εἶχεν
1585 548 1697 600 ὅπως

191 617 225 653 D
247 616 321 659 σὺν
338 620 397 674 τῷ
418 617 558 674 δικαίῳ
576 617 670 668 τοὺς
688 615 915 675 δράσαντας
933 617 1152 672 ἀμυνεῖται.
1702 626 1727 663 5

383 685 428 729 2.
489 685 602 729 Ἀλλ’
640 684 735 743 ὅπερ
774 686 955 741 ἐλέγομεν
962 717 975 738 ,
1032 682 1207 739 Μιχαὴλ
1251 683 1323 737 μὲν
1375 683 1439 726 ἐπὶ
1479 681 1696 738 Ἀμᾶσειαν

242 750 442 807 ἔπεμψεν·
478 751 499 795 ὃ
527 754 571 796 δὲ
595 753 664 796 τὸν
682 752 911 807 Δαμάλεως
933 753 1122 811 πορθμὸν
1145 751 1290 806 διαβὰς
1314 750 1415 795 εὐθὺ
1433 754 1697 809 Μελαγγείων

243 819 396 878 ἐχώρει.
464 820 565 864 ἔνθα
590 821 633 866 ἔκ
662 839 703 864 τε
722 824 922 872 Βιθυνίας
955 819 1122 864 καὶτοῦ
1143 820 1361 863 Ῥυνδακοῦ
1380 822 1541 878 χωρίων
1570 819 1699 878 στρά-

103 889 134 925 V'
156 892 225 929 134
246 907 373 943 τευμα
404 889 564 947 ἀγείρας
591 890 726 933 ἱκανὸν
760 889 862 947 ἐξῄει
893 891 956 932 ἐπὶ
985 890 1038 933 τὰ
1055 890 1288 946 Δορυλαίου
1319 891 1436 931 πεδία
1446 921 1460 941 ,
1494 889 1546 932 τὰ
1574 890 1697 933 ἐκεῖσε

237 956 445 1011 Ῥωμαίων
468 956 645 1015 φρούρια
669 957 826 1016 εἰρήνης
852 957 1096 1013 κατεχούσης
1120 957 1177 1000 ἔτι
1196 962 1275 1000 τῶν
1295 958 1523 1012 ἐπιτηδείων
1542 958 1696 1013 ε’μπλη-
1706 963 1753 999 10

242 1023 410 1080 σόμενος
441 1029 507 1068 καὶ
534 1034 618 1077 τοῖς
643 1032 702 1084 τῷ
742 1027 914 1069 σουλτὰν
943 1027 1246 1081 δυσμεναίνουσι
1275 1025 1434 1083 θάρσος
1461 1025 1516 1068 ἔτι
1541 1030 1698 1080 μᾶλλον

242 1092 496 1148 ἔμποιήσων,
530 1095 631 1151 πρὸς
657 1097 701 1137 δὲ
724 1097 791 1137 καὶ
813 1093 1043 1152 Δορύλαιον
1071 1093 1410 1149 ἄνοικοδομήσων.
1477 1093 1522 1137 τὸ
1544 1095 1588 1136 δὲ
1608 1094 1700 1137 Δο-

243 1161 409 1219 ρύλαιον
437 1166 555 1205 τοῦτο
581 1157 631 1218 ἦν
655 1164 728 1217 μὲν
751 1162 815 1205 ὅτε
844 1162 958 1214 πόλις
986 1159 1036 1218 ἦν
1061 1161 1213 1219 μεγάλη
1245 1179 1286 1205 τε
1320 1162 1426 1219 εἴπερ
1457 1180 1517 1212 τις
1544 1166 1625 1205 τῶν
1656 1163 1702 1205 ἕν

103 1229 134 1265 Ρ
159 1231 226 1268 172
237 1230 352 1290 Ἀσίᾳ
379 1233 446 1272 καὶ
475 1229 594 1286 λόγου
624 1231 716 1282 ἀξία
743 1235 907 1273 πολλοῦ.
944 1231 1050 1288 αὔρα
1068 1248 1109 1274 τε
1128 1231 1205 1287 γὰρ
1228 1230 1297 1272 τὸν
1312 1235 1446 1287 χῶρον
1468 1229 1604 1286 ἁπαλὴ
1622 1247 1699 1273 κα-

243 1305 401 1350 ταπνεῖ,
437 1301 503 1341 καὶ
532 1300 649 1343 πεδία
678 1299 778 1354 παρ’
812 1299 937 1354 αὐτὴν
959 1300 1119 1342 τέταται
1148 1296 1347 1353 λειότητός
1371 1316 1411 1341 τε
1435 1299 1497 1340 ἐπὶ
1514 1303 1698 1341 πλεῖστον
1709 1305 1754 1342 15

242 1366 392 1422 ἥκοντα
413 1369 481 1409 καὶ
501 1366 708 1423 ἀμήχανόν
725 1384 763 1410 τι
781 1369 1055 1425 προφαίνοντα
1077 1365 1243 1418 κάλλος,
1272 1365 1376 1409 οὕτω
1395 1367 1529 1421 μέντοι
1546 1368 1699 1425 λιπαροὶ

243 1437 311 1479 καὶ
334 1434 460 1486 οὕτως
480 1435 622 1492 εὕγεω,
659 1434 714 1486 ὥς
741 1434 814 1491 τήν
835 1453 875 1479 τε
896 1435 999 1478 πόαν
1030 1438 1186 1492 δαψιλῆ
1212 1434 1390 1489 μάλιστα
1408 1433 1606 1478 ἐκδιδόναι
1631 1438 1701 1478 καὶ

243 1502 373 1560 ἁβρὸν
392 1504 641 1559 παρέχεσθαι
666 1503 856 1558 ἄσταχυν.
923 1504 1104 1558 ποταμὸς
1133 1505 1176 1545 δὲ
1208 1503 1275 1545 διὰ
1303 1508 1377 1546 τοῦ
1402 1505 1494 1559 τῇδε
1522 1503 1567 1546 τὸ
1588 1508 1700 1558 νᾶμα

242 1572 386 1625 πέμπει
416 1573 482 1613 καὶ
512 1573 673 1616 ἰδέσθαι
702 1572 824 1621 καλὸς
851 1574 918 1614 καὶ
947 1571 1172 1627 γεύσασθαι
1188 1569 1300 1626 ἡδύς.
1367 1575 1526 1626 πλῆθος
1543 1571 1700 1625 ἰχθύων

242 1643 435 1682 τοσοῦτον
456 1640 498 1681 δὲ
516 1638 717 1695 ἒννήχεται
736 1638 878 1697 τούτῳ,
901 1640 995 1682 ὅσον
1015 1643 1070 1690 εἰς
1093 1641 1308 1694 δαψίλειαν
1324 1645 1408 1689 τοῖς
1426 1642 1519 1696 τῇδε
1539 1638 1754 1683 &davd-ao

241 1724 361 1762 μενον
385 1709 538 1759 ἐλλιπὲς
556 1709 716 1763 οὐδαμῆ
735 1710 933 1763 γίνεσθαι.
1000 1709 1180 1750 ἐνταῦθα
1201 1710 1472 1763 Μελισσηνῶν
1490 1725 1585 1750 ποτε
1608 1711 1700 1751 καί-

243 1791 341 1832 σαρι
376 1778 495 1817 οἰκίαι
522 1794 563 1819 τε
591 1775 910 1834 ἐξῳκοδόμηνται
931 1778 1112 1833 λαμπραὶ
1141 1777 1209 1817 καὶ
1228 1779 1361 1829 κῶμαι
1382 1775 1700 1834 πολυάνθρωποι

243 1838 349 1899 ἦσαν
376 1843 516 1901 θερμά
534 1862 575 1887 τε
605 1843 816 1898 αὐτόματα
844 1847 911 1887 καὶ
937 1847 1051 1888 στοαὶ
1070 1845 1138 1886 καὶ
1155 1845 1318 1896 πλυνοὶ,
1347 1845 1414 1885 καὶ
1435 1843 1512 1887 ὅσα
1533 1844 1701 1903 ἀνθρώ-

335 1952 369 1985 8.
391 1946 617 1996 Ῥυνδακοῦ]
642 1951 729 1987 cod.
753 1947 971 1995 Ἑμυδακοῦ.
997 1950 1142 1988 correxit
1165 1951 1309 1986 Tollius.
1424 1951 1479 1990 14.
1501 1947 1624 1997 αὔρα]
1644 1951 1699 1987 Ita

334 1995 479 2030 Tollius.
527 1997 613 2032 eod.
639 1993 750 2043 ἅβρα.
890 1999 943 2032 18.
967 1994 1108 2042 ἁβρὸν]
1131 1996 1244 2030 Malim
1268 1993 1398 2042 ἁδρόν.

245 2088 337 2120 vant.
383 2086 471 2130 quod
487 2087 544 2121 ubi
559 2087 615 2122 ille
631 2087 758 2121 audivit
770 2114 781 2131 ‚
813 2087 1007 2132 indignatus
1033 2087 1165 2132 quidem
1191 2087 1447 2135 obtestatusque
1469 2090 1522 2122 est
1541 2086 1644 2122 inscio
1659 2098 1699 2122 se

244 2131 282 2165 id
297 2132 423 2165 factum
439 2143 525 2165 esse.
572 2133 719 2167 dolorem
735 2139 848 2167 tamen
864 2146 906 2168 ex
922 2145 962 2167 eo
976 2139 1172 2179 conceptum
1188 2144 1269 2167 casu
1283 2133 1361 2168 tulit
1371 2159 1382 2177 ,
1414 2144 1487 2168 cum
1501 2136 1698 2179 suppeteret

246 2177 345 2219 nibil,
371 2177 459 2210 unde
474 2176 631 2211 facinoris
646 2184 802 2212 auctores
819 2179 993 2223 plecteret.

339 2224 372 2257 2.
419 2222 565 2255 Michael
579 2223 702 2267 igitur,
735 2225 783 2257 uti
803 2224 926 2260 dictum
946 2228 1017 2266 est,
1048 2223 1215 2259 Amasiam
1230 2224 1367 2267 missus,
1391 2224 1534 2258 traiecto
1549 2223 1698 2258 Damalis

247 2268 339 2302 freto
354 2267 398 2301 ad
416 2267 585 2312 Melangia
600 2273 694 2302 recto
718 2269 837 2303 itinere
856 2270 1038 2304 contendit.
1084 2270 1163 2304 inde
1193 2282 1234 2304 ex
1262 2269 1419 2313 Bithynia
1448 2274 1482 2303 et
1508 2269 1697 2313 Rhyndaco

215 2320 219 2329 ¹
249 2313 368 2347 vicinis
392 2313 586 2357 regionibus
607 2314 726 2348 idoneo
755 2320 928 2349 contracto
952 2315 1102 2349 exercitu
1126 2316 1170 2350 ad
1187 2326 1320 2360 campos
1334 2314 1494 2358 Dorylaei
1509 2314 1558 2349 ire
1574 2315 1697 2359 pergit,

249 2363 290 2392 ut
314 2359 361 2393 ibi
386 2359 568 2393 constituta
582 2359 807 2393 Romanorum
831 2361 998 2406 praesidia
1019 2367 1053 2394 et
1080 2361 1216 2395 castella
1241 2372 1301 2406 per
1319 2361 1410 2405 pacis
1426 2360 1533 2395 adhuc
1548 2359 1698 2395 inducias

249 2405 438 2438 necessario
455 2408 639 2455 commeatu
654 2406 798 2442 muniret
813 2412 847 2441 et
862 2406 993 2440 Sultani
1008 2406 1146 2444 inimicis
1161 2406 1301 2440 adderet
1315 2406 1448 2448 animos,
1471 2416 1511 2439 ac
1527 2411 1697 2450 postremo

249 2450 457 2493 Dorylaeum
470 2450 686 2489 instauraret,
731 2451 935 2495 Dorylaeuiu
957 2451 1065 2494 istud,
1097 2463 1163 2485 una
1183 2451 1347 2496 quondam
1369 2463 1412 2484 ex
1426 2450 1573 2487 maximis
1589 2457 1623 2485 et
1639 2463 1697 2486 ce·-

250 2495 437 2529 leberrimis
453 2496 552 2529 Asiae
568 2496 703 2533 urbibus
718 2497 791 2530 fuit.
840 2497 944 2530 mollis
963 2498 1048 2530 enim
1064 2502 1207 2532 tractum
1221 2497 1320 2531 istum
1335 2507 1419 2530 aura
1434 2496 1557 2540 perflat
1567 2523 1578 2539 ‚
1608 2508 1697 2531 cam-

250 2540 352 2585 pique
380 2541 617 2577 circumiacent
639 2542 730 2587 plani
753 2541 928 2576 admodum
944 2547 978 2575 et
993 2543 1216 2576 incredibilem
1233 2542 1403 2589 quamdam
1421 2543 1696 2586 pulchritudinem

250 2587 504 2632 praeferentest
545 2592 612 2620 tam
637 2588 779 2632 pingues
806 2593 917 2623 autem
945 2591 980 2621 et
1005 2588 1184 2633 foecundi,
1213 2594 1251 2621 ut
1275 2588 1397 2620 herbas
1424 2588 1530 2632 pastui
1555 2589 1697 2633 optimas

250 2631 454 2679 uberemque
469 2637 617 2676 segetem
633 2633 829 2677 producant.
878 2633 921 2667 ad
937 2634 1020 2667 haec
1035 2634 1156 2668 fluvius
1171 2632 1339 2677 regionem
1355 2633 1491 2677 perfluit
1507 2638 1541 2667 et
1556 2639 1697 2679 aspectu

251 2675 412 2710 iucundus
428 2681 462 2709 et
476 2678 588 2711 suavis
606 2683 718 2722 gustu.
764 2683 859 2717 tanta
885 2690 965 2712 vero
992 2679 1121 2712 innatat
1143 2679 1177 2714 in
1200 2690 1239 2712 eo
1267 2677 1403 2722 piscium
1427 2679 1603 2714 multitudo
1617 2707 1627 2724 ‚
1658 2683 1698 2714 ut

252 2722 462 2768 quantumvis
484 2734 603 2766 magna
629 2724 728 2768 copia
753 2725 796 2759 ab
820 2724 936 2758 incolis
964 2725 1151 2768 capiantur,
1181 2723 1363 2765 largissime
1378 2730 1487 2758 tamen
1503 2730 1696 2770 suppetant.

251 2766 308 2801 hic
331 2767 408 2801 olim
432 2778 453 2800 a
468 2768 648 2805 Melisseno
673 2769 759 2813 isto,
799 2770 856 2817 qui
881 2769 1036 2803 Caesaris
1051 2769 1214 2812 dignitate
1228 2768 1363 2812 insignis
1389 2770 1473 2814 fuit‚
1504 2775 1698 2805 exstructae

252 2813 350 2846 fuere
366 2813 482 2847 domus
497 2813 711 2858 splendidae,
740 2814 874 2859 vicique
897 2819 993 2847 erant
1017 2814 1177 2848 hominum
1202 2814 1390 2860 frequentia
1407 2816 1576 2850 celebresx
1608 2820 1698 2850 utet

252 2859 402 2896 thermae
417 2859 573 2902 nativae,
604 2863 639 2893 et
663 2859 812 2906 porticus
836 2864 872 2896 et
893 2859 1050 2897 lavacra:
1082 2870 1235 2905 quaeque
1257 2859 1322 2895 alia
1337 2860 1519 2898 hominibus
1535 2861 1697 2907 voluptati
