1878 3262
235 199 336 248 298
719 198 946 243 IOANNIS
981 199 1212 245 CINNAMI

93 323 124 358 P
149 323 215 361 174
237 313 473 373 γυησαμὲνῳ
496 308 722 370 πρότερον),
756 312 932 368 Μιχαὴλ
959 312 1032 367 μέν
1063 320 1153 356 τινα
1179 311 1390 374 βάρβαρον
1422 316 1533 373 γένος
1566 317 1687 374 (ἀμέ-

236 390 295 427 λει
323 385 390 424 καὶ
415 381 526 435 Ἰσάχ
552 379 680 434 ὄνομα
709 381 820 439 αὐτῷ
837 380 1030 439 πρότερον
1047 377 1116 438 ἦν)
1147 387 1228 426 τῶν
1253 385 1315 425 ἐπὶ
1340 383 1472 435 ἑστίας
1502 387 1545 428 δὲ
1575 387 1688 444 αὐτῷ

237 449 604 506 διυπηρετουμένων
621 449 673 492 τὰ
691 454 854 507 πρῶτα,
889 451 958 508 ἐφ’
991 445 1024 509 (ἶ
1052 468 1164 501 τινας
1185 458 1437 508 στρατιωτῶν
1453 459 1532 496 τῶν
1553 455 1594 496 ἐκ
1614 459 1686 509 τῆς

235 519 487 568 λειποταξίας
505 518 546 568 ἒς
568 517 614 560 τὸ
639 522 757 572 σῶμα
780 521 974 573 ζημιῶσαι
996 520 1184 574 ἔπεμψεν.
1252 517 1272 561 ὅ
1296 521 1339 562 δὲ
1358 520 1427 570 ξὺν
1448 521 1591 578 ὀλίγοις
1612 523 1686 572 τὰς

234 589 298 630 ἐπὶ
316 585 504 641 Λάμπης
523 586 695 629 διελθὼν
714 586 926 639 πεὸιάὸας,
957 587 1151 645 φρούριόν
1167 604 1205 630 τι
1225 589 1314 645 περὶ
1332 586 1495 646 πρώτας
1510 606 1587 632 που
1614 594 1687 633 τοῦ
1697 598 1720 634 5

233 655 483 712 Μαιάνδρου
515 655 724 712 ἱδρυμένον
758 656 928 710 ἐκβολὰς
959 655 1208 712 (Σούβλαιον
1234 655 1363 710 ὄνομα
1394 657 1523 715 αὐτῷ)
1553 657 1687 717 χρόνῳ

233 723 438 774 πεπτωκὸς
472 723 671 780 ἀνεγείρει.
739 724 922 767 ἐντεῦθεν
958 725 1088 767 οὐκέτι
1121 725 1171 780 δὴ
1203 723 1352 782 τρόπον
1397 724 1514 782 ὅνπερ
1553 725 1689 769 εἰώθει

234 794 438 846 πολεμίοις
463 793 760 846 ξυμπλέκεσθαι
784 792 976 847 βασιλεὺς
1000 792 1172 850 ἤρξατο,
1210 794 1314 835 ἀλλὰ
1332 798 1410 851 πῦρ
1431 792 1515 836 οἷον
1532 793 1559 848 ἢ
1575 793 1687 851 ὕδωρ

234 859 521 910 ἄνυποστάτως
541 859 652 917 ὤργα
670 863 737 903 καὶ
758 862 933 918 ἐφέρετο.
998 862 1190 916 βασιλεὺς
1207 863 1280 916 μὲν
1303 857 1373 904 οὖν
1390 863 1432 904 ἐν
1450 861 1606 912 τούτοις
1623 857 1687 917 ἦν,

233 929 407 984 Μιχαὴλ
439 929 502 980 δὲ,
546 923 667 986 οὗπερ
698 929 776 984 ἤδη
805 928 1036 985 ἐμνήσθην,
1081 929 1173 973 ὡσεὶ
1199 932 1242 972 ἐκ
1271 933 1449 980 πλείονος
1478 930 1556 986 ἤδη
1583 931 1688 973 κατὰ
1700 942 1744 977 10

181 999 213 1036 Β
230 996 438 1051 Ῥωμαίων
458 995 643 1052 ἐτύγχανε
661 997 849 1053 μεμηνώς
855 1030 868 1049 ,
904 999 1068 1055 ἕρμαιον
1094 999 1166 1053 τὴν
1190 1000 1389 1053 βασιλέως
1415 997 1503 1042 τότε
1535 999 1585 1054 δὴ
1616 1017 1688 1041 πε-

233 1066 446 1120 ποιημένος
474 1064 617 1122 ὀργήν,
663 1071 742 1108 τῶν
769 1066 1156 1123 παρατυγχανόντων
1191 1068 1301 1124 αὐτῷ
1340 1069 1527 1119 ἕκαστον,
1573 1067 1689 1110 οὐδὲν

231 1133 622 1191 πολυπραγμονήσας
648 1132 860 1192 πρότερον,
894 1134 1034 1178 ὕπτιόν
1062 1153 1103 1178 τε
1135 1136 1238 1178 κατὰ
1264 1139 1337 1191 γῆν
1361 1135 1477 1178 ἔτεινε
1501 1137 1568 1177 καὶ
1590 1134 1686 1179 κατ’

230 1202 466 1258 ὀφθαλμοῖν
502 1202 570 1244 τὸν
604 1204 768 1259 σίδηρον
798 1202 965 1257 βάπτων
996 1204 1117 1245 αὐτὸν
1144 1205 1217 1257 μὲν
1246 1205 1376 1253 αὐτοῦ(
1401 1205 1463 1245 εἴα
1500 1205 1688 1254 δείλαιον,

231 1271 324 1312 οὐδὲ
353 1270 444 1312 ὅτου
475 1271 587 1313 ἕνεκα
616 1270 761 1325 πάσχει
791 1272 991 1323 συνιέντα,
1020 1272 1112 1314 οὐδὲ
1138 1274 1348 1328 στρατείας
1372 1271 1476 1314 ἔστιν
1496 1266 1755 1326 adflata-15,

231 1337 427 1392 λαχόντα,
466 1339 580 1384 ἀλλὰ,
597 1340 782 1395 ἀγροῖκον
802 1339 828 1395 ἢ
850 1341 1058 1396 ἐμπορίαις
1077 1339 1358 1394 ξυμβάλλοντα
1389 1339 1415 1394 ἢ
1444 1340 1532 1382 τινὰ
1555 1340 1688 1382 ἄλλων

232 1406 474 1464 ἀνθρώπων.
530 1406 550 1450 ὃ
571 1409 613 1449 δὲ
631 1409 695 1449 ἐπ’
724 1407 872 1458 ἄλλους
891 1407 1028 1465 ἐχώρει
1049 1410 1115 1450 καὶ
1137 1407 1319 1462 σώμασιν
1340 1406 1569 1464 ἀνθρώπων
1587 1409 1688 1449 ἕλω-

91 1480 124 1516 V
148 1482 214 1518 136
233 1480 336 1530 βᾶτο
362 1480 547 1528 πολλοῖς,
591 1477 663 1526 ἕως
693 1481 773 1518 τῶν
794 1478 1076 1534 πραττομένων
1105 1476 1347 1530 αἷσθόμενος
1371 1477 1562 1530 βασιλεὺς
1588 1475 1686 1532 (ἤδη

232 1544 310 1599 γὰρ
337 1544 388 1585 τὰ
418 1545 523 1600 ἀμφὶ
553 1549 610 1601 τῷ
635 1547 814 1601 φρουρίῳ
843 1547 1079 1598 διαθέμενος
1111 1540 1152 1586 εὖ
1177 1547 1239 1586 ἐπὶ
1259 1543 1479 1596 Βυζάντιον
1501 1545 1687 1597 ἀνεκομί-

233 1611 338 1664 ζετο)
369 1616 440 1667 τῆς
461 1611 588 1669 ὁρμῆς
619 1612 740 1654 αὐτὸν
765 1613 934 1655 ἔπαυσε·
970 1614 1069 1669 παρ’
1103 1614 1233 1668 ὀλίγον
1259 1613 1393 1666 μέντοι
1420 1613 1567 1667 ἐγένετο
1597 1619 1744 1662 ταῖςΞο

232 1683 408 1722 τοιαῖσδε
442 1681 659 1731 καὶ-αὐτὸς
695 1679 933 1723 ἐκδεδόσθαι
961 1688 1137 1731 ποιναῖς,
1180 1681 1313 1737 ὥσπερ
1347 1681 1511 1735 ἐλέγετο.
1582 1680 1688 1722 ἀλλὰ

183 1752 214 1787 C
236 1749 426 1803 βασιλεὺς
453 1750 528 1803 μὲν
551 1749 609 1804 μὴ
641 1750 770 1792 ταύτὰ
794 1751 859 1791 καὶ
888 1748 1007 1791 πάλιν
1021 1748 1234 1806 Ῥωμαίοις
1252 1753 1441 1806 τολμηθῇ
1457 1750 1688 1803 διανοηθεὶς

325 1890 359 1924 6.
392 1887 628 1945 Σζούβλαιον]
662 1890 747 1945 de.
779 1856 959 1946 Σορβλοαῖ.
1003 1890 1096 1924 ΤοΙΙ.
1125 1888 1310 1943 Σούβλας.
1471 1889 1523 1927 15.
1555 1887 1688 1945 πάσχει

325 1937 514 1979 συνιεντα]
539 1935 624 1969 Cod.
647 1946 799 1979 πασχειν
824 1947 985 1971 ανιεντοι.
1012 1941 1158 1970 correxit
1179 1936 1266 1972 Duc.
1449 1936 1505 1972 16.
1526 1935 1686 1981 ξυμβαλ-

324 1982 460 2026 λοντα]
487 1982 572 2016 Duc.
595 1980 838 2028 ξυμβαλόντα.

233 2061 274 2092 ut
286 2058 395 2101 aiunt,
427 2060 609 2103 vetuisset,
637 2073 679 2095 ne
694 2061 768 2106 quis
785 2060 904 2095 castris
921 2060 1131 2106 excederet),
1146 2061 1346 2096 Michaelem
1362 2059 1533 2107 quemdam
1549 2060 1686 2095 natione

234 2105 432 2147 barbarum,
464 2112 565 2139 antea
582 2107 679 2140 Isach
703 2112 879 2149 vocatum,
910 2107 998 2140 inter
1019 2107 1218 2142 domesticos
1239 2108 1409 2141 ministros
1426 2106 1549 2152 primas
1564 2110 1684 2139 tenen-

233 2155 323 2191 tem,
353 2150 396 2183 ad
419 2152 610 2185 sumendum
634 2153 677 2185 de
698 2152 738 2186 iis
763 2154 820 2197 qui
840 2152 972 2186 ordines
991 2152 1211 2187 deseruerant
1224 2153 1441 2199 supplicium,
1473 2151 1580 2186 misit:
1610 2151 1684 2196 ipse

235 2207 311 2228 cum
335 2196 451 2240 paucis
474 2208 535 2241 per
551 2197 695 2242 Lampes
721 2210 851 2243 campos
867 2198 935 2231 iter
950 2198 1098 2242 faciens,
1132 2199 1290 2244 oppidum
1306 2199 1472 2243 quoddam
1485 2197 1528 2230 ad
1545 2197 1684 2230 Maean-

235 2241 288 2274 dri
302 2242 415 2275 fontes
430 2247 644 2284 exstructum,
669 2243 722 2275 cui
739 2244 920 2277 Sublaeum
936 2255 1054 2278 nomen
1071 2249 1140 2287 est,
1173 2250 1343 2279 vetustate
1359 2244 1539 2288 collapsum
1553 2242 1684 2276 instau-

236 2291 303 2321 rat.
348 2286 394 2320 ibi
409 2288 591 2332 imperator
608 2288 672 2321 alio
689 2300 826 2332 prorsus
841 2301 938 2333 quam
954 2301 1019 2334 quo
1035 2291 1166 2324 solebat
1183 2290 1280 2324 modo
1293 2316 1304 2332 ,
1331 2301 1403 2323 cum
1418 2287 1567 2322 hostibus
1584 2299 1684 2331 prae-

236 2332 316 2366 lium
330 2332 415 2368 inire
430 2334 550 2378 coepit.
595 2333 682 2376 ignis
699 2334 783 2369 enim
803 2341 860 2367 aut
875 2346 981 2379 aquae
998 2336 1126 2374 effusae
1141 2336 1267 2378 instar,
1299 2335 1389 2372 nullo
1414 2333 1476 2367 sibi
1490 2333 1682 2376 resistente,

234 2379 483 2414 accendebatur
498 2383 533 2412 et
550 2379 731 2415 ferebatur.
778 2380 953 2422 dumxhaec
968 2392 988 2414 a
1004 2381 1154 2425 principe
1170 2382 1370 2425 agebantur,
1399 2378 1561 2422 Michael,
1589 2378 1683 2412 cuius

234 2424 333 2458 modo
349 2425 495 2466 memini,
527 2429 564 2458 ut
580 2425 636 2469 qui
654 2425 808 2458 Romanis
826 2426 1017 2470 iampridem
1033 2427 1180 2460 infensus
1197 2431 1291 2468 erat,
1323 2428 1422 2470 capta
1442 2424 1518 2458 irati
1535 2424 1683 2468 impera-

234 2470 320 2503 toris
346 2470 541 2513 occasione,
574 2470 693 2504 obvios
727 2482 896 2515 quosque,
927 2472 1017 2504 nulla
1040 2472 1155 2506 habita
1178 2472 1271 2517 prius
1295 2470 1510 2515 quaestione.
1545 2470 1682 2514 supinos

235 2515 280 2548 ad
304 2519 426 2549 terram
451 2516 634 2560 prosternit
655 2517 814 2561 ferroque
830 2516 932 2551 oculis
947 2517 1100 2552 immerso
1118 2522 1314 2552 excaecatos
1330 2516 1465 2549 miseros
1481 2515 1569 2548 sicut
1585 2519 1682 2549 erant

235 2560 413 2604 relinquit,
446 2572 600 2605 quorsum
617 2563 699 2596 haec
715 2568 911 2607 paterentur
926 2562 1060 2605 ignaros
1075 2574 1228 2608 prorsus:
1258 2562 1339 2595 licet
1361 2561 1460 2595 etiam
1485 2561 1531 2594 rei
1548 2561 1682 2595 militari

236 2617 303 2640 non
318 2605 491 2640 dedissent
506 2618 641 2651 operam
654 2634 664 2650 ,
695 2608 755 2642 sed
781 2608 895 2643 rustici
925 2613 1038 2642 essent
1062 2614 1120 2642 aut
1140 2613 1340 2642 mercatores
1357 2606 1510 2650 aliudque
1526 2606 1558 2639 id
1574 2617 1682 2650 genus

237 2651 414 2686 hominum.
460 2656 561 2697 atque
582 2653 630 2686 ita
645 2653 677 2686 in
693 2653 775 2687 alios
791 2654 890 2688 etiam
906 2655 1145 2697 grassabatur,
1175 2665 1258 2698 quos
1274 2652 1399 2697 pariter
1414 2652 1565 2685 membris
1582 2652 1682 2686 foede

239 2697 421 2731 mutilabat.
469 2699 528 2731 sed
553 2698 752 2742 imperator,
781 2700 837 2743 qui
852 2700 915 2733 iam
933 2699 1056 2744 oppido
1072 2699 1269 2734 communito
1283 2709 1439 2731 reversus
1457 2703 1530 2731 erat
1546 2698 1695 2740 Byzan-›

239 2743 321 2778 tium
337 2741 475 2786 cognitis
491 2743 563 2777 istis
578 2755 650 2777 eum
667 2745 864 2785 revocavit,
893 2756 956 2778 nec
981 2745 1115 2778 multum
1141 2744 1250 2778 abfuit
1275 2744 1354 2787 quin
1369 2743 1486 2777 iisdem
1502 2755 1681 2788 propemo-

239 2788 316 2823 dum
331 2814 341 2832 ,
364 2787 484 2834 quibus
499 2788 581 2824 alios
597 2789 751 2823 affecisse
766 2790 924 2832 diximus,
941 2800 1015 2823 eum
1029 2790 1241 2825 mulctaverit
1256 2789 1381 2834 poenis.
1406 2800 1520 2822 verum
1537 2800 1577 2822 ea
1592 2790 1680 2832 lege,

240 2839 280 2870 ut
301 2834 384 2870 talia
403 2834 561 2882 deinceps
583 2834 618 2869 in
634 2835 804 2871 Romanos
825 2847 892 2870 non
905 2835 1063 2880 auderet,
1094 2835 1218 2870 crimen
1232 2834 1364 2880 quidem
1378 2834 1428 2870 illi
1443 2834 1593 2870 remisit:
1620 2834 1685 2870 sed
