1878 3262
267 206 361 254 114
444 235 449 249 ,
697 201 1003 247 NICEPHORI
1027 201 1295 245 BRYENNII
1322 212 1327 221 Χ

264 321 359 370 τοὺς
379 322 451 374 τῆς
472 313 790 374 μεγαλοπόλεως.
859 313 986 375 ἐδόκει
1008 315 1052 358 δὲ
1073 318 1171 358 πᾶσι
1191 314 1250 370 μὴ
1271 313 1412 358 αὐτίκα
1429 321 1575 374 χωρεῖν
1591 314 1712 359 αὐτὸν

265 387 368 443 μετὰ
389 386 537 437 παντὸς
555 391 628 430 τοῦ
650 382 950 444 στρατεύματος
969 386 1032 426 ἐπὶ
1053 384 1099 427 τὸ
1120 382 1363 436 Βυζάντιον,
1389 385 1479 427 ἀλλ’
1506 386 1713 438 ἐκπέμπειν

266 455 356 498 τινὰ
384 459 464 498 τῶν
499 459 732 513 στρατηγῶν
767 454 869 509 μετὰ
905 451 1111 507 δυνάμεως
1142 451 1405 509 ἀποχρώσης,
1452 450 1537 507 ἅμα
1570 470 1611 495 τε
1647 454 1714 494 καὶ

264 525 451 582 πρέσβεις
482 524 583 581 πρὸς
603 523 672 567 τὸν
692 527 916 581 κρατοῦντα
936 524 1026 578 περὶ
1051 519 1206 579 εἰρήνης
1231 538 1272 563 τε
1300 523 1367 563 καὶ
1402 522 1714 578 δικαιοπραγίας.

149 600 177 632 Ρ
200 600 244 635 77
268 593 477 647 ἐκπέμπειν
499 593 542 635 δὲ
563 594 630 635 καὶ
650 592 751 650 πρὸς
770 592 863 642 τοὺς
885 592 927 634 ἓν
947 591 1048 633 τέλει
1070 588 1222 640 πάντας
1238 587 1595 646 χρυσοσημάντους
1613 606 1714 646 γρα-
1727 597 1749 632 5

267 661 350 719 φὰς
379 659 544 718 πλήρεις
578 660 704 712 οὔσας
735 659 986 715 ὑποσχέσεων
1018 663 1144 713 τιμῶν
1173 675 1215 700 τε
1239 660 1307 700 καὶ
1331 660 1491 714 δωρεῶν
1509 658 1717 712 μεγίστων,

268 731 335 772 καὶ
356 728 463 772 οὕτω
484 734 557 785 τῆς
578 729 740 786 γνώμης
759 727 912 772 τούτων
934 728 1249 784 ἀποπειρᾶσθαι.
1563 748 1578 772 ι

407 798 484 843 11.
552 797 712 841 Τούτου
731 802 828 854 γοῦν
850 795 1038 846 δόξαντος
1060 794 1081 837 ὃ
1107 795 1321 852 Βρυέννιος
1340 792 1410 836 τὸν
1432 794 1574 835 οἰκεῖον
1600 790 1719 846 ὃμαίο

265 883 372 920 μονα
393 866 464 908 τὸν
485 863 706 924 μάγιστρον
720 864 906 920 Ἰωάννην
927 862 1233 921 κουροπαλάτην
1248 860 1422 917 τιμήσας
1444 863 1511 904 καὶ
1534 861 1719 914 δομὲστι-

266 952 338 977 κον
366 938 448 976 τῶν
479 938 635 988 σχολῶν
669 934 882 983 ἀποδείξας
906 933 1009 986 μετὰ
1029 930 1235 986 δυνάμεως
1259 929 1499 988 ἀποχρώσης
1518 930 1719 983 ἐξέπεμπε,
1733 934 1776 970 10

268 1003 365 1052 ,δοὺς
399 1002 511 1059 αὐτῷ
539 1003 607 1043 καὶ
636 1006 716 1044 τῶν
752 1000 957 1058 ἀρχόντων
975 1007 1122 1057 μοῖραν
1145 1001 1218 1042 οὐκ
1240 1000 1464 1054 ἐλαχίστην.
1532 995 1553 1039 ὅ
1584 998 1628 1039 δὲ
1649 997 1723 1047 τὰς

216 1079 247 1114 Β
270 1068 459 1123 δυνάμεις
482 1069 698 1123 ἀναλαβών
727 1068 844 1126 ἀπῄει
873 1069 974 1126 πρὸς
1002 1069 1074 1124 τὴν
1093 1066 1529 1111 Κωνσταντινούπολιν.
1597 1066 1723 1116 ξυνεί-

204 1147 209 1151 “
267 1155 362 1180 πετο
387 1139 430 1179 δὲ
452 1139 520 1179 καὶ
540 1140 715 1179 Σκυθῶν
738 1137 812 1178 οὐκ
834 1138 1020 1191 ἐλαχίστη
1043 1155 1103 1187 τις
1125 1136 1316 1191 δύναμις,
1344 1136 1390 1178 οὗ
1412 1140 1492 1178 τῶν
1514 1134 1633 1184 ξένων
1655 1135 1724 1176 καὶ

266 1203 539 1262 μισθοφόρων
565 1205 670 1247 ἀλλὰ
691 1208 771 1248 τῶν
793 1204 871 1262 πρὸ
891 1209 1042 1246 πολλοῦ
1063 1203 1424 1259 αὐτομολησάντων
1444 1201 1522 1245 ὑπὸ
1547 1202 1620 1257 τὴν
1640 1207 1723 1255 βα-

268 1276 420 1317 σιλείαν
436 1271 658 1328 Ῥωμαίων.
726 1272 897 1331 φθάσας
924 1267 995 1315 οὖν
1024 1271 1046 1315 ὅ
1072 1274 1303 1327 δομέστικος
1327 1276 1406 1314 τῶν
1429 1275 1584 1326 σχολῶν
1607 1270 1721 1326 ἔγγὺς
1734 1276 1778 1312 15

269 1347 342 1397 τῆς
362 1340 825 1393 Κωνσταντινουπόλεως
856 1342 1162 1398 ἓστρατοπέδευε
1194 1343 1261 1383 καὶ
1292 1341 1530 1397 ἀπεπειρᾶτο
1561 1337 1724 1392 ταύτης.

270 1413 338 1453 καὶ
361 1412 399 1453 οἳ
418 1411 528 1461 ἐντὸς
549 1410 635 1465 ἅμα
652 1412 725 1465 μὲν
748 1411 805 1452 δι’
833 1410 953 1467 ὀργῆς
973 1410 1134 1465 ἄγοντες
1150 1409 1219 1452 τὸν
1242 1413 1466 1466 κρατοῦντα
1487 1409 1554 1449 καὶ
1575 1406 1620 1449 τὸ
1636 1423 1725 1462 γεν-

151 1483 183 1517 V
206 1484 251 1521 56
274 1486 385 1521 ναῖον
415 1481 483 1521 καὶ
514 1479 724 1536 σταθηρὸν
753 1483 826 1521 τοῦ
845 1480 1063 1535 Βρυεννίου
1093 1477 1368 1534 γινώσκοντες,
1404 1475 1453 1530 ἢν
1477 1475 1588 1525 ἐντὸς
1608 1474 1724 1532 ἔκρυ-

271 1549 458 1597 πτονεῗς
490 1548 636 1589 ἐκεῖνον
668 1546 825 1589 εὔνοιαν
861 1545 1131 1589 ἀνεκάλυπτον
1160 1547 1253 1602 ἤδη.
1323 1545 1426 1588 ἀλλὰ
1448 1544 1493 1587 τὸ
1518 1541 1724 1597 δαιμόνιον

270 1615 510 1669 ἀντωπῆσαν
529 1615 602 1670 τὴν
624 1613 783 1657 πάντων
805 1613 961 1657 εὔνοιαν
982 1616 1134 1669 ταχέως
1155 1617 1210 1665 εἷς
1232 1614 1278 1657 τὸ
1299 1612 1469 1657 δύσνουν
1480 1612 1779 1669 μετέστρεψε20

222 1690 251 1725 C
274 1682 377 1726 κατά
398 1701 487 1725 τινα
509 1685 723 1737 συντυχίαν
743 1681 914 1725 τοιάνδε.

365 1768 398 1804 1.
421 1766 512 1807 τοὺς
540 1767 631 1812 τῆς]
664 1767 706 1802 P.
730 1767 805 1801 τῶν
827 1768 906 1812 τῆς.

274 1835 352 1869 dum
367 1834 556 1880 proposuit:
587 1835 708 1880 ecquid
723 1835 903 1879 expediret
916 1833 1042 1868 tentari
1057 1832 1157 1868 armis
1171 1832 1297 1877 regiam
1311 1831 1496 1868 civitatem.
1541 1831 1647 1866 visum
1662 1842 1725 1866 au-

226 1900 227 1903 *
274 1886 344 1915 tem
367 1881 494 1914 cunctis
514 1884 567 1915 est
581 1892 647 1915 non
663 1881 843 1915 convenire
857 1881 965 1925 ipsum
979 1880 1093 1914 statim
1109 1890 1183 1913 cum
1198 1879 1350 1912 exercitu
1365 1879 1523 1912 universo
1537 1878 1588 1912 ire
1603 1879 1725 1911 adver-

273 1937 331 1960 sus
346 1926 568 1971 Byzantium,
599 1926 660 1961 sed
685 1926 816 1961 mittere
837 1926 894 1960 illo
922 1926 1039 1959 ducem
1054 1925 1194 1969 aliquem
1211 1936 1282 1958 cum
1298 1925 1420 1959 idonea
1434 1929 1532 1970 parte
1546 1924 1726 1968 copiarum,

275 1977 310 2005 et
334 1972 432 2006 simul
454 1972 586 2017 legatos
609 1972 652 2006 de
675 1983 761 2018 pace
776 1976 812 2006 et
826 1983 936 2016 aequa
950 1971 1188 2016 compositione
1201 1974 1407 2004 tractaturos
1423 1981 1496 2004 cum
1514 1975 1654 2014 potente
1668 1979 1725 2002 re-

272 2027 346 2050 rum
358 2041 369 2058 ,
398 2017 545 2063 aliosque
567 2023 791 2052 conventuros
813 2017 1005 2062 singillatim
1031 2027 1144 2050 omnes
1168 2016 1243 2049 illos
1268 2016 1325 2060 qui
1350 2015 1566 2060 magistratus
1591 2019 1724 2060 gerunt,

272 2067 333 2095 aut
347 2062 471 2107 alioqui
486 2063 649 2108 dignitate
663 2063 806 2098 eminent
819 2067 1080 2107 ostensurosque
1093 2061 1174 2106 ipsis
1188 2061 1368 2106 diplomata
1384 2061 1480 2095 bullis
1493 2060 1605 2095 aureis
1618 2059 1726 2093 muni-

273 2113 331 2148 ta,
358 2109 594 2152 promissiones
609 2109 770 2143 honorum
785 2109 1013 2153 donorumque
1027 2108 1241 2142 maximorum
1258 2107 1478 2150 continentia,
1504 2117 1571 2151 quo
1585 2105 1635 2139 sic
1647 2110 1725 2139 ten—

275 2157 429 2187 tarentur
440 2180 451 2197 ‚
482 2154 602 2197 ecquid
616 2154 650 2187 in
665 2159 781 2199 partes
795 2154 886 2188 trahi
899 2157 1047 2207 possent.

368 2199 423 2235 11.
468 2198 531 2231 His
545 2199 595 2232 ita
608 2199 752 2234 decretis
760 2200 951 2244 Bryenmus
963 2199 1110 2233 intimum
1128 2197 1406 2242 consanguineum
1421 2207 1516 2232 suum
1529 2194 1725 2240 magistrum

274 2243 433 2278 Ioannem
457 2243 683 2288 curopalatem
715 2245 842 2278 honore
866 2250 999 2279 auctum
1024 2249 1058 2278 et
1084 2244 1298 2278 domesticum
1322 2243 1508 2277 scholarum
1522 2242 1724 2276 declaratum

275 2288 380 2323 mittit
403 2300 477 2322 cum
501 2300 541 2322 eo
562 2300 698 2323 numero
714 2290 851 2323 militum
866 2290 922 2334 qui
936 2290 1096 2323 sufficere
1110 2290 1153 2323 ad
1168 2300 1306 2334 scopum
1321 2294 1439 2334 posset
1453 2287 1642 2331 addiditque
1657 2295 1725 2320 non

278 2335 435 2379 exiguam
449 2335 567 2368 ducum
581 2345 622 2368 ac
636 2334 821 2380 principum
835 2346 978 2369 manum.
1009 2335 1130 2379 quibus
1143 2335 1200 2368 ille
1215 2335 1319 2380 copiis
1334 2333 1508 2378 assumptis
1522 2337 1617 2366 recta
1631 2332 1726 2365 Con-

278 2380 526 2425 stantinopolim
554 2379 739 2422 tendebat,
780 2384 941 2424 sequente
967 2384 1146 2424 praeterea
1166 2380 1274 2423 ipsum
1299 2381 1502 2423 Scytharum
1529 2388 1594 2410 non
1618 2387 1724 2422 parvo

278 2425 451 2468 exercitu,
482 2436 549 2459 non
570 2436 590 2458 e
613 2436 756 2470 peregre
777 2425 943 2469 profectis
958 2429 994 2458 et
1006 2424 1230 2469 stipendiariis
1241 2451 1252 2468 ,
1280 2424 1339 2458 sed
1355 2435 1397 2457 ex
1411 2423 1451 2456 iis
1467 2422 1523 2467 qui
1538 2434 1603 2456 non
1618 2423 1724 2458 multo

277 2476 358 2505 ante
379 2482 400 2504 a
426 2470 644 2516 popularibus
669 2471 738 2504 suis
761 2470 805 2503 ad
827 2471 1011 2504 Romanam
1038 2469 1292 2503 dominationem
1318 2474 1438 2514 sponte
1459 2469 1724 2512 transfugerant.

279 2527 353 2549 cum
377 2527 459 2560 ergo
480 2516 688 2561 pervenisset
702 2515 904 2549 domesticus
919 2515 1105 2549 scholarum
1120 2526 1228 2560 prope
1242 2513 1580 2558 Constantinopolim,
1610 2519 1725 2548 castra

279 2561 423 2594 munivit
449 2566 483 2595 et
505 2562 663 2595 tentabat
686 2561 856 2595 civitatem
882 2572 947 2594 non
970 2561 1107 2594 multum
1131 2561 1362 2594 abhorrentem
1387 2559 1428 2593 ab
1452 2571 1491 2592 eo
1517 2559 1723 2604 recipiendo.

279 2616 356 2639 nam
381 2611 416 2640 et
437 2606 472 2640 in
494 2618 535 2640 ea
556 2607 709 2651 plerique
724 2606 843 2641 civium
859 2606 936 2640 odio
952 2612 989 2640 et
1002 2605 1053 2640 ira
1069 2605 1301 2651 praeoccupati
1315 2605 1476 2638 adversus
1491 2604 1725 2649 imperatorem

280 2655 376 2684 erant
393 2655 430 2684 et
443 2652 703 2696 generositatem
718 2652 783 2686 sibi
797 2657 909 2686 notam
924 2652 1211 2695 constantiamque
1223 2650 1382 2695 Bryennii
1398 2655 1594 2696 reputantes
1607 2650 1724 2685 trahe-

279 2696 403 2731 bantur
428 2696 462 2730 in
486 2708 558 2730 eum
580 2701 675 2730 tanto
691 2697 800 2731 studio
817 2703 854 2731 ut
867 2697 931 2731 iam
947 2707 968 2731 a
981 2696 1276 2741 significationibus
1291 2696 1439 2730 externis
1454 2696 1582 2730 favoris
1598 2696 1635 2730 in
1649 2707 1723 2730 eum

279 2741 331 2776 sui
345 2752 412 2775 non
425 2745 664 2787 temperarent.
710 2743 768 2776 sed
795 2742 900 2776 fatale
922 2742 1088 2787 quoddam
1111 2753 1154 2775 ne
1169 2753 1224 2775 res
1239 2741 1440 2786 procederet
1454 2741 1725 2787 impedimentum

277 2787 425 2830 obstitit,
456 2798 522 2832 quo
546 2786 782 2822 benevolentia
807 2787 951 2822 civitatis
965 2787 998 2820 in
1014 2787 1217 2831 Bryennium
1231 2797 1339 2831 prona
1354 2788 1475 2822 acerbo
1491 2791 1632 2834 repente
1647 2786 1723 2822 odio

276 2836 476 2869 commutata
491 2835 554 2869 est.
599 2843 711 2868 casum
732 2832 781 2867 uti
795 2832 935 2878 contigit
949 2833 1104 2868 reseram.
