1878 3262
515 189 1063 237 COMMENTARIORUM
1095 193 1145 236 L.
1158 190 1205 247 ‚L
1525 194 1591 241 51

119 309 403 360 μετακαλεῖται
427 303 498 348 τὸν
527 304 617 347 υἱὸν
648 306 978 359 Κωνσταντΐνον,
1024 309 1093 350 καὶ
1123 301 1248 358 αὖθις
1288 306 1364 358 τᾶς
1400 305 1591 362 δυνάμεις

121 372 422 429 ἀναλαμβάνειν
452 375 519 416 καὶ
553 374 658 416 κατὰ
685 378 760 417 τοῦ
785 375 1005 430 Διογένους
1017 383 1166 433 χωρεῖν
1184 374 1481 434 παρεκελεύετο.
1515 381 1591 420 τοῦ

122 444 167 485 δὲ
182 443 506 500 παραιτουμένου
514 475 528 495 ,
564 440 586 485 ὅ
607 441 877 500 πρεσβύτερος
892 447 974 485 τῶν
993 449 1067 486 τοῦ
1088 446 1284 502 καίσαρος
1301 445 1402 487 υἱῶν
1417 463 1590 499 μετεκα-

119 515 225 554 λεῖτο
256 511 508 568 Ἀνδρόνικος
539 513 606 554 καὶ
637 509 835 554 ἐκελεύετο
870 510 1042 555 ἀπιέναι.
1110 512 1131 555 ὃ
1167 515 1211 556 δὲ
1237 514 1344 571 εἴπερ
1377 531 1439 564 τις
1467 514 1590 565 ἄλλος

87 578 296 634 Ξῦπήκοος
318 580 374 622 ὢν
401 582 523 636 πατρὶ
547 580 673 630 εὖθῦς
694 581 852 634 ἕτοιμος
871 574 921 635 ἦν
944 581 1046 638 πρὸς
1066 580 1111 623 τὸ
1134 581 1261 639 ἔργον.
1291 581 1590 637 συνταξάμενος

118 643 191 690 οὖν
212 649 450 705 αὐθημερὸν
468 653 526 705 τῷ
542 652 710 702 βασιλεῖ
726 651 792 691 καὶ
814 652 872 706 τῷ
892 650 1055 707 καίσαρι
1078 650 1148 692 τὸν
1172 651 1364 707 πορθμὸν
1388 653 1591 709 διεπεραι-

118 721 214 758 οὕτο
233 717 303 758 τὸν
321 715 618 772 Χαλκηδόνιον.
687 719 754 759 καὶ
775 716 820 768 ’ἐξ
841 715 995 774 ἡμέρας
1019 720 1240 775 διατρίψας
1266 721 1354 776 περὶ
1375 719 1448 774 τὴν
1467 724 1591 763 Χαλ-

118 783 270 839 κηδόνα
293 783 389 827 ὅσον
415 785 467 827 τὰ
492 784 695 840 ἐπιτήδειά
727 787 766 828 οἶ
789 786 840 828 τὰ
867 786 969 843 πρὸς
994 787 1068 842 τὴν
1098 788 1356 844 ἐκστρατείαν
1385 789 1590 843 γενέσθαι,

118 853 272 896 ἐκεῖθεν
302 849 465 910 ἀπάρας
492 852 643 911 περιῄει
670 854 744 909 τὴν
773 855 826 896 ἕω
851 857 919 896 καὶ
947 855 1022 906 τὰς
1046 854 1237 910 δυνάμεις
1257 857 1450 912 συνέλεγε.
1520 860 1587 900 καὶ
1610 870 1641 906 Β

63 926 274 964 1Οθᾶττον
306 920 469 972 ἆπάσας
498 924 692 973 συλλέξας
722 923 793 974 ξὺν
822 922 965 973 αὐταῖς
998 922 1138 981 ἐχώρει
1171 924 1273 981 πρὸς
1301 925 1374 979 τὴν
1396 927 1593 969 Κιλίκων.

117 990 268 1033 σκοπὸν
302 991 344 1032 δ’
379 990 495 1034 ἔθετο
521 995 681 1047 πρῶτον
707 993 763 1042 εἷς
786 993 886 1046 μίαν
908 994 975 1033 καὶ
998 993 1071 1047 τὴν
1092 992 1219 1047 αὐτὴν
1239 991 1404 1048 γνώμην
1427 999 1591 1052 μεθαρ-

115 1057 330 1113 μόσασθαι
353 1059 399 1101 τὸ
425 1058 718 1115 στρατόπεδον·
754 1061 836 1102 ἐπεὶ
865 1061 908 1102 δὲ
936 1066 1055 1103 τοῦτο
1088 1061 1201 1118 αὐτῷ
1222 1062 1414 1116 ἐξεγένετο
1435 1059 1593 1121 ’ἑκάστῳ

115 1129 433 1185 προσφερομένῳ
463 1129 644 1178 ἐπιεικῶς
672 1130 740 1170 καὶ
774 1128 877 1186 πρὸς
899 1127 1031 1171 πάντα
1052 1130 1400 1187 μεθαρμοζομένῳ
1424 1132 1592 1183 οἰκείως,

117 1194 303 1252 δεύτερον
324 1196 474 1247 σκοπὸν
498 1198 656 1239 τίθεται
687 1196 783 1247 τοὺς
801 1199 1016 1250 πολεμίους
1044 1202 1188 1240 λαθεῖν
1213 1200 1280 1239 καὶ
1303 1198 1354 1240 τὰ
1378 1199 1497 1241 στενὰ
1518 1204 1592 1254 τῆς

60 1269 104 1305 15
116 1265 305 1314 Κιλικίας
334 1267 510 1320 διελθεῖν
537 1265 615 1321 πρὸ
649 1270 723 1306 τοῦ
754 1265 824 1306 τὸν
853 1266 1051 1321 Διογένην
1082 1267 1307 1309 αἰσθέσθαι
1338 1270 1412 1321 τῆς
1443 1266 1590 1310 τούτου

115 1331 281 1389 ἐφόδου.
348 1335 497 1388 γίνεται
528 1327 600 1374 οὖν
628 1335 696 1375 καὶ
725 1337 844 1375 τοῦτο
870 1333 975 1376 κατὰ
997 1334 1049 1376 τὰ
1065 1335 1392 1388 βεβουλευμένα,
1429 1338 1497 1377 καὶ
1516 1336 1590 1391 τὴν

114 1401 256 1456 στενὴν
281 1402 350 1442 καὶ
380 1400 640 1457 ἀπόκρημνον
670 1400 899 1452 διελθόντες
920 1402 958 1444 οἱ
976 1404 1064 1459 περὶ
1084 1402 1419 1461 τὸνἈνδρόνικον
1439 1403 1590 1462 ἀθρόοι

113 1476 199 1519 τοῖς
217 1471 308 1525 περὶ
326 1470 500 1523 βασιλέα
521 1470 591 1511 τὸν
608 1470 805 1526 Διογένην
825 1472 1116 1527 ἐπιφαίνονται.

251 1535 331 1583 24.
399 1536 663 1591 Αῗσθόμενος
695 1540 738 1580 δὲ
767 1541 834 1580 καὶ
870 1537 890 1580 ὁ
922 1540 1116 1593 βασιλεὺς
1144 1542 1218 1594 τῆς
1248 1536 1404 1581 τούτων
1436 1536 1589 1596 ἐφόδου

57 1605 225 1661 Ξοέξῆγε
254 1607 320 1648 καὶ
353 1606 476 1656 αὐτὸς
506 1606 580 1656 τὰς
614 1605 825 1661 δυνάμεις,
868 1612 928 1665 τῷ
953 1609 1250 1665 Χουτατουρίῳ
1273 1607 1493 1666 Ἀρμενίῳ,
1541 1607 1586 1651 ὃν
1609 1612 1642 1650 C

113 1672 287 1731 φθάσας
317 1673 517 1729 ἐδήλωσεν
549 1674 709 1718 ἄνωθεν
741 1673 762 1718 ὃ
794 1674 936 1731 λόγος,
979 1677 1054 1731 τὴν
1084 1681 1160 1718 τοῦ
1188 1676 1366 1729 πολέμου
1405 1677 1592 1727 δεδωκώς

114 1743 298 1793 ἐξουσίαν
332 1745 401 1785 καὶ
435 1742 568 1786 πάντα
602 1744 673 1786 τὸν
708 1744 883 1802 στρατὸν
915 1749 1066 1802 μικροῦ
1106 1747 1187 1788 δεῖν
1224 1745 1338 1804 αὐτῷ
1370 1743 1591 1797 ὑποτάξας.

206 1884 263 1919 18.
287 1884 368 1924 τοῖς
389 1882 474 1928 περὶ
496 1880 672 1929 βασιλέα]
697 1882 786 1918 eod.
808 1884 909 1929 τρεῖς
932 1882 1019 1928 περὶ
1041 1882 1240 1929 βασιλεῖον.
1266 1895 1356 1919 corr.
1380 1883 1423 1919 Ρ.

112 2008 244 2042 Caesar
259 2007 482 2042 Constantino
498 2006 570 2041 filio
584 2031 595 2048 ,
627 2006 698 2052 egit
723 2018 795 2042 cum
821 2018 862 2042 eo
888 2010 926 2041 ut
945 2017 1060 2041 rursus
1083 2007 1189 2041 vellet
1204 2007 1384 2053 assumptis
1401 2007 1509 2053 copiis
1524 2007 1590 2042 ad-

112 2065 234 2088 versus
250 2054 436 2098 Diogenem
460 2052 642 2098 proficisci.
688 2053 748 2087 sed
778 2053 836 2086 illo
858 2059 1039 2087 recusante
1051 2081 1062 2096 ,
1093 2053 1201 2087 maior
1215 2059 1297 2087 natu
1314 2056 1422 2088 frater
1439 2055 1511 2088 eius
1527 2066 1587 2088 ac-

112 2101 256 2134 cersitur
271 2099 483 2134 Andronicus
498 2127 508 2143 ,
539 2103 575 2132 et
597 2098 695 2133 istam
710 2099 960 2143 expeditionem
976 2099 1151 2144 suscipere
1165 2100 1313 2134 iubetur.
1362 2100 1499 2144 egregia
1516 2105 1588 2134 tum

112 2145 148 2179 in
173 2146 299 2180 iuvene
323 2146 432 2190 pietas
460 2149 496 2178 et
522 2144 655 2189 parenti
678 2145 887 2188 obsequendi
911 2145 1031 2179 enituit
1045 2145 1201 2179 studium.
1248 2149 1406 2190 paratum
1420 2157 1459 2180 se
1473 2146 1586 2179 statim

112 2191 158 2225 ad
175 2191 309 2236 quidvis
325 2191 469 2234 obtulit,
500 2202 563 2223 nec
579 2190 693 2223 verbis
707 2190 902 2234 liberalior,
935 2202 1035 2235 quam
1059 2192 1182 2234 rebus,
1214 2191 1332 2225 eodem
1358 2192 1413 2225 die
1437 2192 1586 2237 impera-

112 2241 190 2270 tore
215 2249 256 2270 ac
279 2243 378 2282 patre
402 2236 570 2280 salmam,
603 2236 877 2269 chalcedonense
904 2236 1088 2270 transmisit
1110 2237 1245 2270 fretum.
1294 2249 1424 2282 sexque
1449 2237 1584 2272 omnino

113 2283 185 2316 dies
208 2284 298 2317 circa
317 2283 567 2317 chalcedonem
592 2287 743 2315 moratus
764 2282 965 2326 apparandis
983 2283 1084 2316 rebus
1108 2282 1149 2316 ad
1165 2283 1412 2328 prosectionem
1427 2294 1588 2317 necessa-

112 2328 184 2373 rus,
230 2329 308 2362 hinc
329 2340 468 2362 movens
498 2328 653 2361 circuivit
669 2328 879 2361 Orientalem
904 2332 1049 2362 tractum
1076 2328 1283 2373 collegitque
1299 2329 1432 2374 copias,
1463 2329 1588 2374 quibus

114 2374 280 2408 universis
303 2385 403 2408 unum
417 2374 452 2407 in
469 2374 636 2407 exercitus
652 2384 774 2418 corpus
790 2384 903 2407 secum
917 2374 1039 2407 iunctis
1056 2373 1124 2407 iter
1140 2374 1323 2419 capessivit
1339 2374 1490 2408 Ciliciam
1506 2385 1586 2408 ver-

115 2430 184 2454 sus.
230 2420 340 2466 prima
355 2420 388 2453 in
406 2420 455 2453 bis
469 2419 661 2453 Andronico
676 2430 759 2453 cura
774 2419 842 2453 fuit
857 2420 1068 2453 concordiam
1084 2424 1120 2453 et
1136 2420 1421 2464 conspirationem
1436 2420 1470 2452 in
1485 2430 1586 2453 unum

115 2476 248 2500 sensum
263 2465 298 2499 in
314 2466 467 2499 exercitu
483 2466 701 2499 constituere.
749 2465 840 2509 quod
857 2470 1031 2499 assecutus
1047 2476 1174 2499 summa
1190 2465 1361 2507 comitate,
1384 2476 1450 2509 qua
1466 2476 1586 2510 quem-

114 2521 182 2555 que
196 2511 428 2545 humanissime
445 2511 768 2555 familiarissimeque
785 2512 975 2552 tractabat3
1006 2511 1150 2544 alterum
1174 2510 1298 2544 deinde
1312 2510 1406 2544 istud
1421 2510 1485 2544 sibi
1500 2522 1584 2556 pro-

115 2556 229 2601 posuit
251 2568 375 2601 agere,
404 2562 443 2591 ut
464 2557 630 2591 adventus
658 2557 729 2590 eius
752 2556 877 2590 lateret
900 2558 1015 2590 hostes
1029 2584 1038 2599 ‚
1063 2556 1223 2601 priusque
1247 2556 1321 2601 ipse
1346 2567 1419 2590 cum
1436 2557 1506 2590 suis
1522 2568 1584 2602 per

115 2602 279 2646 angustos
301 2603 411 2636 aditus
436 2603 470 2636 in
489 2603 641 2637 Ciliciam
667 2608 882 2647 penetraret,
914 2613 1013 2647 quam
1030 2602 1065 2635 id
1080 2602 1252 2646 Diogenes
1267 2602 1440 2637 sensisset.
1486 2602 1584 2636 huius

115 2658 251 2691 quoque
266 2649 405 2682 secundi
421 2650 495 2682 voti
510 2659 648 2694 compos
664 2650 775 2681 factus
792 2653 854 2682 est.
879 2655 973 2682 arcto
986 2648 1072 2682 enim
1085 2652 1120 2681 et
1131 2647 1308 2693 praecipiti
1322 2647 1408 2682 calle
1419 2653 1582 2693 superato

115 2692 301 2727 Andronici
315 2694 435 2727 milites
451 2700 594 2740 repente
610 2694 689 2731 nihil
707 2693 813 2728 minus
829 2694 1044 2739 opinantibus
1059 2694 1278 2738 Diogenianis
1295 2698 1537 2739 apparuerunt.

208 2740 264 2772 24.
313 2738 457 2779 Quando
481 2741 623 2785 primum
648 2746 788 2785 accepto
804 2751 905 2773 sensu
920 2739 1147 2785 expeditionis
1161 2743 1281 2774 contra
1296 2751 1333 2773 se
1348 2740 1492 2782 ductae,
1523 2740 1586 2772 im·-

115 2788 256 2829 perator
270 2783 443 2828 Diogenes
467 2786 584 2831 copias
599 2793 636 2820 et
651 2786 725 2831 ipse
741 2797 820 2820 suas
837 2786 954 2820 eduxit
965 2813 976 2828 ‚
1010 2785 1089 2819 belli
1103 2796 1230 2820 summa
1246 2790 1282 2819 et
1296 2786 1464 2819 exercitus
1480 2796 1588 2829 paene

113 2829 220 2865 totius
244 2829 345 2876 plena
373 2835 547 2875 potestate
570 2832 622 2877 ei,
641 2833 748 2867 'cuius
773 2831 930 2878 superius
954 2831 1180 2875 meminimus,
1211 2831 1414 2866 Chutatario
1428 2830 1587 2865 Armenio
