1878 3262
634 215 1026 261 HISTORIARUM
1057 218 1106 260 L.
1131 215 1209 261 IV.
1559 215 1655 263 187

198 335 277 392 γὰρ
315 330 484 376 ἐπέοικεν
522 329 687 384 ἄλλως)
700 363 714 384 ,
761 331 955 388 ἐπιβουλῇ
991 349 1067 374 τινι
1106 329 1201 375 κατ’
1243 328 1369 374 αῧτοῧ
1401 326 1655 388 χρῆσασθαι.

199 402 307 446 ἀλλὰ
334 400 526 456 βασιλεὺς
555 400 626 443 τὸν
652 399 771 444 ὁόλον
795 400 964 452 ξυνιδὼν
989 400 1062 442 οὔκ
1088 399 1165 458 ἔφη
1187 398 1328 458 χώραν
1354 400 1453 450 ἕξειν
1477 399 1523 442 τὸ
1549 405 1655 442 πλα-
1674 403 1705 438 Β

198 467 452 524 στευόμενον,
479 471 546 512 καὶ
572 470 775 526 κατέλεγεν
799 467 1015 522 ὑπολαβὼν
1038 475 1124 518 τοῖς
1147 469 1258 526 ἄμφ’
1283 468 1404 510 αὐτὸν
1425 467 1533 518 ὅπως
1554 466 1658 511 ἀδύ-

197 536 300 582 νατά
334 539 418 580 ἔστι
451 542 602 590 ταῦτα,
642 537 710 580 ὁιά
735 555 776 581 τε
803 536 908 579 ἄλλα
933 538 1000 578 καὶ
1026 537 1101 590 οὐχ
1124 536 1269 591 ἣκιστα
1293 537 1339 579 τὸ
1365 537 1434 579 τὸν
1457 537 1531 590 μὲν
1555 536 1659 593 ρῆγα

164 611 334 665 5πολλιῇ
357 606 513 649 ἄποθεν
535 611 610 649 τοῦ
631 607 837 661 βασιλείου
864 603 1101 647 ἄνόπλιστον
1124 606 1280 658 μέλλειν
1305 603 1552 662 πορεύεσθαι
1574 603 1659 648 creba

195 692 348 731 ματος,
369 673 580 718 Ῥενάλδον
605 677 648 718 δὲ
673 676 739 717 καὶ
764 674 859 724 τούς
885 673 1034 723 ἄλλους
1057 675 1147 730 περὶ
1172 673 1224 715 τὰ
1249 671 1418 730 φάλαρα
1441 678 1515 715 τοῦ
1529 674 1658 715 ἵππου

197 747 264 787 καὶ
290 745 386 794 τοὺς
409 749 482 799 τῆς
507 745 740 801 ἓφεστρίδος
763 747 976 785 πονεῖσθαι
1005 741 1197 797 ἱμάντας,
1236 743 1332 798 πεζῇ
1360 759 1402 784 τε
1423 746 1660 798 χωροῦντας

196 815 265 856 καὶ
291 812 416 855 ὅπλου
443 812 537 856 ἄνευ
575 811 736 862 παντός.
806 810 928 854 αὐτόν
952 828 994 867 γε
1019 811 1101 866 μὴν
1126 811 1197 853 τὸν
1221 811 1394 864 βασιλέα
1419 809 1544 852 πολύν
1568 828 1660 853 τινα

196 879 480 938 πελεκηφόρων
503 879 727 938 βαρβάρων
753 878 894 935 ὅμιλον
918 881 1136 937 περιέπειν,
1163 878 1296 936 ὥσπερ
1311 877 1409 928 ἔθος
1421 879 1517 921 ἔστί.
1567 879 1662 929 τοὺς

143 960 187 995 10
196 951 270 1005 μὲν
311 951 362 1005 δὴ
402 948 547 1006 λόγους
582 948 752 999 τούτους
788 948 916 998 οὕτως
950 948 1259 1002 ἀπεδοκίμαζεν,
1298 950 1353 997 εἷς
1380 948 1423 989 δὲ
1448 947 1521 1001 τὴν
1545 945 1662 988 πόλιν

197 1017 435 1061 εἲσελαῦνειν
459 1019 617 1073 μέλλων
642 1017 800 1067 διττοὺς
823 1018 1030 1074 περιέθετο
1053 1015 1272 1073 θώρακας,
1300 1013 1497 1073 ἀκαμάτῳ
1518 1013 1662 1069 σώμα-

196 1104 267 1138 τος
292 1085 405 1141 ἰσχύϊ
424 1087 526 1144 πρὸς
549 1091 668 1129 τοῦτο
693 1084 941 1142 ἓναγόμενος.
993 1084 1014 1127 ὃ
1043 1086 1086 1127 δὲ
1111 1087 1178 1127 καὶ
1204 1083 1354 1127 κάνδυν
1378 1084 1480 1141 πρὸς
1502 1082 1660 1134 τούτοις
1683 1091 1713 1125 C

198 1154 421 1198 κατάλιθόν
457 1173 547 1198 τινα
584 1156 825 1212 περιέκειτο,
865 1154 998 1208 ἄχθος
1022 1159 1102 1197 τῶν
1127 1153 1241 1196 ἔνδον
1266 1154 1338 1195 οὐκ
1364 1152 1530 1195 ἔλαττον
1542 1185 1555 1204 ,
1595 1154 1664 1194 καὶ

195 1226 344 1281 στέφος
380 1225 449 1266 καὶ
485 1218 616 1267 τᾶλλα
653 1228 712 1281 τῷ
747 1227 913 1278 βασιλεῖ
932 1225 974 1274 ἕξ
999 1222 1135 1273 ἔθους.
1205 1221 1228 1264 ὃ
1254 1223 1297 1264 δὲ
1320 1220 1545 1276 θαυμάζειν
1570 1220 1663 1275 ἴχιιι,

142 1300 187 1339 15
198 1297 270 1336 τοῦ
294 1291 507 1350 θριάμβου
532 1291 682 1350 τρόπον
708 1291 754 1334 ὃν
779 1293 820 1334 ἓν
848 1293 1055 1349 Βυζαντίῳ
1079 1295 1283 1334 τελεῖσθαι
1309 1291 1429 1333 εἴωθε
1453 1290 1665 1334 τελεσθέν-

197 1378 268 1412 τος
292 1361 371 1416 ’ἥδη
382 1394 396 1414 ,
423 1363 464 1411 ἐς
488 1361 558 1403 τὸν
582 1362 745 1418 Πέτρου
772 1365 845 1403 τοῦ
873 1358 1099 1402 ἀποστόλου
1126 1357 1378 1414 καταντήσας
1402 1359 1501 1401 νεῶν
1527 1356 1664 1415 κοῦφά

195 1447 238 1473 τε
278 1430 407 1485 ἀπέβη
445 1434 519 1472 τοῦ
551 1431 677 1472 ἵππου
716 1431 784 1471 καὶ
822 1423 947 1479 αὖθις
984 1429 1199 1484 ἐπιβαίνειν
1232 1429 1388 1482 μέλλων
1413 1427 1487 1470 σὺν
1513 1426 1664 1481 ἅλματι

197 1499 392 1555 ἀνέθορεν
398 1531 412 1550 ,
452 1497 586 1555 ὥσπερ
626 1498 719 1540 οὐδὲ
755 1502 836 1540 τῶν
861 1501 998 1552 ψιλῶν
1021 1515 1083 1547 τις
1107 1499 1174 1539 καὶ
1200 1495 1397 1539 ἀνόπλων.
1466 1494 1529 1538 ὅτε
1557 1496 1607 1550 δὴ
1635 1493 1657 1536 ὅ
1681 1499 1715 1534 V
1736 1499 1782 1535 85

196 1571 270 1622 τῆς
306 1566 461 1617 πόλεως
495 1566 703 1623 ἀρχιερεὺς
723 1564 882 1621 ὑπήντα
907 1564 1038 1624 τούτῳ
1062 1566 1136 1620 τὴν
1161 1565 1363 1621 ἱερατικὴν
1389 1562 1664 1618 ἀμπεχόμενος

142 1635 346 1691 2οστολὴν
371 1636 446 1678 σὺν
469 1640 550 1678 τῶν
588 1633 806 1692 ἱεροπόλων
830 1638 889 1692 τῷ
912 1635 1014 1677 τέλει
1039 1634 1171 1676 παντί.
1239 1634 1471 1689 ἕχειρίζοντο
1511 1633 1555 1674 δὲ
1591 1630 1665 1674 τύ-

198 1721 300 1754 πους
326 1702 589 1760 σταυρικούς,
616 1706 683 1746 καὶ
708 1704 759 1746 τὰ
786 1704 874 1760 ἱερὰ
898 1702 1129 1760 προῦφερον
1155 1699 1293 1757 λόγια,
1321 1699 1376 1750 ὡς
1389 1701 1665 1755 ἐκπεπλῆχθαι

199 1772 246 1813 τὸ
273 1773 383 1822 ξένον
410 1771 517 1813 ἅπαν
542 1774 609 1814 καὶ
635 1772 758 1827 ἔπηλυ
771 1803 784 1823 ,
823 1770 929 1829 ὁρῶν
962 1771 1064 1828 πρὸς
1087 1769 1246 1820 τούτοις
1265 1768 1474 1812 Ῥενάλδον
1496 1770 1572 1823 μὲν
1597 1770 1666 1810 καὶ

201 1840 296 1891 τούς
321 1841 383 1884 ἐπὶ
410 1839 529 1897 δόξης
547 1841 778 1895 Ἀντιοχέων
814 1842 932 1883 ποσὶν
971 1840 1078 1897 ἀμφὶ
1102 1839 1173 1883 τὸν
1196 1840 1401 1893 βασίλειον
1426 1838 1660 1894 παραθέον-
1684 1843 1716 1878 D

202 2040 319 2075 urbem
332 2041 467 2076 inermis
482 2039 612 2076 omnino
635 2038 768 2075 veniret
799 2039 938 2084 (neque
955 2038 1041 2072 enim
1054 2037 1089 2072 id
1104 2037 1252 2072 futurum
1267 2035 1368 2075 aliter
1380 2036 1577 2084 putabant)
1607 2037 1665 2071 fa-

202 2087 267 2120 ctis
282 2086 409 2121 insidiis
426 2088 666 2132 opprimerent.
711 2085 772 2120 sed
786 2085 844 2119 ille
858 2085 968 2119 dolum
984 2085 1167 2119 advertens
1177 2111 1187 2127 ,
1217 2093 1426 2128 nequaquam
1441 2083 1550 2117 locum
1567 2083 1664 2116 habi-

202 2136 311 2166 turam
325 2132 476 2166 fraudem
492 2132 598 2166 dixitz
626 2143 722 2174 mox,
746 2142 910 2165 converso
927 2130 970 2164 ad
985 2130 1240 2164 circumstantes
1255 2140 1427 2171 sermone,
1447 2140 1488 2163 ea
1504 2128 1581 2162 fieri
1596 2140 1665 2163 non

201 2189 306 2224 posse
328 2178 502 2223 respondit
514 2205 524 2221 ,
554 2182 624 2211 tum
647 2182 785 2222 propter
808 2177 874 2211 alia
886 2202 896 2219 ‚
927 2180 997 2210 tum
1013 2175 1046 2210 id
1061 2175 1200 2209 maxime
1215 2174 1307 2220 quod
1320 2186 1384 2209 rex
1396 2174 1531 2220 quidem
1546 2174 1666 2219 procul

202 2225 248 2258 ab
270 2223 483 2268 imperatoris
504 2235 647 2268 corpore
668 2223 802 2257 inermis
823 2222 1014 2264 incederet,
1044 2221 1217 2256 Renaldus
1233 2225 1344 2254 autem
1360 2226 1395 2254 et
1410 2220 1465 2254 alii
1481 2220 1666 2265 circaequi

200 2269 361 2315 phaleras
378 2275 412 2304 et
426 2269 576 2315 ephippii
590 2270 664 2304 lora
681 2268 855 2314 occupati,
888 2268 1030 2314 pedibus
1047 2267 1138 2301 irent
1151 2267 1226 2300 sine
1240 2265 1315 2300 ullis
1331 2265 1453 2299 arnis:
1483 2265 1667 2310 imperato-

202 2326 274 2350 rem
297 2315 442 2361 denique
466 2326 588 2360 magna
599 2341 608 2357 ‚
639 2315 688 2348 uti
714 2314 818 2349 moris
845 2319 917 2356 est,
947 2314 1167 2347 barbarorum
1181 2311 1466 2357 bipenniferorum
1479 2312 1583 2345 turba
1599 2311 1665 2345 cir-

203 2365 398 2396 cumstaret.
443 2361 492 2395 ita
516 2361 619 2395 hosce
640 2371 811 2394 sermones
832 2359 971 2405 respuit.
1018 2359 1134 2392 urbem
1149 2362 1260 2392 autem
1273 2357 1484 2401 ingressurus
1499 2357 1665 2402 duplicem

202 2407 312 2441 induit
335 2407 493 2451 loricam,
525 2407 696 2441 indefesso
720 2405 870 2451 corporis
891 2406 1013 2439 robore
1036 2404 1081 2438 ad
1101 2405 1166 2437 hoc
1181 2409 1376 2437 commotus.
1421 2408 1548 2437 vestem
1566 2414 1667 2448 prae-

204 2457 300 2486 terea
315 2453 489 2497 quamdam
503 2453 627 2498 lapillis
643 2452 833 2486 distinctam
847 2450 1058 2497 superinduit
1069 2478 1080 2494 ,
1108 2449 1326 2483 interioribus
1341 2448 1491 2493 pondere
1506 2449 1592 2482 baud
1608 2460 1667 2482 ce-

204 2497 351 2533 dentem.
398 2499 586 2533 diademate
615 2498 762 2542 denique
772 2525 782 2541 ,
815 2497 955 2541 aliisque
987 2495 1217 2541 imperatoriis
1242 2494 1448 2528 ornamentis
1473 2505 1535 2539 pro
1559 2505 1667 2538 more,

205 2543 379 2578 redimitus
396 2550 461 2580 est.
507 2544 598 2590 quod
616 2555 696 2577 vero
712 2543 825 2578 mirari
839 2542 949 2585 subit,
980 2547 1120 2587 peracto
1134 2540 1213 2574 istic
1228 2540 1346 2574 eodem
1362 2539 1460 2573 modo
1471 2567 1481 2582 ,
1513 2550 1579 2584 quo
1594 2539 1668 2585 By-

206 2589 310 2623 zantii
333 2590 468 2624 solebat
479 2615 491 2632 ,
522 2590 690 2636 triumpho
701 2614 711 2630 ,
742 2600 816 2622 cum
833 2588 877 2622 ad
893 2588 987 2622 Petri
1001 2586 1149 2632 apostoli
1163 2585 1373 2631 pervenisset
1386 2584 1544 2638 templum
1554 2611 1565 2628 ,
1592 2585 1667 2619 ala-

207 2633 312 2668 criter
341 2647 360 2669 e
385 2648 428 2670 uo
458 2636 598 2678 desiliit,
627 2645 825 2679 rursumque
852 2634 945 2668 illum
967 2633 1182 2667 inscensurus
1205 2631 1294 2665 saltu
1318 2630 1440 2664 resiliit
1452 2642 1486 2664 in
1502 2631 1665 2674 eumdem,

210 2679 304 2723 quod
328 2692 372 2715 ve
412 2681 535 2715 ieviter
547 2686 750 2716 armatorum
766 2683 827 2714 aut
839 2678 1011 2714 inermium
1025 2678 1084 2713 vix
1099 2677 1220 2722 aliquis
1234 2676 1412 2722 potuisset.
1459 2680 1528 2710 tum
1541 2676 1590 2710 illi
1606 2687 1666 2710 oc-

210 2723 319 2758 currit
333 2726 477 2760 civitatis
493 2727 647 2773 pontifex
662 2727 780 2761 stolam
795 2725 1034 2760 sacerdotalem
1051 2724 1188 2757 indutus
1204 2734 1279 2756 cum
1295 2722 1382 2756 omni
1396 2721 1593 2756 clericorum
1609 2733 1666 2755 or-

210 2768 300 2802 dine.
345 2773 506 2807 tenebant
529 2773 554 2807 ii
578 2784 660 2819 prae
680 2772 835 2807 manibus
854 2782 992 2813 cruces,
1024 2769 1326 2815 praeferebantque
1347 2779 1445 2802 sacra
1467 2767 1665 2811 evangelia:

210 2814 259 2848 ita
273 2818 312 2847 ut
326 2818 461 2861 stupore
476 2818 621 2862 quodam
636 2819 901 2864 percellerentur
915 2815 1085 2863 peregrini
1100 2819 1136 2848 et
1150 2814 1322 2855 advenae,
1350 2825 1424 2848 cum
1439 2813 1482 2847 ad
1497 2813 1583 2847 baec
1596 2812 1670 2845 Re-

213 2859 345 2895 naldum
357 2885 370 2905 ,
399 2861 594 2909 nobile-que
606 2865 856 2908 Antiochenos,
885 2863 1030 2910 pedibus
1049 2872 1170 2907 equum
1182 2859 1432 2907 imperatorium
1448 2859 1672 2893 circumstan-
