1878 3262
382 217 444 261 IN
465 215 782 260 HISTORIAM
799 204 1025 259 IOANNIS
1045 214 1277 258 emmim
1294 214 1495 258 NOTAE.
1579 214 1678 260 335

210 329 315 368 ricus
329 327 469 368 Vitalis
497 326 524 366 l.
560 329 612 369 12
637 340 676 378 Ρ.
706 325 789 368 884
812 331 853 364 et
872 326 1011 364 Petrus
1035 324 1236 364 Diaconus
1265 324 1292 363 l.
1318 322 1346 366 4
1374 324 1523 364 Chron.
1547 324 1677 366 casin.

210 399 243 426 c.
258 389 314 429 98
333 391 373 423 et
391 387 458 426 99.
517 383 685 434 denique
705 383 917 421 Gualterus
946 382 1208 421 Taruanensis
1228 381 1440 421 canonicus
1460 382 1510 420 de
1532 383 1616 422 vita
1638 387 1680 420 et

208 449 339 482 morte
357 440 486 480 Caroli
504 441 658 479 comitis
678 439 841 478 Flandr.
865 453 901 480 c.
918 441 945 480 2
959 439 1098 477 scribit
1120 439 1381 478 lWllelmum
1397 439 1546 477 audito
1565 440 1680 484 unici

208 502 278 537 sui
302 499 491 552 germani
518 498 760 548 (Ludovici,
809 496 872 535 uti
901 495 1123 548 appellatur
1155 510 1178 534 a
1210 496 1412 535 Gausredo
1438 496 1576 535 Malat.
1598 496 1626 534 l.
1651 494 1680 536 4

208 569 244 597 c.
265 559 320 600 20
339 557 414 607 22)
434 557 564 602 exitu,
602 556 776 607 coepisse
798 553 1000 591 lethaliter
1019 553 1232 604 languere,
1270 560 1308 591 et
1330 562 1375 591 ut
1394 569 1435 591 se
1448 553 1682 605 periclitari

209 615 397 664 cognovit
424 613 731 651 ,salernitanum
756 610 1103 662 archiepiscopum
1127 617 1164 647 et
1196 612 1420 648 Troianum
1447 612 1680 663 episcopum

208 669 450 719 advocasse,
481 676 604 721 atque
625 667 738 721 quod
754 675 875 706 antea
892 665 992 704 dum
1008 666 1227 704 incolumis
1245 674 1365 717 esset,
1397 669 1577 718 fecerat,
1618 681 1683 704 eo-

206 741 296 765 rum
317 742 474 779 quoque
493 727 719 764 testimonio
737 723 1029 762 desiderantem
1048 723 1302 775 confirmari,
1335 723 1542 777 quidquid
1557 723 1682 762 mobi-

206 785 334 830 lium,
371 784 437 822 rel
460 782 732 821 immobilium
759 783 803 820 in
826 789 935 819 terra
946 779 1155 833 possidere
1171 779 1410 830 videbatur,
1451 781 1565 819 beato
1584 795 1682 833 apo·

205 842 404 878 stolorum
419 841 606 892 principi
621 841 762 888 Petro,
803 841 966 890 eiusque
987 839 1144 876 vicario
1163 838 1423 875 sanctissimo
1436 852 1572 889 papae
1591 839 1681 876 Ho-

204 899 320 935 norio
354 895 428 951 (ex
451 898 572 934 cuias
598 910 664 934 ore
687 910 805 934 sacro
832 895 910 933 hoc
937 897 1071 947 ipsum
1080 896 1323 947 frequenter
1346 892 1513 943 audivi,
1549 894 1682 945 inquit

205 954 440 1004 Gualterus)
472 954 561 991 iure
582 961 774 1006 perpetuo
799 950 1093 1004 possidendum
1120 950 1345 1004 delegasse,
1387 965 1438 989 ac
1465 949 1608 989 deinde
1637 954 1682 989 in

204 1011 453 1062 consessione
479 1009 639 1048 domini
667 1010 720 1048 ab
747 1010 827 1047 hac
850 1010 938 1048 luce
962 1010 1176 1059 migrasse.
1239 1008 1351 1046 nulla
1376 1007 1547 1060 proinde
1573 1007 1682 1060 apud

204 1068 417 1119 scriptores
441 1067 569 1106 eiusce
591 1067 678 1108 aevi
705 1073 900 1119 usurpata
927 1065 976 1104 ab
1005 1065 1199 1117 Rogerio,
1236 1064 1434 1105 Willelmo
1455 1065 1679 1118 superstite,

205 1124 368 1178 Apuliae
388 1124 550 1164 mentio.
1393 1156 1396 1158 -

316 1195 356 1233 p.
378 1185 433 1223 90
463 1195 506 1219 v.
532 1184 572 1222 2.
628 1177 877 1233 Λουτήρης]
907 1178 1141 1218 Lotharium
1166 1178 1215 1216 ab
1239 1176 1466 1217 Innocentio
1487 1177 1524 1215 Π
1549 1190 1617 1229 ΡΡ.
1633 1177 1676 1215 in

201 1238 354 1277 Italiam
379 1243 519 1276 contra
536 1238 749 1287 Rogerium
775 1237 929 1274 Siciliae
952 1250 1105 1288 regem,
1144 1236 1213 1287 qui
1244 1236 1351 1274 Petri
1379 1234 1518 1272 Leonis
1545 1239 1677 1286 partes

200 1295 434 1344 tutabatur,
477 1301 710 1344 evocatum,
752 1293 904 1331 habent
930 1293 1072 1344 passim
1102 1293 1339 1344 scriptores,
1380 1290 1489 1330 Otho
1510 1291 1678 1342 Frising.

200 1352 228 1392 l.
249 1357 275 1396 7
317 1351 463 1390 Chron.
500 1365 532 1392 c.
568 1354 619 1392 18
657 1355 707 1393 19
735 1354 811 1399 20,
850 1351 990 1388 Petrus
1017 1350 1215 1388 Diaconus
1243 1349 1270 1388 l.
1300 1349 1328 1392 4
1367 1348 1516 1387 Chron.
1547 1348 1678 1387 casin.

201 1423 235 1447 c.
256 1412 311 1451 99
335 1413 414 1451 107
436 1413 529 1453 etc.‚
558 1407 663 1446 Will.
681 1407 826 1459 Tyrius
843 1407 870 1447 l.
896 1410 944 1449 13
963 1421 995 1446 c.
1021 1409 1085 1458 19,
1117 1406 1324 1445 conradus
1342 1407 1522 1459 Usperg.,
1542 1405 1679 1443 Dode-

202 1465 363 1514 chinus,
393 1464 543 1504 viterb.
566 1471 608 1504 et
629 1465 706 1504 alii.

311 1536 355 1563 v.
377 1524 417 1563 8.
474 1519 675 1575 γαμβρός]
721 1520 937 1559 Henricum
967 1520 1072 1558 forte
1093 1519 1287 1558 saxoniae
1317 1519 1461 1557 ducem
1484 1517 1681 1569 intelligit,

200 1584 271 1618 aut
287 1577 549 1627 Rainaldum,
591 1578 657 1616 cui
679 1577 889 1616 Lotharius
915 1577 1030 1628 pulso
1062 1590 1112 1614 ex
1132 1576 1247 1614 Italia
1268 1576 1461 1627 Rogerio,
1489 1575 1682 1614 ducatum

199 1635 365 1688 Apuliae
383 1635 580 1674 tuendum
598 1634 832 1676 tradiderat.
877 1633 970 1673 vide
993 1633 1219 1672 Chronicon
1238 1633 1538 1684 W'eingartense
1559 1646 1593 1672 e.
1614 1636 1681 1682 12,

199 1694 368 1746 Tyrium
386 1692 415 1732 l.
444 1694 495 1734 13
520 1706 554 1732 c-
579 1695 652 1741 19,
683 1691 831 1730 Chron.
851 1690 982 1730 Casin.
1004 1690 1029 1728 l.
1051 1692 1078 1731 4
1096 1704 1130 1729 c.
1153 1693 1231 1733 127
1251 1696 1290 1728 et
1306 1691 1468 1742 Usperg.

311 1763 352 1787 v.
377 1748 440 1791 14.
499 1749 616 1802 μέλος
636 1745 711 1802 γάρ
741 1747 804 1800 τι]
845 1748 1066 1786 Clamorem
1091 1747 1276 1785 bellicum
1304 1746 1413 1785 hisce
1443 1745 1680 1799 expressisse
1703 1751 1732 1786 P
1757 1751 1825 1787 446

198 1805 332 1845 verbis
358 1805 593 1843 Cinnamum
623 1805 734 1843 haud
763 1817 876 1856 aegre
901 1818 1136 1856 persuasum
1162 1803 1370 1854 haberem,
1399 1803 1475 1842 nisi
1496 1804 1548 1842 ad
1566 1816 1680 1842 rece—

198 1868 315 1915 ptum
337 1862 410 1901 vix
428 1868 663 1914 usurpatum
685 1862 840 1901 scirem.

311 1932 352 1971 p.
380 1922 434 1961 91
462 1931 502 1957 v.
532 1919 570 1961 4.
626 1917 820 1973 Ῥογέριος
848 1915 915 1969 δὲ]
944 1917 1138 1968 Rogerius
1165 1915 1363 1955 exstincto
1384 1915 1598 1965 Lothario,
1637 1921 1679 1955 et

199 1975 313 2027 pulso
346 1974 560 2024 Rainaldo‚
612 1973 798 2026 Apuliam
834 1974 1099 2026 recuperavit.
1180 1974 1330 2015 Gotefr.
1367 1973 1542 2015 Vitem:
1580 1979 1679 2025 post

191 2045 335 2083 pauca
360 2030 445 2069 dux
468 2031 650 2083 Apuliae
667 2033 828 2083 Raino,
871 2033 938 2069 vel
958 2028 1200 2070 Rainaldus
1225 2032 1411 2070 moritur.
1468 2031 1678 2082 Rogerius

199 2091 245 2126 in
261 2089 468 2140 Apuliam
495 2090 729 2135 revertitur,
769 2096 806 2127 et
832 2095 983 2126 terram
1014 2085 1118 2125 duce
1148 2087 1354 2137 orbatam,
1382 2101 1454 2126 nec
1473 2087 1678 2126 rebellan-

198 2152 275 2184 tem
291 2152 477 2196 occupat.

311 2216 354 2244 v.
388 2205 428 2245 9.
486 2201 676 2255 ζωγρείαν
707 2197 833 2253 εἷλεν]
874 2201 929 2239 Ut
956 2201 1209 2240 Innocentius
1237 2198 1420 2251 pontifex
1447 2199 1489 2238 in
1517 2199 1676 2251 Rogerii

197 2265 434 2311 potestatem
452 2259 626 2307 venerit,
654 2265 694 2296 et
711 2257 880 2310 Rogerio
904 2259 1055 2310 regium
1076 2256 1315 2296 concesserit
1331 2256 1518 2306 titulum,
1546 2257 1678 2309 pluri-

197 2315 272 2354 bus
297 2321 467 2355 narrant
485 2316 603 2353 abbas
622 2316 783 2367 Usperg.
806 2321 845 2353 et
864 2314 1069 2353 Albericus
1087 2315 1129 2352 in
1149 2313 1295 2353 Chron.
1316 2313 1363 2354 A.
1387 2316 1508 2356 1139.
1568 2313 1678 2352 Otho

196 2371 362 2425 Frising.
394 2373 421 2412 l.
443 2375 470 2414 7
505 2372 653 2411 Chron.
674 2386 708 2411 c.
728 2371 804 2419 24,
834 2371 953 2410 Falco
987 2371 1226 2420 Benevent.‚
1258 2370 1443 2409 Nicolaus
1470 2370 1678 2410 Trivettus

196 2427 244 2468 A.
269 2431 378 2472 1142
398 2435 438 2467 et
459 2442 508 2467 ex
533 2430 578 2467 iis
600 2428 794 2467 Baronius
813 2427 859 2468 A.
885 2430 991 2470 1139
1011 2427 1081 2467 ubi
1099 2429 1254 2480 profert
1276 2427 1451 2479 diploma
1470 2427 1679 2466 investitu-

196 2498 284 2524 ram
302 2486 414 2538 regni
434 2486 587 2524 Siciliae
607 2485 776 2537 Rogerio
796 2497 1030 2534 concessam,
1053 2498 1122 2524 seu
1138 2486 1271 2538 potius
1289 2485 1397 2522 tituli
1415 2483 1533 2535 regii,
1560 2497 1678 2535 quem

197 2541 276 2582 iam
302 2549 418 2582 antea
438 2549 727 2594 usurpaverat,
758 2541 1120 2592 confirmationem,
1151 2542 1369 2580 continens.
1420 2541 1567 2593 quippe
1591 2541 1677 2580 Ro-

197 2599 326 2650 gerius
359 2600 533 2638 subactis
556 2600 698 2651 Apulia
721 2605 761 2638 et
779 2599 981 2648 Calabria,
1021 2598 1264 2649 devictisque
1294 2597 1428 2650 Sergio
1454 2597 1554 2637 duce
1571 2598 1677 2637 Nea-

198 2654 376 2706 politano
389 2687 402 2707 ‚
431 2662 470 2695 et
489 2657 664 2695 Roberto
684 2657 868 2708 Capuano
896 2655 1095 2707 principe,
1132 2655 1372 2708 optimatum
1393 2669 1557 2694 suorum
1570 2685 1581 2705 ,
1611 2661 1676 2694 at·-

199 2723 277 2762 que
296 2712 393 2750 adeo
414 2713 578 2753 Henrici
603 2714 758 2752 comitis
783 2713 971 2751 avunculi
991 2713 1051 2751 sui
1069 2713 1230 2751 consilio
1246 2742 1258 2762 ,
1287 2713 1329 2751 in
1352 2713 1492 2752 maiori
1515 2712 1675 2751 ecclesia

199 2768 475 2808 Panormitana
497 2771 713 2810 solenniter
739 2771 871 2809 fuerat
889 2771 930 2808 in
952 2783 1082 2822 regem
1100 2775 1314 2808 coronatus
1336 2775 1375 2807 et
1390 2770 1577 2809 inunctus
1594 2769 1675 2807 idi-

199 2824 274 2863 bus
291 2824 384 2863 Maii
406 2825 452 2865 A.
473 2827 569 2869 Chr.
596 2831 704 2870 1129
725 2834 772 2866 ut
791 2841 842 2865 ex
861 2827 1009 2867 veteris
1034 2826 1220 2866 Chronici
1237 2827 1455 2879 fragmento
1476 2826 1673 2872 discimus,

200 2881 310 2933 quod
338 2887 470 2921 exstat
494 2884 616 2937 apud.
633 2885 775 2924 Frane.
796 2885 1012 2924 Baronium
1044 2884 1095 2924 de
1114 2883 1328 2924 Manfredis
1349 2884 1376 2924 l.
1398 2884 1426 2928 4
1449 2883 1499 2922 de
1521 2882 1672 2922 Maiest.
