1878 3262
323 237 383 280 ΙΝ
407 235 721 279 HISTORIAM
741 235 967 279 IOANNIS
991 235 1224 279 CINNAMI
1245 235 1445 279 NOTAE.
1524 234 1623 281 373

156 345 434 397 Fredegarium
450 343 734 382 scholasticum
754 358 786 385 c.
806 347 861 387 38
881 351 1093 393 vocantur,
1114 347 1313 383 stratoria
1329 346 1370 384 in
1385 345 1478 384 Vita
1490 347 1528 384 S.
1545 345 1624 383 Be-

155 402 303 442 nedicti
325 401 474 440 abbatis
493 400 669 439 Anianae
690 415 724 439 c.
740 405 767 445 6
789 415 830 439 n.
846 403 913 445 28.
972 414 1110 440 eorum
1134 408 1339 454 praeterea
1366 416 1511 441 munus
1537 409 1624 441 erat

155 472 276 510 equos
302 458 550 510 imperatorii
580 457 725 496 stabuli
747 470 886 496 curare
918 464 959 496 et
985 471 1051 496 eos
1076 459 1268 510 inspicere
1300 465 1340 497 et
1365 460 1534 511 probare
1553 460 1622 509 qui

154 516 384 568 imperatori
403 515 682 564 offerebantur,
700 520 747 552 ut
766 520 907 553 auctor
926 521 987 552 est
1005 514 1234 554 Ammianus
1252 516 1278 554 l.
1297 519 1351 558 29
1368 523 1408 554 et
1426 516 1622 566 colligitur

155 585 206 610 ex
233 573 306 624 leg.
326 576 352 614 7
382 573 478 610 cod.
497 571 546 609 de
567 571 825 609 stratoribus:
862 583 986 621 eoque
1005 572 1092 623 ipso
1118 578 1233 611 erant
1260 573 1334 611 sub
1365 573 1620 624 dispositione

153 628 308 668 tribuni
328 629 483 678 stabuli,
505 634 552 666 ut
571 627 708 667 scribit
723 627 829 665 idem
841 627 1069 666 Ammianus
1088 629 1115 665 l.
1138 631 1206 678 30,
1229 630 1296 680 qui
1311 630 1470 680 quidem
1486 629 1619 668 tribu-

79 681 84 684 ’
153 699 228 724 nus
255 686 357 724 idem
391 686 459 737 qui
486 685 739 736 postmodum
770 697 898 722 comes
926 684 1072 722 stabuli
1105 684 1234 723 dictus
1263 692 1335 725 est.
1396 686 1565 737 denique
1587 686 1620 724 si

155 741 306 780 domini
326 748 396 781 aut
415 742 610 794 principes
625 741 863 791 equitarent,
886 741 932 779 iis
949 754 1101 792 semper
1113 741 1279 780 aderant
1295 748 1486 781 stratores
1504 743 1619 794 pedi-

153 804 224 848 tes,
253 812 303 837 ne
331 813 467 838 eorum
499 810 619 849 opera
645 798 702 835 illi
727 798 960 849 indigerent.
1018 796 1133 836 Ordo
1154 798 1357 836 Romanus
1388 800 1436 837 de
1463 813 1618 838 summo

151 856 338 907 pontifice
365 855 585 906 equitante:
635 862 830 892 stratores
857 862 993 892 autem
1019 854 1120 891 laici
1146 868 1174 891 a
1201 853 1351 892 dextris·
1375 863 1411 892 et
1438 858 1620 893 sinistri-s·

152 914 248 963 equi
264 912 490 961 ambulant,
514 926 561 949 ne
581 911 738 949 alicubi
758 911 912 949 titubet.
972 911 1209 949 stratoribus
1226 918 1409 963 praeerat
1430 911 1619 949 domesti-

151 982 225 1005 cus
243 976 479 1018 stratorum,
512 968 561 1006 de
578 981 655 1019 qua
674 968 863 1019 dignitate
883 967 1143 1019 Theophanes
1162 981 1202 1018 p.
1208 967 1320 1015 325,
1350 969 1418 1019 qui
1438 975 1619 1020 postmo—

153 1025 249 1063 dum
269 1020 580 1078 ποωτοστρᾶτωρ
602 1025 843 1076 appellatus.
874 1025 1090 1075 Scylitzes
1078 1039 1119 1063 1n
1141 1024 1361 1076 'lheopliilo
1386 1025 1434 1063 de
1454 1026 1619 1063 Basilio:

154 1079 392 1134 ἱπποκόμων
412 1081 436 1122 ἆ
455 1084 611 1134 πρῶτος
630 1077 855 1136 γενόμενος,
874 1078 1204 1135 πρωτοστροὶτορα
1221 1084 1366 1122 τοῦτον
1381 1083 1494 1133 φασί,
1518 1082 1617 1119 Con-

152 1139 350 1176 stantinus
369 1137 515 1189 Porph.
539 1138 582 1175 in
603 1137 740 1175 eodem
758 1138 899 1176 Basilio
920 1151 950 1175 c
970 1142 1021 1179 7:
1051 1134 1381 1191 πρωτοστράτορα
1404 1135 1529 1179 αὐτοῦ
1546 1154 1618 1178 πε-

152 1195 322 1246 ποίηκεν
347 1192 369 1235 ὅ
396 1190 605 1245 Θεόφιλος.
660 1194 716 1232 ita
747 1195 869 1232 Paulo
899 1195 1071 1232 Diacono
1102 1194 1129 1232 l.
1162 1197 1216 1235 22
1245 1194 1396 1233 Histor.
1422 1195 1617 1233 Miscellae

152 1250 471 1302 Theophylactus
495 1251 639 1289 dicitur
652 1266 707 1302 pr
709 1253 814 1288 imus
831 1252 1106 1302 imperialium
1132 1258 1192 1288 ste·
1194 1258 1368 1299 uterum,
1397 1252 1464 1302 qui
1483 1251 1618 1289 Theo-

151 1306 273 1359 phani
304 1322 342 1359 p.
373 1311 454 1350 369
483 1306 683 1360 βασιλικὸς
714 1321 1039 1361 πρωτοστρατωρ.
1109 1307 1214 1345 illius
1240 1307 1394 1345 muneri
1422 1321 1618 1358 equorum

150 1364 294 1402 stabuli
315 1365 555 1414 imperatmii
581 1377 676 1402 cura
706 1365 971 1415 incumbebat,
997 1370 1045 1402 ut
1070 1363 1191 1402 habet
1213 1365 1471 1403 Cinnamusl.
1492 1368 1539 1407 3.
1571 1362 1618 1412 ὃς

150 1425 235 1468 τοῖς
263 1422 482 1472 βασιλικοῖς
514 1422 656 1472 τηνίκα
695 1421 943 1473 ἰπποκομίαν
972 1418 1147 1472 ἐφεστως
1174 1415 1250 1473 ἦν,
1286 1418 1617 1475 πρωτοστράτορα

150 1492 270 1517 τουτο
300 1479 466 1517 καλοῦσι
490 1475 674 1529 Ῥωμαῖοι
702 1475 748 1518 τὸ
776 1474 1050 1544 λειτούργημα.
1118 1478 1292 1516 Zonaras
1320 1491 1358 1530 p.
1394 1481 1494 1520 132·
1532 1482 1619 1526 τοῖς

152 1533 348 1579 οἰκείοις’“
330 1530 570 1585 ιπποκόμοις
591 1533 791 1601 ἐπέστησε,
814 1531 1146 1587 πρωτοστράτορα
1162 1537 1306 1574 τοῦτον
1329 1530 1477 1574 οἶδεν’
1457 1530 1618 1585 ονομοῖ-

151 1591 231 1638 ζειν
249 1606 275 1641 η
297 1587 498 1637 διάλεκτος
515 1589 545 1642 ἦ
563 1587 694 1642 κοινή.
752 1590 848 1629 hinc
863 1593 1101 1628 stratorium
1115 1590 1326 1628 stabulum
1347 1593 1616 1628 iumentorum

148 1646 438 1697 interpretatur
457 1646 622 1685 loannes
639 1647 687 1684 de
704 1647 840 1697 Ianua,
862 1647 969 1698 quod
987 1646 1151 1685 Stabulis
1170 1654 1392 1699 praeessent
1412 1654 1615 1686 stratores.

148 1702 284 1753 itaque
300 1704 331 1741 si
350 1703 510 1753 quando
528 1705 743 1755 imperator
760 1717 920 1755 peregre
939 1705 1188 1755 profecturus
1208 1710 1306 1752 erat,
1334 1717 1481 1754 equum
1502 1718 1522 1741 a
1540 1718 1609 1742 co-
1635 1706 1665 1740 P
1688 1703 1756 1739 475

149 1759 245 1796 mite
267 1772 458 1809 equorum
486 1760 707 1798 adductum
738 1761 873 1798 fraeno
903 1760 1150 1811 prehendens
1171 1760 1339 1798 ducebat
1359 1761 1410 1798 ad
1430 1767 1614 1811 quartam

149 1815 215 1853 vel
239 1816 416 1865 quintam
436 1816 570 1866 palatii
591 1823 755 1867 partem,
785 1823 833 1855 ut
851 1823 908 1854 est
924 1816 1032 1868 apud
1053 1817 1249 1855 Codinum
1272 1817 1320 1854 de
1340 1817 1413 1855 Off.
1434 1831 1466 1855 c.
1485 1819 1510 1859 5
1531 1831 1571 1854 n.
1587 1818 1613 1859 5

151 1877 192 1909 et
207 1872 383 1909 Nicetam
402 1872 445 1909 in
458 1872 596 1910 Alexio
615 1873 640 1910 l.
663 1877 680 1913 1
704 1886 741 1911 n.
763 1876 800 1914 2.
839 1879 1042 1924 praeterea
1059 1874 1219 1911 absente
1234 1887 1374 1924 magno
1397 1874 1613 1911 domestico

150 1929 327 1980 gestabat
341 1928 590 1979 imperatoris
608 1941 751 1978 ensem,
773 1935 819 1967 ut
837 1936 978 1967 auctor
998 1935 1055 1967 est
1073 1930 1211 1968 eodem
1233 1930 1320 1968 loco
1331 1930 1516 1977 eodinus,
1533 1942 1613 1979 quo

149 1997 314 2023 munere
332 1985 578 2036 potissimum
603 1985 783 2036 fungitur
812 1986 921 2037 apud
942 1999 1016 2023 nos
1041 2000 1204 2037 magnus
1223 1986 1398 2036 scutifer,
1423 1986 1459 2023 le
1474 1984 1618 2037 grand

151 2056 309 2093 escuyer
326 2042 373 2078 cle
389 2042 542 2079 France
554 2070 565 2089 ‚
593 2054 711 2093 penes
730 2054 844 2091 quem
865 2043 1010 2080 stabuli
1029 2049 1069 2080 et
1089 2055 1280 2093 equorum
1301 2043 1401 2093 regis
1419 2055 1514 2080 cura
1533 2048 1615 2081 est:

149 2098 244 2137 huic
266 2098 368 2136 enim
388 2098 635 2149 ensis'regius
653 2099 966 2147 commendatur,
994 2099 1026 2136 si
1046 2100 1149 2137 sorte
1172 2113 1300 2136 comes
1319 2099 1476 2136 stabuli
1497 2099 1611 2149 absit,

149 2168 269 2208 penes
284 2168 399 2206 quem
422 2168 503 2192 esse
520 2155 569 2192 de
587 2155 672 2193 iure
689 2155 807 2193 debet
823 2161 871 2193 ut
887 2156 954 2206 qui
974 2156 1134 2194 militari
1150 2156 1209 2194 rei
1229 2161 1396 2207 praeest,
1419 2156 1612 2206 quemad-

149 2212 313 2250 modum
333 2212 439 2263 apud
460 2212 629 2249 Graecos
653 2225 815 2263 magnus
844 2212 1093 2251 domesticus.
1150 2212 1241 2252 vide
1261 2212 1455 2264 Ignatium
1469 2213 1613 2251 Diaco—

150 2282 248 2306 num
269 2269 312 2307 in
329 2269 419 2308 Vita
438 2271 474 2306 S.
493 2268 706 2320 Nicephori
726 2268 941 2320 patriarch.
963 2269 1033 2320 cp.
1053 2283 1092 2309 n.
1113 2272 1178 2311 61.
1235 2270 1304 2307 sed
1327 2275 1365 2307 et
1386 2276 1614 2321 protostra—

150 2325 246 2364 toris
266 2339 411 2364 munus
432 2325 598 2363 militare
616 2326 712 2373 suit:
744 2339 835 2363 nam
855 2331 902 2364 ut
921 2332 1060 2364 auctor
1078 2332 1137 2364 est
1154 2326 1260 2364 idem
1281 2327 1454 2365 Codinus
1474 2327 1613 2364 eodem

152 2394 186 2420 c.
205 2395 246 2424 n.
265 2386 330 2432 17,
348 2388 433 2420 erat
453 2382 656 2435 ὄεφένσωρ
679 2385 760 2422 τῶν
781 2379 1104 2435 κουρσευόντων,
1133 2382 1176 2423 id
1193 2389 1264 2432 est,
1283 2389 1462 2434 praeerat
1479 2384 1527 2421 iis
1545 2383 1613 2433 qui

151 2440 401 2477 excursiones
422 2440 616 2484 faciebant
642 2452 784 2489 eosque
810 2439 1044 2478 defendebat
1070 2446 1111 2478 et
1136 2441 1338 2478 tuebatur.
1406 2439 1476 2477 sed
1503 2445 1614 2477 errat

151 2495 259 2545 quod
278 2502 607 2547 protostratorem
628 2496 776 2534 dictum
799 2502 911 2547 putet
934 2495 1000 2537 διοὶ
1018 2494 1062 2537 τὸ
1082 2501 1348 2549 προηγεῖσθαι
1367 2493 1514 2543 παντὸς
1539 2493 1612 2535 av'-

151 2554 225 2591 τοῦ
239 2555 313 2592 τοῦ
333 2556 514 2606 στρατοῦ.
571 2558 841 2605 protostrator
858 2554 960 2591 enim
983 2554 1216 2605 appellatur,
1238 2553 1346 2603 quod
1372 2552 1612 2591 stratoribus

152 2607 384 2647 militaribus
408 2611 629 2661 praefectus
658 2615 775 2648 esset:
810 2611 918 2648 unde
938 2611 1092 2648 Nicetes
1114 2610 1155 2647 in
1178 2609 1373 2648 Balduino
1391 2609 1610 2648 marescalli

153 2663 262 2714 apud
282 2679 355 2703 nos
382 2667 623 2718 dignitatem,
650 2680 728 2717 qua
753 2667 1041 2705 Gothosredum
1068 2666 1387 2706 Villhardujnum
1416 2667 1610 2705 donatum

151 2720 270 2758 fuisse
289 2722 364 2771 ait,
391 2725 740 2774 protostratoricae
767 2724 873 2776 apud
894 2725 1063 2762 Graecos
1088 2723 1336 2774 aequiparat:
1376 2724 1610 2762 dicebantur

153 2777 257 2814 enim
278 2782 493 2818 stratores·
484 2795 524 2819 in
547 2781 782 2819 exercitibus
802 2781 871 2831 qui
891 2787 1021 2819 castra
1041 2780 1259 2833 praeibant,
1283 2786 1331 2819 ut
1348 2781 1435 2819 loca
1453 2793 1610 2819 accom-

153 2833 374 2872 modatiora
391 2835 444 2873 ad
465 2840 682 2877 exercitum
705 2837 996 2877 traducendum
1015 2839 1189 2886 facerent
1208 2843 1249 2876 et
1271 2837 1469 2890 posticum
1488 2849 1608 2888 prae-

155 2889 250 2929 torii
283 2891 327 2929 in
353 2893 489 2931 castris
516 2894 768 2947 imperatoris
791 2908 862 2934 seu
893 2895 1085 2948 praetoris
1112 2883 1348 2944 tuebantur,
1385 2901 1433 2933 ut
1466 2894 1611 2932 docent
