1878 3262
527 202 1076 249 COMMENTARIORUM
1106 206 1155 248 L.
1181 204 1237 249 Π.
1546 202 1614 252 67

149 321 216 363 καὶ
246 319 327 370 τὰς,
349 315 552 370 διεξόδους
583 316 764 377 ἐτήρουν.
831 323 1003 377 πορθεῖν
1028 318 1073 362 δὲ
1105 316 1258 376 ταύτην
1286 316 1360 362 οῧκ
1387 318 1614 377 ἐπεχείρουν

148 387 322 439 δεδιότες
339 389 435 439 τοὺς
455 387 622 431 ἔσωθεν.
691 386 746 438 ὧς
765 387 808 430 δ’
834 387 1020 444 ε’γνώσθη
1040 391 1092 431 τὰ
1110 388 1326 443 συμβάντα
1342 395 1427 439 τοῖς
1443 388 1610 441 ἔσωθεν,

148 458 187 500 οἱ
205 458 281 511 μὲν
300 456 454 499 τούτων
472 452 577 511 ἦσαν
598 458 640 499 ἔν
666 455 805 507 ὅπλοις
827 456 954 507 εὐθὺς
982 456 1071 499 ὅσοι
1105 457 1375 513 γενναιότατοι
1400 459 1468 499 καὶ
1496 457 1611 499 ἀλκι-

145 525 347 581 μώτατοι,
384 527 422 568 οἳ
447 527 491 568 δὲ
508 526 610 583 πρὸς
629 525 812 581 δρασμὸν
832 523 1009 582 ἐχώρουν
1039 525 1108 568 ἅτε
1135 530 1296 581 πλῆθος
1321 526 1432 576 ὄντες
1456 524 1612 580 σύμμι-

101 602 124 638 5
148 612 242 637 κτον
261 597 328 637 καὶ
347 595 518 650 θητικὸν
538 595 584 637 τὸ
604 598 760 646 πλεῖον,
794 601 879 644 τοῖς
910 595 957 636 δὲ
984 592 1111 636 ἐδόκει
1134 596 1313 648 βέλτιον,
1349 594 1395 636 οἳ
1405 596 1473 637 καὶ
1492 595 1610 651 μεγέ-

146 668 216 706 θει
247 662 447 717 σωμάτων
474 667 555 705 τῶν
581 662 714 705 ἄλλων
737 663 920 720 διέφερον
940 664 1008 705 καὶ
1027 661 1213 718 μεγάλαις
1228 663 1380 719 ηὔχουν
1398 664 1461 705 ἐπὶ
1484 679 1610 720 στρα-

146 731 240 784 τόν,
275 735 476 788 μηδαμῶς
505 733 561 781 εἷς
575 738 717 788 χεῖρας
743 732 842 774 ἰέναι
861 737 946 781 τοῖς
966 733 1194 785 πολεμίοις,
1230 733 1336 774 ἀλλὰ
1353 733 1403 774 τὰ
1423 732 1528 775 ὅπλα
1548 731 1611 789 ῥί-

145 814 310 856 ψαντας
335 801 612 855 αὐτομολῆσαι
640 800 736 850 τοὺς
764 797 1023 856 βαρβάρους,
1068 798 1186 856 ὅρκια
1221 800 1423 854 λαβόντας
1457 802 1612 843 ἐκεῖθεν

147 868 249 912 ὥστε
270 870 328 925 μὴ
347 873 501 911 θανεῖν.
568 873 701 926 θροῦς
729 863 802 910 οὖν
827 870 891 910 ἐπὶ
919 872 978 926 τῷ
994 866 1100 926 λόγῳ
1122 868 1235 925 ἤρθη
1255 867 1401 919 πολύς,
1435 873 1517 911 τῶν
1538 870 1612 922 μὲν
1636 875 1670 912 1>

91 946 135 981 10
147 937 414 981 ἐπαινούντων
432 937 478 980 τὸ
505 935 636 993 δόγμα
654 941 735 979 τῶν
758 937 800 979 δ’
824 935 1069 994 ἀμφιβόλως
1090 936 1274 991 ἑχόντων.
1327 935 1348 979 ὅ
1369 938 1413 979 δὲ
1435 944 1614 992 γενναῖος

136 1007 312 1058 Ἀλεξιος
348 1005 626 1062 κατασιγάσας
649 1006 720 1049 τὸν
745 1003 930 1063 θόρυβον
957 1007 1120 1048 τοιῶνδε
1151 1006 1255 1064 πρὸς
1287 1005 1436 1055 αὐτοὺς
1465 1004 1614 1063 ἤρχετο

141 1074 285 1132 λόγων.

285 1145 359 1189 10.
423 1141 574 1198 “Ἐμοῖ
594 1142 691 1196 μέν,
728 1136 762 1185 ὦ
784 1140 948 1199 ἄνδρες,
979 1140 1025 1183 τὸ
1050 1141 1155 1197 μηδ’
1179 1140 1284 1192 ὅλως
1309 1140 1615 1198 ἀποπειρᾶσθαι

142 1216 223 1255 τῶν
254 1213 476 1267 πολεμίων,
526 1212 632 1254 ἀλλὰ
662 1215 773 1268 σφᾶς
804 1211 954 1260 αὐτοὺς
985 1212 1042 1260 εἷς
1073 1212 1258 1253 δουλείαν
1291 1212 1513 1267 προδοῦναι
1544 1211 1620 1251 καῖ

89 1289 132 1327 15
145 1285 350 1338 προῦπτον
371 1283 554 1323 κίνδυνον
574 1279 676 1337 πρὸς
696 1280 741 1321 τὸ
767 1281 917 1329 δειλίας
932 1278 1110 1334 ἔγκλημα
1128 1280 1262 1336 φέρειν
1282 1281 1348 1320 καὶ
1368 1277 1501 1333 πάσης
1519 1278 1615 1333 εὐη-

142 1351 261 1400 θείας
286 1353 399 1392 δοκεῖ
416 1348 513 1391 εἶναι
537 1347 697 1403 μεστόν.
766 1346 878 1402 οἶμαι
898 1347 977 1404 γὰρ
998 1348 1056 1402 μὴ
1076 1346 1136 1389 ὅτι
1156 1365 1198 1403 γε
1213 1346 1439 1402 Ῥωμαίους
1459 1346 1615 1403 ἄνδρας

142 1423 225 1461 τῶν
247 1414 292 1461 εὖ
316 1417 533 1474 γεγονότων
554 1421 673 1460 τοῦτο
695 1418 848 1473 δρᾶσαί
860 1433 970 1467 ποτε,
1002 1416 1096 1458 ἀλλ’
1121 1416 1215 1458 οὐδὲ
1234 1423 1428 1472 γυναῖκας
1449 1415 1615 1471 εὐγενεῖς

142 1505 184 1530 τε
209 1489 276 1529 καὶ
296 1486 524 1544 σώφρονας.
593 1485 694 1542 πρὸς
722 1485 800 1541 γὰρ
833 1484 879 1527 τὸ
915 1484 1026 1528 δεινὰ
1046 1489 1196 1527 παθεῖν
1219 1487 1286 1526 καὶ
1309 1485 1379 1526 τὸν
1400 1483 1511 1526 ἵλεον
1531 1488 1614 1526 τῶν

143 1554 373 1613 ἀνθρώπων
407 1555 483 1612 ἀφ’
515 1552 631 1609 ἦμῶν
663 1554 950 1607 ἅποκλείσομεν
971 1554 1040 1595 καὶ
1070 1557 1151 1595 τῶν
1172 1555 1229 1603 εἷς
1248 1553 1295 1595 τὸ
1313 1554 1462 1607 μέλλον
1487 1554 1613 1608 ἔγκω-

86 1626 246 1680 2ομίων
267 1623 573 1677 ἀποτευξόμεθα
583 1654 595 1674 ,
631 1621 659 1664 ἃ
677 1630 761 1673 τοῖς
776 1623 965 1678 γενναίως
987 1621 1299 1678 ἀγωνισαμένοις
1318 1623 1386 1663 καὶ
1405 1621 1527 1672 ἀξίως
1542 1625 1615 1675 τῆς
1647 1629 1649 1631 ’

142 1699 260 1752 σφῶν
280 1689 589 1750 εὖγενείας***
610 1690 807 1742 θανόντες
828 1692 1031 1734 ἓλεοῦνται
1048 1691 1123 1745 μὲν
1142 1691 1246 1749 παρ’
1271 1692 1466 1743 ἰδιωτῶν,
1496 1691 1614 1732 ἓπαι-
1636 1696 1666 1732 Ρ
1689 1697 1735 1733 48

234 1823 268 1858 8.
290 1819 403 1866 τοὺς]
426 1818 521 1864 πρὸς
542 1818 658 1862 zois?
805 1821 864 1857 18.
885 1817 956 1864 τὸ]
980 1818 1064 1865 zai?
1207 1820 1266 1856 21.
1288 1817 1497 1865 εὐγενείας]
1519 1817 1614 1853 Indi-

232 1868 309 1903 cavi
330 1868 494 1902 lacunam.

141 1979 318 2028 praesidiis
340 1979 552 2015 munierunt:
583 1976 620 2013 vi
641 1980 761 2025 aperta
783 1977 978 2013 abstinuere
999 1974 1192 2023 tantisper,
1220 1975 1314 2022 quod
1337 1986 1436 2011 acres
1452 1974 1612 2011 obsesso-

140 2040 215 2064 rum
237 2029 381 2073 impetus
402 2027 431 2061 si
456 2026 566 2071 palam
582 2029 861 2070 oppugnarentur
876 2029 1058 2069 erupturos
1073 2028 1274 2057 metuerent.
1320 2028 1359 2057 ut
1373 2026 1458 2057 vero
1472 2023 1613 2057 intelle·-

143 2079 232 2109 ctum
253 2074 437 2119 periculum
458 2073 549 2106 intus
573 2077 627 2105 est
649 2075 790 2115 repente
813 2070 935 2115 quibus
950 2069 1051 2104 animi
1066 2074 1102 2103 et
1118 2070 1210 2103 vires
1225 2069 1270 2102 ad
1285 2081 1376 2103 arma
1393 2072 1612 2105 concurrunt.

142 2121 306 2166 pleraque
326 2125 438 2153 autem
458 2117 600 2152 imbellis
626 2117 731 2151 mixta
753 2129 773 2150 e
797 2116 1013 2150 mercenariis
1037 2116 1138 2149 turba
1166 2115 1458 2160 circumspiciebat
1482 2116 1611 2159 fugam.

143 2166 340 2212 quibusdam
365 2165 465 2199 etiam
490 2163 613 2207 alioqui
629 2162 901 2207 praevalentibus
918 2168 954 2195 et
968 2165 1067 2195 vasto
1084 2172 1229 2206 corpore
1242 2161 1347 2194 multa
1363 2172 1439 2194 sese
1456 2160 1492 2194 in
1508 2171 1610 2195 exer-

143 2212 213 2246 citu
238 2211 446 2245 fortitudinis
468 2208 693 2243 ostentatione
712 2208 841 2242 iactare
856 2207 962 2241 solitis
976 2207 1227 2251 ignavissimum
1243 2207 1417 2240 consilium
1432 2206 1609 2251 placebat,

140 2269 351 2303 nequaquam
375 2257 543 2291 aientibus
567 2254 763 2288 tentandam
790 2253 854 2287 sibi
878 2253 990 2287 videri
1004 2264 1140 2298 pugnae
1155 2264 1229 2286 cum
1246 2253 1371 2286 Turcis
1388 2253 1514 2295 aleam,
1546 2252 1610 2286 aed

141 2305 284 2338 abiectis
308 2303 409 2338 armis
431 2302 631 2336 deditionem
656 2299 846 2334 faciendam
867 2299 937 2333 fide
949 2299 1188 2332 incolumitatis
1204 2299 1298 2343 prius
1312 2299 1356 2332 ab
1375 2298 1611 2332 obsidentibus

140 2355 295 2394 accepta.
339 2349 382 2383 ad
405 2359 478 2382 eam
502 2358 621 2381 vocem
648 2357 795 2379 murmur
817 2350 927 2380 ortum
951 2349 1006 2379 est
1019 2345 1150 2379 varium
1166 2344 1383 2389 quorumdam
1399 2344 1608 2378 laudantium

141 2396 338 2430 sententiam
354 2395 492 2428 aliorum
507 2394 596 2427 inter
612 2396 791 2436 utrumque
806 2391 1038 2425 dubitantium.
1055 2395 1092 2424 at
1105 2402 1290 2435 generosus
1305 2389 1446 2424 Alexius
1460 2389 1607 2423 tumultu

141 2442 187 2476 ad
202 2442 309 2476 breve
323 2440 494 2476 silentium
509 2440 626 2473 sedato
643 2439 729 2471 hanc
744 2437 927 2472 orationem
943 2447 1085 2470 exorsus
1102 2441 1166 2470 est.

181 2503 183 2505 ¹
235 2490 292 2522 10.
339 2487 458 2520 “Mihi
474 2486 629 2531 quidem,
662 2495 682 2517 o
707 2482 792 2526 viri,
822 2494 884 2517 nos
898 2483 974 2516 visu
987 2483 1059 2516 solo
1077 2481 1263 2516 debellatos
1285 2480 1429 2514 hostium
1450 2491 1515 2514 nec
1538 2479 1608 2515 vim

143 2539 300 2578 expertos
321 2533 423 2567 ullam
451 2532 539 2566 ultro
567 2532 600 2565 in
622 2529 844 2563 voluntariam
868 2529 1066 2563 servitutem
1089 2539 1131 2561 ac
1153 2537 1316 2572 praesens
1342 2526 1527 2571 periculum
1542 2535 1607 2560 nos

142 2579 307 2613 coniicere
331 2584 471 2624 praeter
494 2575 775 2622 vituperationem
796 2574 951 2620 ignaviae
975 2573 1139 2608 stultitiae
1154 2584 1290 2618 quoque
1304 2572 1607 2606 inconsultissime

140 2624 272 2658 videtur
286 2624 518 2670 plenissimum.
565 2622 719 2657 existimo
741 2621 848 2664 enim,
880 2631 948 2654 non
971 2620 1081 2654 dicam
1097 2619 1264 2653 Romanos
1281 2618 1367 2653 ullos
1392 2618 1484 2652 viros
1508 2618 1607 2662 inge-

141 2669 215 2703 nuis
241 2675 335 2704 ortos
357 2671 524 2704 natalibus
546 2679 724 2713 numquam
748 2667 830 2712 quid
855 2666 961 2700 simile
985 2666 1126 2707 fecisse,
1157 2664 1217 2699 sed
1242 2675 1286 2698 ne
1300 2664 1456 2698 mulieres
1471 2664 1606 2708 quidem

142 2715 273 2749 nobiles
294 2721 330 2749 et
351 2716 490 2760 pudicas
512 2716 547 2750 id
570 2716 720 2749 facturas
734 2724 901 2758 umquam.
945 2711 979 2745 in
998 2723 1039 2745 eo
1055 2711 1180 2757 quippe
1195 2711 1229 2744 id
1244 2710 1375 2754 agimus
1389 2736 1398 2752 ‚
1428 2714 1468 2743 ut
1481 2710 1517 2743 in
1531 2721 1607 2743 ser-

143 2761 264 2794 vilibus
287 2762 489 2796 cruciatibus
513 2761 718 2806 reliquisque
743 2757 953 2805 captivitatis
976 2757 1069 2792 malis
1091 2757 1216 2791 nullum
1230 2756 1326 2790 nobis
1338 2756 1496 2790 solatium
1513 2755 1567 2790 vel
1582 2766 1605 2788 a

141 2807 372 2841 misericordia
386 2808 443 2841 vel
458 2819 480 2842 a
495 2807 596 2842 laude
611 2818 651 2841 ac
668 2805 920 2851 praedicatione
936 2804 1103 2838 hominum
1118 2803 1282 2837 faciamus
1296 2802 1473 2847 reliquum.
1498 2802 1607 2835 enim-

143 2864 226 2888 vero
241 2853 299 2898 qui
315 2853 418 2888 nobili
433 2854 608 2890 exantlato
625 2852 808 2888 certamine
821 2851 958 2886 fortuna
973 2849 1054 2885 belli
1068 2849 1214 2885 adversa
1229 2849 1468 2892 succumbunt,
1498 2857 1607 2891 gene-
