1878 3262
220 253 279 298 IN
298 253 604 299 NICPEHORI
618 254 888 299 BRYENNII
905 255 1146 300 COMMEN
1148 256 1198 299 T.
1214 256 1415 300 NOTAE.
1484 256 1582 302 219

123 378 267 404 nomen
283 370 322 403 et
337 364 474 403 titulos
493 364 628 416 prodit
644 362 810 402 Allatius
826 363 855 404 l.
866 367 891 406 3
910 363 960 403 de
977 364 1081 403 Eccl.
1092 364 1226 404 Occid.
1246 371 1283 403 et
1295 366 1449 408 Orient.
1469 379 1582 419 perp.

122 434 299 460 consens.
320 435 353 462 c.
374 423 413 462 8.
472 421 521 459 de
541 420 700 472 Abasgis
718 427 759 459 et
774 420 908 459 Alanis
923 421 1048 460 multa
1065 421 1186 461 habet
1202 423 1416 476 Procopius
1435 423 1461 463 l.
1482 428 1510 467 2
1531 424 1580 463 de
1603 427 1632 462 P
1656 428 1723 464 210
1736 457 1747 469 .

122 477 230 517 Bello
254 478 359 519 Pers.
377 491 410 517 c.
429 479 497 520 29.
554 491 594 518 v.
615 483 699 516 not.
719 477 770 515 ad
790 477 967 516 Alexiad.
989 491 1030 529 p.
1049 481 1145 521 393,

235 548 276 587 Ρ.
296 536 351 578 58
373 547 412 576 v.
436 537 506 575 22.
565 533 589 576 o‘
619 530 802 588 Φροῖγγος
835 529 1074 588 Οὖρσέλιος]
1105 536 1216 576 Inter
1242 537 1464 588 praeclaros
1492 536 1582 575 illos

121 591 406 630 Normannicos
434 590 576 640 duces,
621 592 689 641 qui
710 603 761 629 ex
779 589 917 641 Italia,
960 592 1029 629 ubi
1054 605 1134 630 non
1162 593 1358 631 modicam
1387 606 1437 631 ex
1462 593 1583 632 rebus

119 648 225 689 bello
251 648 368 699 gestis
386 647 546 685 laudem
574 648 647 686 sibi
668 653 969 699 compararunt,
999 649 1163 700 profecti
1189 650 1230 688 in
1263 650 1472 688 Thraciam
1499 650 1583 701 By-

121 705 371 743 zantinorum
395 704 620 756 principum
649 705 769 755 copiis
790 717 871 742 sese
898 704 1189 754 adiunxerunt‚
1220 707 1471 759 praecipuam
1490 719 1582 744 cum

122 762 297 800 Roberto
317 761 515 811 Crispino,
546 762 656 800 cuius
673 761 839 813 elogium
856 774 952 800 mox
971 762 1296 814 perstrinximus,
1327 763 1582 802 commenda-

122 819 270 857 tionem
294 824 470 856 meretur
499 817 691 856 Ursellus.
721 824 763 856 at
781 831 871 856 cum
889 831 1026 868 nemo,
1056 819 1165 869 quod
1184 820 1323 868 sciam,
1353 833 1403 858 ex
1420 825 1582 858 nostra-

123 875 227 914 tibus
245 874 441 913 historicis
460 881 543 913 tam
559 874 828 927 praecellentis
849 875 926 914 viri
949 876 1203 926 praeconium
1227 876 1422 928 attigerit,
1453 876 1522 914 sed
1544 881 1583 914 et

123 944 174 970 ne
193 931 298 970 illius
318 931 540 970 meminerit
557 932 733 982 quidem,
771 944 857 970 rem
877 932 981 970 forte
999 930 1111 970 haud
1138 931 1396 971 iniucundam
1418 933 1583 970 lectori-

123 989 198 1027 bus
221 989 421 1027 facturum
449 1002 512 1027 me
547 988 741 1036 arbitror,
778 988 810 1025 si
832 988 940 1038 quod
964 988 1006 1026 in
1027 988 1206 1040 Crispino
1222 989 1427 1040 praestiti,
1469 995 1584 1027 extra

123 1045 461 1084 commentationis
481 1051 604 1083 metas
627 1044 832 1097 paululum
850 1044 1059 1096 digrediar,
1084 1051 1125 1083 et
1147 1058 1263 1096 quem
1279 1046 1396 1084 laude
1415 1059 1485 1084 sua
1502 1059 1584 1083 non

123 1102 310 1140 frustrari
328 1103 491 1140 interest
508 1101 720 1151 Ursellum‚
759 1101 1091 1152 splendidissimae
1110 1102 1278 1140 familiae
1297 1116 1410 1150 suae,
1441 1102 1584 1140 etiam-

123 1172 221 1197 num
251 1158 474 1209 superstiti,
518 1158 640 1209 gentis
677 1163 876 1195 auctorem
910 1157 1102 1196 hactenus
1133 1158 1204 1196 vix
1233 1165 1374 1198 notum
1400 1172 1582 1200 asseram.

123 1214 296 1254 Ursellus
334 1227 424 1264 seu,
463 1220 511 1252 ut
548 1214 770 1265 Bryennius
803 1220 843 1252 et
867 1215 982 1252 Anna
1009 1214 1194 1265 efferunt,
1233 1216 1427 1263 Urselius,
1466 1227 1584 1266 quem

121 1284 329 1324 perperam
344 1271 532 1322 Scylitzes
548 1277 588 1308 et
606 1270 779 1309 Zonaras
799 1271 1021 1309 Russelium
1043 1278 1297 1322 nuncupant,
1327 1272 1471 1310 illustri
1489 1272 1584 1310 Bal-

122 1329 309 1367 liolorum
341 1327 486 1365 familia
519 1328 736 1378 oriundus,
776 1340 864 1365 cum
898 1328 1078 1366 Roberto
1111 1328 1328 1367 Guiscardo
1368 1329 1586 1379 ceterisque

125 1383 318 1423 Tancredi
341 1384 431 1422 filiis
458 1384 501 1422 in
530 1384 714 1436 Apuliam
740 1385 958 1435 profectus,
994 1384 1208 1436 Rogerium
1238 1385 1471 1436 praesertim
1497 1386 1585 1423 Ro-

124 1441 229 1480 berti
248 1442 411 1479 fratrem
438 1441 482 1478 in
509 1447 690 1493 suscepta
709 1440 757 1478 ab
775 1441 843 1479 illo
861 1447 998 1479 contra
1014 1443 1228 1480 Saracenos
1246 1442 1398 1481 Siculos
1418 1442 1585 1494 expedi-

125 1499 236 1537 tione
266 1503 423 1536 secutus
448 1502 518 1538 est,
575 1498 617 1536 in
638 1511 714 1548 qua
730 1503 881 1535 tantam
901 1511 951 1535 ex
970 1498 1029 1536 rei
1051 1498 1228 1536 militaris
1249 1499 1389 1549 peritia
1406 1504 1446 1536 et
1463 1498 1585 1536 animi

124 1554 392 1606 magnitudine
410 1553 577 1604 adeptus
599 1560 658 1592 est
673 1553 1022 1603 existimationem,
1051 1561 1095 1593 ut
1114 1555 1393 1602 victoriarum,
1419 1568 1515 1605 quas
1538 1555 1585 1592 iis

123 1612 167 1650 in
179 1611 290 1650 bellis
304 1611 503 1649 consecuti
523 1611 659 1650 suntN
662 1611 852 1659 armanni,
867 1611 1029 1662 gloriam
1045 1611 1102 1649 illi
1122 1611 1319 1649 adscribat
1332 1611 1586 1663 praecipuam

125 1667 348 1707 Gaufredus
377 1668 608 1717 Malaterra,
648 1668 818 1719 scriptor
843 1674 1095 1719 coaetaneus,
1118 1668 1145 1707 l.
1177 1671 1196 1709 1
1227 1682 1262 1711 c,
1290 1671 1365 1716 33,
1396 1668 1463 1718 qui
1490 1668 1587 1705 illu-

125 1731 207 1763 stre
231 1724 310 1762 hoc
331 1730 534 1775 praeterea
563 1724 683 1762 animi
704 1730 744 1762 et
759 1725 1026 1775 generositatis
1045 1725 1240 1776 specimen
1259 1725 1300 1762 in
1319 1724 1470 1762 Ursello
1487 1738 1587 1775 pro-

127 1781 199 1819 dit.
255 1780 382 1819 tradit
415 1781 557 1832 quippe
579 1781 746 1832 Rogerio
779 1782 887 1819 susos
914 1787 955 1819 et
982 1781 1130 1819 deletos
1158 1794 1180 1818 a
1205 1781 1366 1819 Sei-lone
1390 1793 1440 1818 ex
1464 1781 1588 1819 fratre

126 1843 270 1889 nepote
292 1836 426 1875 hostes
446 1837 636 1875 incessere
657 1837 885 1886 cunctanti,
931 1849 981 1875 ne
1012 1837 1108 1887 quid
1135 1837 1385 1887 persequenti
1414 1837 1588 1875 deterius

127 1894 347 1942 accideret,
372 1893 497 1944 partis
524 1898 710 1931 contento
738 1893 927 1944 tropaeiS,
957 1894 1263 1930 interminatum
1279 1895 1423 1944 fuisse
1448 1894 1588 1931 Ursel-

127 1952 215 1989 lam
235 1949 283 1988 de
296 1950 480 2000 Baillol‚
521 1964 563 1987 se
590 1963 800 2001 nunquam
819 1950 883 1987 vel
900 1948 958 1986 ibi
979 1949 1044 1988 vel
1061 1950 1169 1987 alias·
1189 1949 1270 1987 sibi
1287 1951 1491 1988 auxilium
1511 1950 1588 1988 la-

127 2015 289 2056 turum,
318 2007 400 2044 nisi
420 2013 615 2043 certamen
636 2020 725 2044 cum
740 2005 926 2043 hostibus
947 2007 1077 2044 iniret.
1135 2019 1212 2057 qua
1242 2006 1375 2044 valida
1403 2007 1587 2045 incensus

128 2063 406 2102 adhortatione
442 2062 654 2114 RogeriuS,
694 2062 867 2100 animum
897 2074 1108 2111 revocans,
1147 2076 1238 2100 cum
1257 2064 1417 2102 Serlone
1442 2069 1588 2114 nepote

127 2120 357 2170 Urselloque
395 2125 436 2157 et
469 2119 648 2170 Arisgoto
688 2119 737 2157 de
767 2119 935 2157 Puteolis
959 2119 1001 2157 in
1029 2118 1161 2157 hostes
1186 2120 1343 2158 sortiter
1367 2119 1587 2158 invehitur.

127 2184 170 2215 at
188 2177 360 2215 Ursellus
387 2189 477 2214 cum
509 2190 598 2214 suos
623 2188 715 2227 prae
733 2176 853 2213 nimia
878 2175 1036 2214 illorum
1058 2175 1312 2214 multitudine
1334 2176 1587 2215 cunctabun-

128 2234 200 2272 dos
230 2240 268 2272 et
298 2233 414 2271 solito
441 2232 679 2271 remissiores
697 2237 897 2281 cerneret,
930 2232 1011 2271 acri
1036 2238 1076 2270 et
1096 2232 1231 2273 vivida
1252 2233 1472 2271 inflammat
1492 2246 1587 2271 ora-

128 2291 238 2329 tione
265 2290 542 2340 accenditque,
579 2295 618 2327 et
644 2289 847 2327 commisso
873 2289 1020 2340 praelio
1050 2291 1264 2327 Saracenos
1294 2290 1450 2340 penitus
1482 2289 1589 2328 delet

130 2353 171 2385 et
189 2347 385 2399 profligat.
447 2352 554 2397 gesta
571 2345 669 2383 haec
688 2345 804 2383 fuisse
822 2345 894 2384 sub
913 2346 960 2384 A.
979 2348 1086 2387 1069
1107 2352 1247 2384 auctor
1267 2352 1326 2384 est
1346 2345 1585 2395 Gaufredus,

131 2404 195 2442 cui
220 2418 302 2442 non
330 2403 516 2442 debemus
541 2402 661 2440 modo
687 2401 1014 2453 praestantissimi
1043 2402 1122 2440 viri
1145 2402 1336 2451 nominis,
1375 2403 1446 2441 sed
1470 2404 1587 2441 etiam

131 2466 352 2499 ceterarum
375 2459 572 2512 praeclare
596 2460 645 2500 ab
675 2458 742 2496 illo
771 2458 814 2496 in
838 2458 1000 2496 Graecia
1030 2464 1206 2497 actarum
1234 2471 1368 2497 rerum
1389 2465 1588 2498 servatam

131 2517 370 2555 memoriam.
428 2516 499 2555 vix
524 2515 627 2554 enim
652 2515 792 2553 Urselli
817 2514 1044 2553 Graecanici
1066 2521 1172 2566 gesta
1203 2516 1393 2554 curiosius
1420 2515 1588 2555 investi-

131 2573 250 2624 gandi
270 2573 486 2625 cupiditate
506 2579 751 2620 teneremur,
785 2572 860 2609 nisi
887 2571 1071 2610 familiam
1093 2578 1133 2610 et
1150 2585 1295 2610 nomen
1319 2572 1440 2623 digito
1459 2572 1588 2612 veluti

131 2629 343 2668 indicasset
357 2629 591 2669 Gausredus.
646 2628 821 2667 Ursellus
843 2628 962 2679 igitur
987 2628 1143 2675 iisdem,
1173 2634 1219 2666 ut
1237 2642 1310 2681 par
1334 2635 1393 2667 est
1414 2629 1586 2676 credere,

134 2685 184 2724 de
201 2686 344 2735 causis,
381 2687 523 2737 quibus
539 2685 762 2737 Crispinus,
791 2685 949 2723 dimissa
974 2685 1113 2735 Apulia
1141 2685 1368 2736 relictisque
1395 2685 1589 2724 Tancredi

132 2742 284 2790 liberis,
312 2744 381 2793 qui
394 2743 506 2781 sociis
522 2743 762 2795 potentiores
778 2741 922 2791 effecti,
963 2741 1132 2780 ditiones
1153 2755 1306 2792 omnes,
1336 2742 1453 2781 armis
1477 2754 1589 2779 com-

133 2798 321 2837 munibus
342 2800 554 2849 quaesitas,
592 2800 663 2838 sibi
679 2799 770 2837 solis
787 2799 1045 2850 arrogabant,
1073 2799 1115 2837 in
1137 2798 1344 2838 Thraciam
1369 2798 1420 2836 ad
1438 2799 1590 2835 Roma-

134 2868 232 2893 num
258 2854 465 2906 Diogenem
496 2856 772 2907 imperatorem
801 2855 959 2894 transiit
987 2855 1243 2907 Crispinoque
1279 2868 1360 2893 sese
1404 2853 1591 2892 adiunxit

134 2911 214 2951 illic
247 2911 432 2951 militanti
468 2918 508 2951 et
544 2914 703 2953 Graecis
735 2912 902 2952 merenti
940 2912 1012 2952 sub
1040 2911 1086 2951 A.
1112 2911 1208 2953 Chr.
1241 2914 1348 2955 1069
1378 2916 1449 2949 aut
1482 2911 1591 2954 1070
