1878 3262
615 260 1010 312 HISTORIARUM
1040 262 1091 311 L.
1112 263 1158 312 Ἰ.
1561 269 1623 316 19

150 378 230 433 χνὰ
248 376 309 419 ἐπὶ
324 376 498 432 βασιλέα
510 378 773 434 Ῥαὶζιιοῦνὸος
797 379 912 430 ἐξιών
930 384 1098 437 θερμῶς
1115 379 1292 440 ἐλιπάρει
1310 382 1384 438 τὴν
1407 379 1525 426 πόλιν
1542 382 1619 426 αὖ-

148 451 211 504 ’τῷ
224 449 476 504 παραδιδοὺς
496 449 569 506 ἐφ’
592 443 625 506 ᾧ
650 448 823 504 βασιλέα
842 448 918 502 μὲν
936 448 1075 506 κύριον
1094 449 1192 494 εἶναι
1216 453 1284 494 καὶ
1303 452 1513 507 λέγεσθαι,
1547 452 1617 495 τὸν

148 517 198 558 ’δὲ
218 517 360 574 δικαίῳ
382 521 441 575 τῷ
460 519 502 568 ἐξ
521 518 647 560 αὐτοῦ
666 516 816 572 ταύτης
833 516 1127 573 ἐπιτροπεύειν.·
1184 518 1472 576 ἀποτυγχάνων
1492 521 1537 563 δὲ
1561 515 1618 564 ὧν

151 585 277 627 ἐδεῖτο
297 584 503 642 ἄπρακτος
520 587 792 641 ἀνεκομίζετο·
824 583 996 643 ἡμέραις
1015 586 1060 628 δὲ
1081 586 1233 642 ὀλίγαις
1247 588 1415 647 ὕστερον
1431 593 1505 645 τῆς
1513 587 1615 633 ‘Pm-

116 655 283 708 ὁμαίων
312 658 465 710 βουλῆς
486 657 574 712 περὶ
599 653 744 698 τούτου
775 655 1096 715 ψηφισαμένης,
1141 653 1264 706 αὐτός
1291 675 1332 699 τε
1359 658 1613 716 προσεδέχθη

149 722 223 780 ἐφ’
250 720 311 773 οἷς
328 723 482 780 εἴρηται
499 726 565 766 καὶ
586 724 628 765 αἳ
647 724 784 765 λοιπαὶ
800 724 996 765 Λατίνων
1015 721 1203 778 δυνάμεις
1222 728 1388 779 βασιλεῖ’
1409 725 1615 782 προσεχώ-

149 805 280 848 ρησαν
289 823 304 844 ,
339 793 380 834 o‘c'
396 810 438 835 τε
455 793 560 850 παρ’
583 792 721 842 αὐτοῖς
745 792 911 849 Φρὲριοι
928 789 1133 848 λεγόμενοι
1155 794 1222 834 καὶ
1241 793 1291 835 ὀἳ
1299 793 1373 848 τὴν
1385 793 1526 851 χώραν
1543 813 1614 838 πε-

150 865 359 917 ριοικοῦσι.
425 865 555 904 ταῦτα
585 862 659 916 μὲν
683 855 761 904 ὧδε
786 861 949 917 ἐγένετο.
1014 861 1208 915 βασιλεὺς
1237 863 1281 904 δὲ
1295 859 1483 917 Ἰωάννης
1502 867 1615 918 τηλι-

149 927 301 984 καύτην
319 935 462 986 καιροῦ
479 931 691 984 ξυντυχίαν
717 931 891 985 μηδαμῆ
916 929 1276 987 καταπροήσεσθαι
1295 931 1429 973 θέλων
1452 931 1522 982 ξῧν
1540 934 1613 973 δυ-

94 996 292 1051 1ονάμεσι
319 1005 410 1048 ταῖς
439 1000 664 1055 εἶρημέναις
702 1000 758 1048 εἲς
790 998 864 1054 τὴν
898 997 1092 1042 ἀνωτάτω
1121 998 1312 1054 ἐμβάλλει
1339 1001 1514 1057 Συρίαν,
1562 1001 1608 1043 τὸ
1632 1009 1663 1044 C

149 1069 261 1119 Πιζᾶ
279 1084 321 1109 τε
340 1066 535 1125 φρούριον
552 1068 727 1122 πολέμου
744 1065 856 1126 νόμῳ
873 1068 1013 1123 λαβὼν
1034 1070 1102 1110 καὶ
1120 1066 1315 1126 λαφύρων
1333 1069 1435 1124 μέγα
1457 1086 1494 1111 τι
1507 1073 1615 1126 χρῆ-

147 1153 210 1189 μα
241 1137 424 1178 ἐντεῦθεν
451 1134 786 1194 περιβαλόμενος,
820 1136 873 1179 τὰ
892 1137 966 1191 μὲν
996 1136 1083 1191 ἅμα
1105 1142 1165 1196 τῷ
1186 1136 1334 1192 πλήθει
1357 1142 1440 1180 τῶν
1459 1138 1613 1195 ἄνδρα-

147 1205 425 1246 ποδισθέντων
444 1203 674 1262 ἀνθρώπων
701 1206 763 1247 ἐπὶ
779 1205 1022 1260 Ἀντιοχείας
1043 1205 1198 1260 ἔπεμψε
1222 1206 1378 1260 Θωμᾶν
1399 1205 1615 1262 ἐπιστήσας

149 1272 307 1324 αὐτοῖς,
344 1272 473 1331 ἄνδρα
503 1275 546 1325 ἐξ
577 1273 746 1329 ἀσήμων
771 1275 844 1328 μὲν
882 1272 1071 1331 γεγονότα
1097 1281 1182 1325 τοῖς
1212 1275 1256 1317 δὲ
1281 1276 1481 1328 βασιλέως
1511 1274 1614 1319 ὓπο-

92 1349 136 1385 15
148 1346 450 1397 γραμματεῦσιν
475 1343 518 1384 ἐκ
547 1345 702 1385 παίδων
730 1340 842 1397 οἶμαι
861 1344 1178 1399 κατειλεγμένον·
1213 1341 1236 1385 ὃ
1265 1344 1309 1386 δὲ
1334 1344 1397 1386 ἐπὶ
1416 1345 1615 1401 Βέρροιαν

147 1409 286 1467 ἐχώρει
324 1410 442 1452 πόλιν
479 1412 653 1468 ἀρχαίαν
689 1413 757 1453 καὶ
786 1410 906 1467 λόγου
939 1416 1092 1453 πολλοῦ
1130 1412 1259 1462 ἀξίαν.
1329 1412 1433 1454 ἀλλὰ
1462 1413 1616 1466 Θωμᾶς

146 1479 220 1531 μὲν
239 1479 312 1520 οῧκ
338 1481 394 1530 εἷς
418 1480 581 1537 μακρὰν
603 1481 803 1534 πολεμίων
832 1480 980 1537 αἴφνης
1007 1481 1254 1535 ἐπιθεμένων
1273 1479 1385 1538 αὗτῷ
1413 1480 1439 1523 ἅ
1455 1498 1498 1524 τε
1516 1479 1615 1536 ἐπή-

145 1564 235 1602 γετο
256 1546 424 1606 λάφυρα
444 1550 510 1591 καὶ
529 1553 609 1591 τῶν
631 1551 898 1603 αἲχμαλωτῶν
926 1549 998 1591 τὸν
1022 1548 1163 1603 ὅμιλον
1186 1549 1475 1604 ἀποβεβληκὼς
1499 1547 1616 1606 μόγις

148 1616 270 1666 αὐτὸς
293 1617 364 1659 τὸν
399 1618 581 1660 κίνδυνον
606 1617 748 1675 ἔφυγε·
789 1617 982 1672 βασιλεὺς
1011 1619 1055 1660 δὲ
1090 1617 1191 1676 πρὸς
1219 1619 1421 1675 Βέρροιαν
1446 1619 1616 1674 γεγονὼς

94 1685 283 1739 minuar)
310 1685 565 1729 παντάπασιν
591 1686 765 1744 ἄνυδρον
789 1685 908 1745 χώρᾳ
935 1690 987 1743 τῇ
1015 1687 1127 1737 ἐκτὸς
1149 1686 1275 1741 αὐτὴν
1306 1685 1506 1738 κατενόει,
1536 1688 1610 1742 τὴν
1633 1696 1664 1730 D

146 1754 220 1807 μὲν
238 1758 425 1808 παρῆλθε
438 1785 452 1805 ,
486 1758 620 1807 Χαμᾶ
638 1756 682 1796 δὲ
701 1756 769 1796 καὶ
789 1757 1003 1812 Χαβαρδᾶ
1024 1757 1066 1806 ἐξ
1082 1754 1233 1812 ἐφόδου
1250 1754 1614 1813 παραστησάμενος

147 1819 326 1877 φρούρια
356 1822 419 1862 ἐπὶ
450 1822 575 1879 Σέσερ
603 1822 774 1877 μετέβη,
809 1821 927 1865 πόλιν
946 1822 1168 1877 εὐδαίμονά
1187 1841 1229 1866 τε
1259 1826 1327 1867 καὶ
1340 1824 1611 1881 πολυάνθρω-

239 1939 261 1973 5
298 1936 416 1978 αὐτός
438 1940 500 1986 τε]
526 1940 614 1976 eod.
639 1936 756 1979 αὐτὸς
776 1939 828 1973 δέ.
966 1941 1000 1975 7.
1026 1938 1197 1985 Φρέριοι]
1230 1941 1317 1976 cod.
1342 1941 1504 1985 Φαίριοι.
1535 1953 1612 1976 cor—

239 1985 330 2020 rexit
342 1986 430 2019 Duc.
570 1987 627 2023 12.
649 1983 938 2031 περιβαλόμενος
957 1985 972 2031 ]
993 1986 1080 2023 Cod.
1102 1984 1425 2033 περιβαλλόμενος.

148 2087 358 2122 Raimundus
390 2088 433 2122 ad
457 2088 691 2134 imperatorem
723 2088 904 2124 accederet
934 2088 1088 2123 crebrius
1119 2087 1330 2134 supplexque
1361 2088 1612 2134 deprecaretur,

148 2136 264 2168 urbem
291 2134 460 2181 acciperet
487 2135 550 2168 hac
570 2135 762 2169 conditione
777 2161 787 2177 ,
810 2141 850 2169 ut
870 2135 1054 2180 imperator
1076 2133 1212 2178 quidem
1235 2134 1323 2168 illius
1349 2140 1441 2169 esset
1463 2135 1613 2170 dominus

147 2185 184 2214 et
200 2181 394 2225 diceretur,
417 2180 491 2226 ipse
511 2185 621 2215 autem
647 2181 722 2215 iure
745 2181 835 2215 illam
858 2186 998 2225 regeret
1019 2180 1165 2214 vicario:
1189 2180 1249 2215 sed
1267 2179 1348 2213 nihil
1370 2181 1489 2215 horum
1502 2181 1611 2227 impe-

146 2230 236 2260 trato
254 2237 291 2260 re
315 2226 446 2260 infecta
472 2226 514 2260 ad
538 2238 618 2260 suos
644 2227 755 2261 rediit.
801 2226 916 2271 paucis
942 2231 1061 2271 postea
1081 2225 1265 2260 interiectis
1282 2225 1419 2270 diebus,
1441 2227 1551 2262 relato
1567 2227 1611 2262 ad

146 2273 373 2306 Romanorum
394 2272 565 2306 consilium
579 2273 735 2318 negotio,
760 2272 964 2306 Raimundus
990 2272 1100 2318 petita
1114 2272 1252 2306 tandem
1267 2272 1422 2309 obtinuit.
1468 2273 1609 2307 exinde-

147 2329 215 2363 que
229 2318 378 2363 reliquae
391 2317 587 2353 Latinorum
604 2319 721 2365 copiae
735 2318 770 2352 in
794 2324 907 2364 partes
921 2318 1127 2352 transierunt
1140 2317 1350 2364 imperatoris
1360 2343 1372 2360 ‚
1405 2322 1507 2364 atque
1522 2319 1608 2353 adeo

146 2363 213 2409 ipsi
234 2364 291 2409 qui
307 2364 449 2398 Fratres
473 2365 516 2399 ab
535 2364 577 2398 iis
600 2370 790 2406 vocantur,
813 2368 849 2398 et
863 2363 919 2409 qui
941 2364 1097 2409 regiones
1119 2364 1205 2398 istas
1226 2363 1385 2398 incolunt.
1436 2376 1478 2398 ea
1499 2364 1549 2398 sic
1572 2376 1611 2399 se

148 2409 346 2444 habuerunt.
392 2409 538 2444 Ioannes
558 2410 742 2456 imperator
765 2414 834 2443 tam
858 2414 1079 2456 opportunam
1102 2409 1235 2443 minime
1257 2409 1484 2444 dimittendam
1508 2421 1610 2444 occa-

148 2455 271 2489 sionem
287 2459 400 2498 ratus,
424 2467 498 2490 cum
519 2456 637 2490 iisdem
653 2456 758 2502 copiis
782 2455 814 2488 iu
837 2455 1044 2501 superiorem
1067 2455 1223 2500 irrumpit
1237 2455 1394 2500 Syriam,
1419 2456 1534 2489 Pizam
1549 2467 1610 2490 ca-

148 2506 253 2534 strum
268 2501 348 2535 belli
362 2501 435 2535 iure
454 2513 495 2535 ac
509 2502 586 2547 lege
601 2502 711 2548 capit,
735 2501 973 2548 multiplicique
997 2501 1073 2535 istic
1089 2502 1217 2547 potitur
1237 2501 1385 2546 praeda,
1408 2512 1506 2546 quam
1535 2513 1609 2536 cum
1657 2499 1664 2510 ⁸

147 2547 358 2580 multitudine
381 2547 591 2592 captivorum
616 2547 824 2582 Antiochiam
854 2547 1060 2593 praemittit,
1093 2548 1269 2592 praefecto
1293 2546 1334 2580 iis
1358 2547 1511 2589 Thema,
1532 2547 1609 2581 viro

149 2603 274 2636 genere
300 2593 431 2638 quidem
456 2593 620 2638 ignobili,
642 2594 700 2627 sed
717 2605 736 2627 a
753 2593 865 2639 pueris
885 2593 975 2628 inter
986 2593 1198 2639 imperatoris
1213 2592 1340 2626 scribas
1355 2592 1488 2626 allecto.
1535 2593 1610 2638 ipse

148 2636 277 2672 interea
291 2639 333 2671 ad
351 2639 552 2674 Berrhoeam
569 2639 691 2686 pergit,
713 2640 831 2673 urbem
844 2640 1012 2684 antiquam
1028 2644 1064 2673 et
1077 2639 1265 2679 celebrem;
1287 2637 1349 2671 sed
1363 2637 1447 2671 enim
1458 2638 1610 2673 Thomas

148 2681 242 2717 initio
260 2684 370 2718 statim
385 2684 515 2719 itineris
536 2685 578 2719 ab
594 2686 747 2719 hostibus
764 2696 964 2730 oppressus,
989 2690 1026 2718 et
1048 2684 1176 2729 praeda
1191 2688 1226 2718 et
1241 2683 1355 2729 spoliis
1369 2684 1490 2728 quibus
1507 2695 1608 2730 prae-

151 2733 224 2761 erat
245 2730 370 2775 ereptis
383 2756 391 2768 ‚
414 2731 601 2776 amissaque
617 2731 848 2777 captivorum,
871 2741 968 2776 quam
991 2730 1199 2772 abducebat,
1226 2730 1346 2771 turba,
1368 2740 1471 2774 aegre
1486 2741 1528 2763 ac
1550 2730 1607 2764 vix

150 2773 283 2808 tandem
299 2775 481 2820 periculum
497 2776 626 2822 effugit.
657 2777 851 2811 Berrhoeae
865 2789 938 2811 cum
953 2776 1238 2822 appropinquaret
1251 2775 1436 2820 imperator
1449 2779 1484 2808 et
1499 2785 1606 2819 aqua-

150 2829 223 2852 rum
248 2820 386 2864 penuria
414 2823 569 2856 laborare
599 2822 887 2856 circumiacent'em
919 2823 1050 2856 videret
1081 2821 1274 2866 regionem,
1311 2822 1396 2854 hanc
1422 2821 1607 2866 praeteriit.

151 2864 279 2898 Chama
294 2866 403 2900 autem
419 2872 454 2902 et
469 2868 652 2902 Chabarda
675 2868 821 2902 castellis
836 2868 870 2902 in
894 2869 1039 2902 transitu
1061 2867 1263 2912 expugnatis
1273 2893 1284 2910 ,
1306 2866 1452 2900 Seserim
1467 2866 1607 2900 adortus

152 2914 225 2954 est,
247 2909 418 2946 civitatem
437 2918 509 2948 tum
530 2914 669 2948 aliarum
692 2925 803 2949 rerum
819 2919 892 2949 tum
905 2914 1071 2949 hominum
1086 2914 1184 2959 copia
1197 2913 1385 2947 florentem.
1430 2911 1517 2945 hanc
1530 2909 1606 2956 qui-

0 2535 3 2541 -
0 2451 8 2515 narr⁴
