1878 3262
644 227 1190 272 COMMENTARIORUM
1223 229 1271 271 L.
1290 227 1346 272 Π.
1667 228 1733 274 59

264 343 413 387 ἐκείνου
435 339 650 400 κατάρχων
672 341 903 402 φάλαγγος,
938 341 1007 386 ἅτε
1043 343 1191 386 ἐκείνου
1220 343 1266 387 τὸ
1291 343 1425 402 χρεὼν
1452 340 1731 396 ἀποτίσαντος,

263 411 386 467 ἐζήτει
411 413 456 454 δὲ
475 411 681 470 πρόφασιν
706 411 833 470 εὗρεΐν
854 412 1106 469 εὖλογοφανῆ
1123 412 1224 456 ὥστε
1244 412 1294 468 ἢν
1315 411 1443 456 πάλαι
1467 411 1607 455 ὤδινεν
1626 413 1729 455 ἀπο-

262 483 434 524 στασίαν
465 484 520 532 εἷς
545 482 775 540 τούμφανὲς
796 481 978 537 ἀγαγεῖν,
1012 482 1147 536 ἐπειδὴ
1171 483 1314 537 ξυνέβη
1336 487 1417 525 τῶν
1437 499 1527 524 τινα
1553 485 1625 537 τῆς
1646 480 1731 539 φά-

262 554 410 606 λαγγος
438 551 628 605 ἀδικῆσαι
651 549 836 607 μεγάλως
856 553 937 592 τῶν
958 551 1160 607 ἐγχωρίων
1181 550 1294 603 τινά,
1329 549 1351 593 ὃ
1375 553 1420 594 δὲ
1439 555 1498 608 τῷ
1517 555 1733 609 στρατηγῷ

213 624 238 661 5
262 619 503 676 προσελθὼν
520 619 572 662 τὰ
589 624 662 675 τῆς
681 620 839 670 ἀδικίας
856 623 1079 674 κατεβοᾶτο
1092 651 1107 671 ,
1142 622 1210 661 καὶ
1231 618 1251 661 ὅ
1273 620 1497 678 στρατηγὸς
1514 618 1639 674 ἐζήτει
1661 620 1731 663 τὸν

260 687 510 743 ἀδικήσαντα
531 689 573 730 ἐν
593 690 704 747 με’σῳ
721 689 914 743 ἀχθῆναι.
981 692 1100 730 τοῦτο
1121 687 1328 747 πρόφασις
1345 694 1404 748 τῷ
1429 690 1637 747 Οὖρσελίῳ
1658 693 1732 744 τῆς

259 756 521 807 ἀποστάσεως
538 758 699 813 γίνεται.
767 759 835 800 καὶ
855 755 1161 812 στρατοπεδεύει
1181 759 1255 812 μὲν
1275 757 1353 808 ἔξω
1377 763 1450 813 τῆς
1468 762 1731 815 παρεμβολῆς

258 825 597 882 ἐπαγγελλόμενος
621 829 677 877 εἷς
698 827 825 869 νέωτα
849 831 1042 884 φοιτῆσαι
1058 826 1161 883 πρὸς
1179 826 1225 869 τὸ
1248 826 1542 883 στρατόπεδον,
1573 829 1662 884 περὶ
1685 827 1730 869 δὲ

257 895 387 948 με’σας
415 893 562 946 νύκτας
593 894 697 953 ἄρας
728 895 802 951 τὴν
835 894 1026 953 φάλαγγα
1059 900 1140 938 τῶν
1163 897 1331 938 Κελτῶν
1357 896 1624 952 ἀπεδίδρασκε
1660 897 1730 938 καὶ

203 963 361 1005 1οεὗθῖ]
383 966 632 1018 Σεβαστείας
653 963 806 1021 ε’χιῦρει.
873 965 1127 1020 γνωσθέντος
1157 966 1202 1007 δὲ
1232 969 1306 1007 τοῦ
1337 966 1525 1022 δρασμοῦ
1545 966 1634 1021 περὶ
1657 965 1730 1019 τὴν

258 1032 310 1074 ἕω
331 1037 390 1090 τῷ
406 1034 611 1091 Κομνηνῷ
628 1034 815 1091 Ἰσαακίῳ
825 1065 838 1085 ,
875 1035 957 1075 δεῖν
987 1032 1112 1090 ἔκρινε
1143 1038 1202 1092 τῷ
1238 1033 1405 1092 ἀδελφῷ
1418 1034 1579 1091 Ἀλεξίῳ
1602 1034 1725 1091 με’ρος
1746 1035 1779 1071 D

255 1104 330 1155 τῆς
365 1106 558 1159 στρατιᾶς
593 1101 791 1145 πιστεύειν
825 1103 893 1144 καὶ
924 1101 1028 1159 ’πρὸς
1055 1102 1128 1157 τὴν
1156 1107 1230 1144 τοῦ
1266 1103 1489 1159 Οὐρσελίου
1524 1103 1730 1157 ἐκπέμψαι

257 1171 406 1220 δίωξιν.
475 1171 517 1212 ἓν
543 1169 732 1229 μετεώρῳ
753 1172 796 1213 δὲ
815 1171 872 1213 ἔτι
891 1175 964 1213 τοῦ
984 1171 1215 1225 σκέμματος
1237 1170 1352 1221 ὄντος
1369 1174 1436 1213 καὶ
1459 1175 1532 1213 τοῦ
1551 1175 1730 1229 στρατοῦ

255 1240 625 1296 συναθροιζομένου
648 1241 877 1295 (ἠγγέλλετο
900 1240 943 1282 δὲ
973 1240 1087 1297 παρὰ
1110 1245 1191 1282 τῶν
1215 1245 1377 1283 σκοπῶν
1404 1238 1600 1298 Τούρκων
1623 1244 1730 1295 πλῆ-

202 1311 246 1348 15
256 1311 336 1357 θος
355 1308 458 1349 πολὺ
483 1308 588 1350 κατὰ
601 1306 812 1363 Ῥωμαίων
827 1315 974 1365 χωρεῖν
997 1311 1064 1351 καὶ
1089 1309 1216 1364 ἀγχοῦ
1233 1326 1310 1351 που
1331 1307 1477 1351 τούτου
1503 1326 1728 1366 στρατοπε-

179 1414 196 1423 κ
257 1374 419 1430 δεύειν),
445 1376 620 1431 ἐπισχών
642 1372 714 1419 οὖν
734 1377 808 1432 τὴν
829 1382 903 1419 τοῦ
920 1377 1142 1434 Οὔρσελίου
1168 1380 1302 1429 δίωξιν
1319 1376 1340 1420 ὅ
1362 1378 1577 1434 Κομνηνὸς
1590 1376 1729 1421 Ἰσαά-

254 1461 342 1495 κιος
360 1444 674 1502 παρεσκευάζετο
695 1447 797 1503 πρὸς
816 1446 885 1489 τὸν
905 1444 1102 1500 πόλεμον,
1137 1446 1353 1504 παρεκάλει
1384 1448 1428 1489 δὲ
1452 1448 1522 1490 τὸν
1549 1447 1729 1505 ἀδελφὸν

253 1513 366 1564 ἐντὸς
396 1518 469 1556 τοῦ
503 1513 687 1571 χάρακος
713 1516 844 1569 με’νειν
875 1517 942 1557 καὶ
978 1516 1157 1570 συνέχειν
1192 1516 1239 1558 τὸ
1274 1514 1559 1573 στρατόπεδον.
1629 1514 1650 1558 ὅ
1685 1516 1729 1560 δὲ

251 1583 413 1640 βαρέως
436 1582 481 1625 τὸ
503 1582 760 1638 κελευόμενον
779 1584 909 1642 ἔφερε.
968 1584 1150 1635 κάκεῖνος
1171 1583 1399 1639 ὑπισχνεῖτο
1423 1583 1728 1642 ἕγκαρτερήσειν
1751 1591 1780 1626 Ρ
1803 1591 1848 1628 43

197 1653 291 1694 ΞΟεῖ
319 1650 444 1706 μόνον
474 1652 783 1703 ἓξαποστείλειεν
813 1652 982 1709 ὕστερον
1007 1653 1113 1696 κατὰ
1142 1658 1224 1697 τῶν
1244 1652 1441 1712 Τούρκων
1470 1655 1627 1705 πολλὰς
1646 1658 1728 1697 τῶν

248 1717 459 1775 Ῥωμαίων
479 1720 722 1778 ἐπαγόμενος
744 1721 970 1780 φάλαγγας.

392 1790 439 1834 5.
500 1788 550 1833 Ὅ
571 1791 645 1845 μὲν
664 1785 735 1834 οὖν
751 1793 932 1842 πεισθεὶς
951 1791 1015 1833 ε’πὶ
1034 1794 1108 1835 τοῦ
1125 1791 1400 1849 στρατοπέδου
1419 1791 1674 1846 κατέμεινεν,
1701 1789 1725 1835 ὅ

348 1908 405 1943 12.
428 1907 629 1953 στρατιᾶς]
652 1907 697 1946 V.
721 1907 927 1954 στρατείας.
1018 1910 1076 1944 21.
1098 1904 1345 1955 ἐπαγόμενος]
1377 1906 1634 1955 ἐπαγόμενονῖ

253 2009 335 2045 nibil
350 2009 415 2044 nisi
429 2011 645 2055 praetextum
669 2013 705 2045 et
720 2011 930 2045 occasionem
950 2010 1159 2057 plausibilem
1185 2012 1374 2056 quaerebat
1398 2011 1597 2047 defectionis
1622 2023 1723 2058 quam

254 2057 380 2092 dudum
394 2057 606 2101 parturiebat
617 2057 653 2090 in
667 2068 738 2090 rem
754 2057 991 2091 conferendae.
1039 2057 1183 2100 contigit
1198 2063 1310 2093 autem
1327 2059 1504 2104 quemdam
1519 2071 1539 2092 e
1554 2059 1725 2104 phalange

254 2103 394 2137 Gallica
416 2103 608 2137 vehementi
629 2103 767 2136 laedere
786 2103 908 2136 iniuria
929 2102 1164 2147 indigenarum
1189 2104 1332 2149 aliquem
1345 2132 1356 2149 ‚
1401 2105 1497 2139 cuius
1522 2105 1580 2139 ille
1606 2105 1726 2139 dolore

254 2149 407 2192 graviter
426 2149 515 2194 apud
543 2149 713 2183 exercitus
735 2149 841 2183 totius
867 2149 1104 2193 imperatorem
1125 2155 1265 2194 questus
1286 2151 1455 2195 expressit
1471 2151 1514 2185 ab
1531 2162 1595 2194 eo,
1631 2151 1723 2196 quod

253 2195 372 2238 negari
397 2206 463 2228 non
489 2200 642 2239 poterat,
677 2202 713 2228 ut
735 2195 870 2228 iuberet
884 2195 1018 2229 militem
1034 2195 1177 2229 iniuriae
1191 2201 1364 2230 auctorem
1379 2197 1413 2230 in
1429 2197 1574 2231 medium
1589 2198 1723 2232 adduci.

255 2247 448 2285 opportuna
463 2247 499 2275 et
513 2241 665 2286 speciosa
682 2252 721 2274 ea
737 2251 839 2274 causa
855 2241 1048 2274 rebellionis
1063 2241 1148 2277 visa.
1196 2253 1279 2286 ergo
1306 2243 1334 2276 is
1362 2243 1468 2288 primo
1486 2248 1583 2277 extra
1601 2244 1722 2278 vallum

254 2297 335 2321 suos
349 2286 440 2321 locat
456 2287 621 2332 postridie
637 2299 674 2321 se
688 2287 872 2320 rediturum
891 2286 925 2319 in
941 2293 1054 2321 castra
1067 2287 1247 2331 pollicitus.
1294 2289 1404 2323 media
1420 2301 1522 2334 porro
1539 2294 1640 2323 nocte
1657 2290 1722 2324 ad·-

255 2332 360 2366 ducta
373 2345 487 2367 secum
506 2334 673 2378 phalange
689 2333 864 2366 Gallorum
880 2333 967 2377 fugit
981 2332 1171 2367 Sebastiam
1188 2346 1308 2368 versus
1322 2335 1390 2369 iter
1407 2335 1597 2369 intendens.
1646 2347 1723 2369 cer-

253 2378 323 2412 tior
338 2379 401 2413 sub
416 2391 568 2413 auroram
582 2380 624 2413 de
639 2380 704 2412 ista
720 2380 802 2422 fuga
818 2379 930 2412 factus
946 2379 1096 2413 Isaacius
1113 2380 1303 2414 Comnenus
1329 2381 1504 2414 consilium
1519 2393 1562 2415 ex
1577 2393 1615 2414 re
1630 2381 1723 2426 cepit

254 2424 365 2458 Alexii
388 2425 506 2460 fratris
530 2426 695 2459 attributa
710 2425 740 2458 ei
757 2432 854 2469 parte
868 2425 1040 2470 copiarum
1056 2425 1099 2458 ad
1115 2426 1383 2470 persequendum
1402 2426 1569 2460 Urselium
1584 2427 1721 2460 mitten-

255 2469 303 2505 di.
349 2471 427 2504 dum
442 2483 482 2505 ea
497 2471 719 2516 expediuntur
733 2470 1018 2515 segregandisque
1033 2471 1138 2516 copiis
1151 2472 1249 2505 ituris
1266 2472 1496 2516 mansurisque
1511 2473 1720 2519 exspectatio

256 2522 449 2550 cunctorum
465 2518 604 2563 pendet,
626 2517 848 2551 tumultuosus
865 2528 946 2552 ecce
961 2517 1005 2551 ab
1022 2517 1293 2562 exploratoribus
1313 2518 1457 2551 affertur
1471 2519 1608 2552 nuntius
1624 2519 1720 2552 Tur-

256 2573 371 2597 corum
387 2575 510 2607 magno
525 2574 662 2597 numero
677 2563 710 2596 in
728 2563 898 2597 Romanos
914 2563 1118 2597 moventium
1137 2563 1271 2607 iamque
1296 2563 1404 2597 vicino
1427 2564 1462 2598 in
1486 2564 1561 2597 loco
1589 2565 1721 2599 haben-

255 2607 337 2642 tium
351 2615 476 2644 castra.
499 2610 620 2644 omissa
635 2609 738 2653 igitur
753 2609 786 2642 in
804 2619 964 2653 praesens
981 2619 1062 2642 cura
1076 2609 1239 2654 sequendi
1254 2609 1380 2643 Urselii
1394 2610 1541 2644 isaacius
1556 2610 1600 2644 ad
1617 2622 1720 2656 prae-

255 2653 336 2688 lium
360 2666 398 2688 se
421 2660 604 2700 comparat.
650 2659 752 2698 rogat
775 2660 886 2688 autem
910 2655 1050 2688 fratrem
1069 2659 1109 2688 ut
1131 2666 1291 2701 praeesse
1312 2655 1444 2690 iuterim
1468 2656 1587 2690 castris
1610 2658 1718 2691 velit:

257 2699 410 2744 graviter
437 2713 510 2736 eam
534 2702 612 2735 tulit
637 2701 817 2735 iussionem
839 2700 998 2744 Almus,
1032 2712 1121 2745 quae
1145 2702 1354 2737 occasionem
1369 2701 1416 2735 illi
1433 2702 1582 2747 eriperet
1594 2702 1629 2736 in
1646 2703 1718 2737 acie

284 2746 440 2788 ugnandi,
463 2748 654 2785 consolatus
668 2759 743 2781 eum
758 2751 873 2780 tamen
887 2746 1034 2780 Isaacius
1054 2751 1109 2781 est
1121 2747 1312 2795 pollicendo
1324 2776 1335 2792 ‚
1359 2759 1436 2782 sese
1450 2748 1558 2793 ipsum
1574 2760 1647 2782 cum
1662 2760 1720 2782 re-

255 2757 346 2824 iictis
369 2791 458 2826 intra
481 2794 604 2828 vallum
622 2794 727 2838 copiis
743 2793 840 2827 brevi
855 2793 1117 2836 accersiturum,
1149 2794 1282 2839 quando
1306 2799 1472 2828 maturum
1497 2795 1590 2829 foret
1612 2795 1718 2829 robur

257 2837 366 2883 ipsum
382 2837 524 2872 Romani
539 2839 707 2874 exercitus
722 2839 758 2874 in
771 2839 906 2873 Turcos
919 2839 1111 2874 immittere.

348 2883 382 2919 5.
429 2884 495 2919 His
515 2884 575 2919 ille
594 2896 774 2932 persuasus
795 2885 832 2920 iu
857 2885 977 2921 castris
999 2885 1132 2922 mansit.
1176 2885 1326 2930 Isaacius
1349 2889 1462 2922 autem
1486 2897 1561 2920 cum
1577 2884 1719 2920 delectis
