1878 3262
370 233 430 277 IN
450 231 766 276 HISTORIAM
783 230 1008 275 IOANNIS
1030 229 1262 274 CINNAMI
1277 229 1478 273 NOTAE.
1563 227 1660 273 375

360 350 513 381 strator
533 349 619 380 erat
638 339 687 379 de
703 340 817 393 plebe
834 338 1008 393 quidem,
1026 355 1151 394 neque
1167 342 1327 380 nomine
1341 341 1518 379 multum

359 401 551 453 vulgato,
581 396 743 436 modica
761 400 805 436 in
829 400 978 435 castris
1001 397 1174 436 mercede
1195 398 1383 440 merebat.

193 462 316 508 atque»
340 457 437 494 adeo
460 455 510 494 de
528 455 663 507 plebe,
701 460 749 493 ut
777 467 866 493 cum
881 454 1105 493 Fridericus
1133 455 1183 494 ob
1203 454 1404 507 praeclare
1423 459 1529 506 gesta
1550 450 1660 489 mili-

191 513 273 552 tari«
288 513 442 565 cingulo
464 511 804 551 cohonestandum
824 511 1071 561 decrevisset,
1083 511 1149 549 ille
1166 524 1207 550 se
1219 511 1423 563 plebeium
1443 524 1524 548 esse
1541 508 1661 546 dixe-

191 569 258 609 rit>
279 572 323 608 in
353 569 563 622 eodemque
596 567 736 607 ordine
778 568 875 606 velle
909 581 1120 606 remanere.
1179 574 1395 606 stratorum
1423 565 1657 605 militarium

191 629 339 666 mentio
361 633 420 665 est
439 627 482 665 in
499 625 667 677 Synopsi
686 624 804 663 Basil.
830 624 855 663 l,
875 627 901 666 6
925 624 995 662 ecl.
1011 627 1067 666 32
1094 630 1135 662 et
1162 625 1269 676 apud
1289 618 1458 663 Leonem
1478 624 1521 661 in
1542 622 1654 661 Tact.

192 697 227 722 c.
248 683 300 727 14
317 682 438 736 5281.
484 683 551 734 qui
578 682 698 734 igitur
723 681 961 720 stratoribus
980 681 1215 720 militaribus
1231 686 1423 733 praeerat,
1449 680 1579 718 dictus
1598 684 1658 716 est

187 747 480 792 protostrator,
508 739 654 777 nostris
671 738 948 780 marescallus.
1008 751 1100 775 nam
1119 737 1440 776 marescallorum
1463 743 1520 775 est
1539 748 1658 774 exer—

191 797 286 836 citui
302 797 433 836 locum
451 796 637 834 idoneum
658 801 698 833 et
719 794 857 833 castris
880 794 1105 846 providere.
1161 794 1216 832 ita
1236 801 1461 844 stratorem,
1483 793 1552 844 qui
1573 792 1656 830 aliis

191 859 251 892 est
279 853 562 901 marescallus,
593 851 992 903 appellatOrdericus
1014 850 1153 888 vitalis
1175 850 1203 890 l.
1226 853 1275 893 11
1303 864 1345 903 p.
1364 853 1469 894 823:
1498 849 1658 888 Rober-

192 918 283 948 tumr
306 918 442 948 autem
469 909 517 947 de
540 910 778 959 Alonteforti
802 908 1019 959 honorifice
1039 908 1274 958 suscepitet
1296 931 1347 938 —-
1374 908 1475 958 quia
1502 913 1656 943 strator

193 968 463 1006 Normannici
486 967 676 1004 exercitus
694 964 966 1003 haereditario
988 966 1074 1003 iure
1098 965 1255 1014 suerat,
1286 965 1391 1001 inter
1411 964 1658 1014 praecipuos

191 1024 454 1062 sublimavit:
489 1037 567 1074 qua
599 1034 694 1061 voce
719 1022 933 1060 marescalli
964 1021 1217 1060 haereditarii
1241 1019 1503 1059 Normanniae
1525 1018 1658 1070 digni-

189 1086 312 1119 tatem
330 1080 472 1120 innuit.
501 1084 756 1117 recensentur
769 1080 892 1131 porro
908 1085 1100 1117 stratores
1116 1078 1220 1116 inter
1233 1077 1478 1116 Francorum
1493 1082 1657 1116 nostro-

188 1151 280 1176 rum
299 1137 427 1176 officia
456 1149 524 1174 seu
553 1135 758 1185 officiales,
798 1135 860 1173 uti
886 1135 1005 1186 vulgo
1027 1141 1225 1173 vocantur
1250 1134 1293 1171 in
1321 1134 1420 1184 Lege
1443 1133 1567 1171 Salica
1590 1133 1655 1173 tit.

190 1196 242 1236 11
264 1192 307 1246 §.
327 1197 364 1235 6,
419 1193 619 1231 habebant
638 1192 754 1231 etiam
771 1204 879 1243 reges
897 1191 1148 1242 Longobardi
1171 1204 1262 1228 suos
1279 1195 1482 1238 stratores,
1511 1196 1558 1228 ut
1582 1203 1659 1228 au—

189 1256 278 1289 ctor
297 1257 356 1288 est
371 1250 675 1288 Erchembertus
696 1249 738 1287 in
756 1241 908 1288 Histor.
929 1248 1098 1299 Langob.
1115 1261 1150 1287 c.
1175 1248 1227 1289 15
1246 1253 1285 1285 et
1303 1246 1412 1285 Paul.
1431 1246 1656 1286 Warnefri-

190 1307 265 1346 dus
286 1307 311 1346 l.
334 1311 362 1348 2
383 1321 416 1346 e.
442 1309 467 1348 9
488 1310 563 1355 27,
592 1306 617 1347 l.
640 1310 666 1348 6
690 1319 723 1344 c.
744 1308 782 1346 6.
837 1317 947 1356 reges
977 1305 1071 1342 item
1096 1303 1266 1354 Anglici,
1295 1309 1341 1341 ut
1374 1308 1432 1341 est
1461 1302 1568 1355 apud
1591 1303 1656 1341 Si-

188 1376 368 1402 meonem
394 1363 573 1401 Dunelm.
602 1368 641 1400 et
674 1362 963 1413 Bromptonum
986 1362 1028 1399 Α.
1052 1361 1174 1403 1052.
1232 1360 1301 1398 sed
1334 1359 1382 1398 de
1417 1360 1656 1398 stratoribus

190 1421 346 1473 copiose
366 1425 529 1471 egerunt
552 1418 762 1456 Salmasius
781 1423 820 1456 et
840 1418 1004 1456 Iacobus
1021 1417 1288 1456 Gothosredus
1304 1417 1399 1455 locis
1417 1417 1599 1456 laudatis.

302 1490 342 1528 p.
362 1478 446 1520 219
466 1489 504 1514 v.
528 1478 593 1518 18.
651 1471 739 1515 ἀλλ’
762 1472 853 1516 οὔτε
873 1472 1004 1516 ποθὲν
1026 1473 1152 1526 ἔσχες]
1181 1473 1270 1511 Non
1285 1475 1527 1512 Graecorum
1548 1473 1658 1511 ‹lun—

190 1538 303 1572 taxat
331 1532 380 1570 de
405 1538 564 1583 arrepta
591 1545 613 1569 a
643 1531 804 1570 summis
824 1531 1079 1585 pontificibus
1096 1530 1138 1568 in
1152 1530 1409 1582 imperatores
1427 1530 1658 1569 Occidentis

190 1590 427 1628 auctoritate
443 1589 522 1627 fuit
539 1589 716 1638 querela:
746 1602 838 1626 nam
857 1588 999 1639 passim
1018 1587 1123 1625 illius
1143 1587 1230 1625 aevi
1253 1588 1466 1639 scriptores
1488 1588 1659 1626 Germa-

189 1646 282 1695 nici,
313 1647 382 1697 qui
399 1646 479 1685 suis
493 1645 679 1684 favebant
696 1645 892 1696 Augustis,
917 1643 1021 1682 hanc
1036 1643 1276 1682 instituunt:
1304 1645 1537 1696 praesertim
1556 1657 1657 1682 vero

189 1703 403 1742 Gervasius
425 1701 709 1740 Tilleberiensis
734 1701 983 1740 marescallus
1007 1701 1117 1751 regui
1140 1700 1374 1739 Arelatensis
1394 1702 1437 1740 in
1465 1714 1511 1740 eo
1539 1713 1658 1753 opere

190 1759 302 1810 quod
317 1759 537 1810 inscripsit:
566 1759 653 1795 otia
675 1758 920 1810 imperialia,
939 1763 980 1795 et
998 1756 1150 1795 Othoni
1171 1757 1223 1797 IV
1243 1757 1475 1810 imperatori
1494 1757 1655 1798 dicavit.

191 1817 248 1854 sic
267 1821 400 1853 autem
416 1815 481 1853 ille
500 1814 723 1866 inpraefat.
742 1814 792 1851 ad
811 1813 981 1852 eundem
1001 1812 1219 1852 Othonem:
1269 1816 1526 1854 Constantini
1538 1821 1660 1866 gesta

193 1875 232 1911 si
257 1885 546 1920 memoramus,
577 1871 730 1908 collata
759 1871 911 1921 legitur
937 1877 1121 1922 potestas
1143 1871 1190 1908 ire.
1216 1879 1356 1923 partes
1382 1871 1658 1910 Occidentales

194 1936 358 1967 tantum
373 1928 578 1976 Silvestre,
601 1927 824 1966 Orientalis
839 1928 949 1978 regio
961 1928 1094 1977 facta
1110 1936 1167 1966 est
1187 1935 1312 1980 caput
1329 1930 1513 1979 imperii:
1541 1928 1658 1964 licet-

194 2000 272 2038 que
294 1999 322 2022 a
344 1986 500 2023 vicario
526 1983 681 2022 Christi
695 1985 816 2021 Petro
844 1985 1066 2035 imperator
1090 1987 1255 2036 eiusque
1272 1984 1568 2022 successorihus
1589 1985 1658 2021 ius

194 2044 302 2095 regis
332 2043 376 2079 in
409 2039 620 2080 Occidente
654 2041 944 2089 constituisset,
985 2039 1218 2079 diademate
1245 2054 1375 2090 cesso,
1413 2055 1492 2078 non
1523 2047 1657 2079 tamen

195 2100 355 2151 imperii
378 2112 521 2136 nomen
544 2097 609 2135 vel
629 2098 842 2148 imperium
871 2098 1009 2147 ipsum
1036 2099 1209 2135 transire
1227 2098 1358 2135 voluit
1375 2099 1593 2148 imperator
1611 2098 1658 2135 in

195 2157 448 2203 Silvestrum,
474 2152 588 2206 quod
600 2153 679 2190 sibi
698 2167 749 2190 ac
766 2154 1066 2192 successoribus
1083 2155 1174 2192 suis
1191 2156 1439 2193 con-servavit
1454 2156 1657 2192 intactum

194 2213 286 2251 sola
308 2211 397 2250 sede
416 2218 578 2249 mutata
603 2224 683 2247 non
702 2208 917 2262 dignitate.
974 2210 1080 2249 unde
1093 2213 1255 2263 primus
1277 2211 1452 2249 Carolus
1468 2210 1657 2263 Magnus

195 2283 231 2308 a·
246 2270 493 2308 Graecorum
518 2266 669 2304 ditione
700 2267 853 2319 legitur
873 2269 1078 2306 recessisse
1100 2269 1254 2306 monita
1275 2268 1463 2320 Gregorii
1481 2268 1659 2306 iunioris

187 2340 351 2378 papae,
381 2332 428 2363 ut
447 2326 561 2376 infra
579 2338 668 2376 cap.
690 2322 739 2362 de
764 2326 944 2377 imperio,
1001 2326 1092 2378 quis
1117 2339 1208 2376 ergo
1238 2325 1370 2362 maior
1404 2326 1449 2363 in
1476 2325 1654 2370 terrenis,

188 2383 271 2435 ⁴qui
287 2381 380 2431 dat,
412 2389 488 2420 aut*
502 2383 576 2433 qui
592 2382 771 2433 accipit?
823 2382 1001 2434 profecto
1030 2383 1112 2433 qui*
1134 2381 1209 2418 dat
1232 2388 1376 2419 auctor
1405 2389 1464 2419 est
1493 2382 1658 2419 honoris

198 2453 311 2491 quem
329 2438 414 2488 dat,
432 2453 512 2476 non
532 2441 606 2490 qui
624 2440 786 2491 accipit.
843 2437 941 2477 deus
960 2446 1103 2476 auctor
1124 2439 1284 2489 imperii
1301 2445 1336 2475 et
1352 2440 1570 2490 imperator
1583 2451 1658 2474 au—
1720 2456 1724 2459 ·

198 2503 284 2533 otor
299 2496 472 2547 papalis
497 2495 722 2548 triumphi:
751 2496 935 2548 pontifex
951 2498 1181 2534 animarum
1201 2502 1323 2546 eaput
1341 2502 1401 2531 est
1415 2502 1510 2545 post
1535 2494 1658 2533 Chri-

198 2558 319 2601 stum,
344 2554 566 2604 imperator
586 2566 797 2604 corporum
816 2551 1008 2590 dominus
1027 2558 1129 2604 post
1140 2549 1270 2589 deum.
1331 2552 1429 2602 quin
1450 2553 1571 2588 immo
1585 2564 1660 2602 per

201 2606 333 2656 deum,
359 2614 387 2647 'a
414 2624 493 2662 quo
524 2612 592 2647 ius
622 2611 730 2660 regis
757 2615 813 2646 est
839 2611 1073 2647 institutum
1106 2612 1180 2645 etc.
1236 2607 1341 2645 idem
1372 2607 1567 2646 decisione
1589 2619 1659 2645 seu

199 2665 521 2715 parteilliuslibri
531 2665 721 2705 secunda:
751 2680 855 2703 anno
874 2667 1004 2718 igitur
1016 2664 1170 2702 domini
1186 2666 1282 2713 801,
1303 2678 1392 2702 cum
1404 2663 1519 2716 apud
1529 2665 1658 2703 Grae-

201 2734 270 2758 cos
293 2734 431 2761 nomen
463 2725 718 2775 imperatoris
750 2729 910 2760 vacaret
947 2729 985 2760 et
1010 2722 1186 2773 seminis
1228 2722 1408 2758 cessisset
1433 2719 1658 2772 imperandi

200 2774 439 2827 dominatio,
461 2780 636 2818 Carolus
654 2781 808 2818 Romae
826 2792 982 2818 moram
992 2779 1163 2829 faciens
1177 2779 1328 2829 accepit
1342 2792 1374 2815 a
1388 2779 1519 2816 Leone
1529 2792 1602 2829 pp.
1622 2783 1658 2813 et

204 2835 390 2871 universo
413 2837 566 2886 populo
585 2839 772 2877 Romano
795 2835 1015 2884 decretum,
1052 2842 1099 2872 ut
1123 2834 1298 2873 Carolus
1318 2849 1458 2873 nomen
1482 2837 1657 2885 impera-

205 2891 304 2928 toris
324 2888 503 2930 indueret
528 2901 562 2930 et
579 2893 783 2946 Augusti,
812 2909 853 2932 eo
880 2892 991 2946 quod
1010 2894 1271 2944 imperatores
1289 2893 1332 2930 in
1358 2892 1547 2930 Romana
1566 2887 1661 2927 urbe
