1878 3262
291 206 388 252 192
433 205 621 248 NOTAE
637 204 696 247 IN
715 203 1002 246 DESCRIPT.
1023 203 1651 251 CONSTANTINOPOLEOS.

286 325 352 353 τος
372 310 559 356 διέπρασε.
607 323 650 346 ex
665 311 788 357 quibus
804 311 972 356 colligitur
986 311 1055 346 iam
1071 315 1151 347 ante
1166 312 1292 347 Leonis
1307 315 1462 359 tempora
1475 317 1666 350 structurae
1681 314 1754 350 ele-

285 359 401 403 gantia
417 357 633 403 conspicuam
648 358 828 392 exstitisse.
874 364 1057 403 utcumque
1070 359 1134 401 sit,
1163 363 1235 393 tum
1259 358 1391 393 demum
1417 372 1456 394 eo
1470 361 1658 406 imperante
1676 361 1753 395 Sir—

285 404 351 438 mio
368 404 501 449 Cpolim
515 405 695 438 translatas
710 404 822 438 Divae
836 403 1035 438 Anastasiae
1049 404 1208 450 reliquias
1218 430 1229 447 ‚
1253 408 1288 438 et
1303 405 1337 438 in
1353 405 1470 440 aedem
1486 407 1596 442 eidem
1609 418 1753 450 sacram,

285 460 376 494 quae
399 450 557 484 exstabat
571 450 605 484 in
623 449 773 484 domnini
793 450 978 496 porticibus
990 450 1105 485 illatas
1120 451 1259 484 tradunt
1274 450 1478 486 Theodorus
1491 452 1619 487 Lector
1634 453 1711 487 Ecl.
1727 454 1752 488 2

282 507 318 541 p.
339 496 416 538 191,
440 496 596 541 Theoph.
613 507 647 541 p.
665 496 709 531 95
721 524 732 540 ‚
756 496 933 532 Cedrenus
949 507 984 541 p.
1001 497 1069 532 347
1084 500 1119 531 et
1133 496 1322 542 Nicephor.
1337 497 1359 531 l.
1379 497 1422 531 14
1437 508 1467 531 c.
1485 500 1547 533 102
1579 496 1640 533 ἐπὶ
1660 500 1750 532 Γεν-

278 541 417 575 ναδίου
433 540 683 587 πατριάρχου,
714 539 857 587 ἠνέχθη
886 539 963 577 οἷπὸ
998 542 1068 576 τοῦ
1095 542 1255 586 Σιρμίου
1283 539 1327 577 τὸ
1357 542 1536 587 λείψανον
1557 544 1626 588 τῆς
1641 541 1750 589 ἁγίας

279 584 543 628 Ἀναστασίας,
567 587 630 622 καὶ
650 586 833 632 κατετέθη
852 585 891 623 ἐν
912 589 964 634 τῷ
983 589 1172 634 μαρτυρίᾳ)
1193 585 1332 632 αὐτῆς,
1355 588 1407 634 τῷ
1430 584 1511 623 ὄντι
1532 586 1572 624 ἐν
1589 592 1668 630 τοῖς
1687 590 1749 624 δο-

279 631 414 676 μνίνου
432 630 615 679 ἐμβόλοις.
661 645 780 668 verum
804 645 848 668 an
861 634 974 668 Divae
989 634 1190 668 Anastasiae
1208 634 1352 678 martyri
1367 634 1508 680 primum
1524 646 1622 670 sacra
1635 636 1751 678 fuerit,

278 683 461 724 antequam
476 679 564 714 illius
581 691 622 714 eo
636 680 842 714 inferrentur
856 681 1038 726 reliquiae,
1061 680 1252 714 addubitari
1268 683 1391 726 potest,
1416 680 1481 715 etsi
1495 681 1642 715 Sanctae
1659 683 1751 716 Ana.-

278 725 404 759 stasiae
430 725 548 760 aedem
572 730 652 760 ante
679 738 721 760 ea
745 731 901 772 tempora
918 727 1089 772 appellent
1103 726 1320 760 Marcellinus
1336 727 1483 770 Comes,
1508 727 1750 772 Theophanes,

277 775 314 804 et
330 770 505 805 Cedrenus
520 772 555 805 in
571 772 830 806 Valentiniano:
855 784 931 806 nam
945 774 1097 807 Sanctae
1112 783 1131 805 a
1157 772 1292 818 pellatio
1308 772 1414 806 indita
1428 772 1566 807 videtur
1576 798 1588 815 ,
1611 772 1703 818 quod
1715 772 1750 807 in
1806 812 1809 814 ,

277 827 410 850 sacrum
426 818 585 863 templum
600 818 774 852 immutata
788 818 890 852 fuerit
901 845 911 861 ,
937 825 996 852 aut
1013 818 1104 863 quod
1121 817 1351 862 ορθοδοξίαν
1369 830 1390 853 a
1406 819 1444 852 S.
1463 818 1634 863 Gregorio
1648 818 1751 852 indu-

279 867 368 896 ctam
396 867 432 896 et
457 864 694 898 resuscitatam
717 863 766 898 ita
781 864 962 908 indigitare
976 864 1147 898 voluerint
1160 864 1355 908 Byzantini.
1402 874 1476 898 cum
1489 864 1593 908 igitur
1607 864 1749 909 primum

276 904 497 949 Ἀνάστασις
529 914 565 943 et
589 907 815 944 Ἀναστασία
847 910 1043 956 simpliciter
1069 910 1265 953 diceretur,
1311 910 1427 944 addito
1455 910 1556 944 etiam
1581 910 1750 945 interdum

277 950 389 997 ἁγίας
404 955 553 1000 epitheto
564 980 575 997 ,
598 956 725 990 factum
750 960 934 1002 postea'ut
956 957 990 990 in
1012 956 1269 990 resurrectionis
1285 956 1413 991 Christi
1427 956 1588 990 honorem
1603 956 1749 990 dicatam

276 1000 430 1045 primitus
453 1001 657 1045 crederent,
686 1013 754 1046 qua
778 1003 1004 1047 appellatione
1028 1002 1272 1046 indigitabatur
1294 1002 1637 1046 Hierosolymitanum
1660 1006 1748 1036 tem-

276 1046 380 1099 plum.
428 1046 463 1080 id
482 1047 609 1091 colligo
635 1059 679 1081 ex
695 1048 920 1082 Constantino
937 1048 1270 1094 Porphyrogenneta
1284 1048 1319 1082 in
1334 1048 1459 1082 Basilio
1475 1059 1504 1081 c.
1521 1048 1566 1082 54
1580 1047 1749 1082 scribente

275 1094 515 1136 imperatorem
538 1093 647 1136 hunc,
681 1091 719 1126 ἐν
750 1096 831 1132 τοῖς
857 1093 1035 1137 δομνίνου
1051 1092 1261 1137 λεγομένοις
1277 1091 1449 1139 ἐμβόλοις
1466 1091 1536 1129 τὸν
1555 1093 1607 1133 εἰς
1628 1089 1748 1137 ὄνομα

275 1137 346 1181 τῆς
362 1137 472 1177 θείας
492 1138 658 1180 Χριστοῦ
682 1138 752 1172 τοῦ
780 1139 876 1173 θεοῦ
903 1137 1010 1183 ἡμῶν
1029 1136 1300 1182 Ἀναστοέσεως,
1333 1139 1397 1174 καὶ
1419 1136 1662 1180 Ἀναστασίας
1681 1141 1750 1183 τῆς

274 1180 464 1227 μάρτυρος
479 1183 679 1229 περικαλλῆ
698 1182 795 1218 ναὸν
813 1196 1018 1228 exornasse,
1049 1184 1207 1230 illiusque
1230 1186 1437 1220 testudinem
1460 1197 1505 1219 ex
1530 1185 1644 1229 lignea
1658 1185 1748 1231 lapi-

276 1228 375 1262 deam
400 1229 536 1263 fecisse.
582 1230 700 1263 eadem
715 1231 825 1265 verba
838 1231 943 1265 habet
957 1230 1139 1275 Scylitzes.
1187 1242 1231 1264 ex
1254 1231 1435 1276 praedictis
1462 1231 1640 1265 conficitur
1654 1232 1749 1265 Ana-

272 1275 456 1309 stasianam
473 1275 591 1309 aedem
606 1276 639 1309 in
655 1287 697 1309 ea
711 1277 806 1310 urbis
821 1277 960 1321 regione
976 1277 1168 1319 exstitisse,
1192 1276 1250 1310 ubi
1266 1283 1364 1311 erant
1378 1276 1527 1322 porticus
1543 1276 1706 1319 domnini,
1725 1287 1747 1311 e

273 1321 417 1364 regione
431 1321 558 1366 publici
573 1321 686 1355 balnei
699 1321 876 1367 Dagistaei
892 1322 1092 1368 nuncupati,
1115 1327 1154 1356 ut
1169 1322 1219 1356 ait
1235 1322 1410 1356 Cedrenus
1425 1333 1458 1367 p.
1475 1322 1592 1357 3921n
1606 1321 1747 1366 regione

272 1367 418 1411 septima
429 1392 439 1408 ,
462 1371 502 1400 ut
518 1371 570 1401 est
584 1367 618 1401 in
634 1368 744 1401 veteri
759 1368 852 1402 urbis
869 1368 1110 1413 descriptione.
1156 1379 1259 1414 porro
1284 1368 1387 1402 aedes
1401 1367 1458 1401 illa
1472 1367 1584 1402 Divae
1598 1370 1747 1402 Anasta-

272 1412 346 1446 siae
362 1413 508 1458 Martyri
519 1438 530 1455 ,
554 1424 653 1458 quam
672 1414 1003 1458 Φαρμακολυτρίαν
1018 1418 1164 1456 vocant,
1189 1425 1343 1459 quaeque
1358 1413 1561 1457 Martyrium
1576 1424 1679 1459 passa
1692 1417 1748 1448 est

271 1457 457 1492 Valeriano
486 1459 700 1504 imperante,
734 1470 833 1494 sacra
856 1461 934 1495 fuit.
990 1460 1079 1494 illius
1103 1471 1226 1506 corpus
1249 1460 1427 1494 etiamnum
1450 1459 1747 1504 Constantinopoli

271 1504 444 1538 asservari
470 1505 506 1538 in
532 1505 676 1538 ecclesia
699 1506 918 1550 patriarchali
945 1507 1157 1540 Graecorum
1182 1511 1302 1540 auctor
1328 1510 1382 1539 est
1397 1505 1440 1539 R.
1456 1505 1498 1539 P.
1514 1505 1684 1539 Pacificas
1709 1505 1745 1539 in

267 1548 449 1584 Itinerario
467 1550 537 1587 CP.
555 1562 589 1595 p.
607 1551 663 1585 38.
711 1552 810 1585 huius
833 1553 957 1586 festum
981 1552 1075 1586 aiunt
1100 1552 1228 1585 Graeci
1252 1552 1318 1596 29,
1350 1549 1466 1585 Latini
1493 1551 1538 1585 28
1566 1550 1743 1586 Octobris.

120 1597 151 1631 Ρ
178 1597 244 1634 187
267 1594 348 1630 vide
363 1595 535 1640 Menolog.
554 1596 673 1630 Sirleti
690 1598 734 1632 12
751 1597 877 1631 Octob.
894 1603 929 1631 et
946 1598 1070 1632 Baron.
1087 1597 1132 1632 ad
1147 1598 1191 1632 25
1208 1597 1371 1631 Decemb.

360 1652 407 1686 70
430 1652 667 1697 Periuleptos]
693 1652 785 1687 Vide
800 1657 900 1688 notas
915 1654 958 1688 ad
974 1654 1146 1687 Alexiadis
1160 1665 1195 1698 p.
1212 1655 1269 1689 70.

316 1755 339 1789 9
360 1709 404 1788 7tl
408 1709 466 1788 ἐ
469 1709 623 1789 1ἷοιιιηίτὲιοε
639 1711 682 1791 «ge
697 1711 845 1755 Studio]
871 1711 961 1745 Vide
975 1711 1133 1745 Tractat.
1151 1710 1194 1744 de
1210 1709 1333 1755 Capite
1349 1709 1386 1746 S.
1401 1708 1538 1744 Ioannis
1553 1708 1656 1755 Bapt.
1672 1719 1703 1743 c.
1719 1710 1741 1745 7

267 1767 302 1790 ιι.
356 1766 375 1788 e
446 1766 467 1799 y
496 1781 504 1789 .
535 1781 543 1790 .
599 1767 629 1790 c.
674 1782 683 1792 .

360 1812 406 1847 72
428 1811 466 1846 S.
478 1813 657 1857 Andreas]
681 1813 784 1848 Hanc
801 1812 919 1848 aedem
936 1812 1100 1848 exstruxit
1114 1811 1262 1847 Arcadia
1276 1810 1466 1846 Theodosii
1479 1810 1620 1845 iunioris
1634 1821 1743 1853 soror,

266 1868 288 1892 a
302 1868 371 1903 qua
384 1858 552 1891 Arcadiae
568 1859 661 1893 dicta
672 1886 682 1901 ‚
707 1863 746 1893 ut
762 1863 816 1893 est
829 1859 865 1893 in
881 1858 1049 1893 Chronico
1066 1859 1249 1893 Alexandr.
1266 1870 1300 1903 p.
1317 1859 1396 1893 711.
1431 1857 1563 1892 exstitit
1576 1857 1634 1891 illa
1647 1857 1743 1891 iuxta

265 1904 427 1949 templum
453 1904 574 1938 Sancti
599 1905 723 1947 Mocii,
761 1916 904 1950 cumque
925 1906 1000 1940 fere
1026 1905 1178 1950 collapsa
1202 1909 1316 1946 esset,
1348 1904 1436 1937 hanc
1459 1903 1581 1937 refecit
1594 1902 1741 1937 Basilius

266 1949 412 1984 Macedo
425 1973 436 1990 ‚
463 1950 513 1983 uti
529 1950 669 1985 tradunt
683 1951 926 1985 Constantinus
941 1951 976 1985 in
991 1951 1113 1985 Basilio
1129 1963 1160 1987 c.
1174 1950 1220 1986 54
1235 1954 1271 1984 et
1287 1949 1457 1993 Scylitzes
1471 1960 1506 1993 p.
1523 1949 1600 1985 587.
1635 1959 1742 1983 reno-

266 1995 364 2030 vavit
385 1995 510 2029 iterum
527 1996 712 2031 Theodora
728 1997 908 2031 Michaelis
923 1996 1123 2041 Palaeologi
1148 1997 1230 2042 imp.
1256 2008 1277 2030 e
1303 2006 1420 2029 sorore
1443 1994 1594 2039 Eulogia
1617 1994 1741 2040 neptis,

266 2045 307 2121 pt
329 2045 381 2075 est
407 2041 499 2086 apud
524 2042 717 2088 Gregoram
741 2043 765 2078 1.
782 2044 803 2078 5
831 2046 866 2077 et
882 2044 905 2078 6
927 2054 962 2088 p,
980 2043 1047 2078 119
1063 2047 1097 2077 et
1113 2043 1179 2078 128
1203 2042 1262 2087 qui
1283 2041 1522 2076 monasterium
1542 2039 1740 2075 feminarum

284 2086 377 2121 uisse
392 2087 451 2120 ait.

362 2145 409 2180 73
433 2145 583 2190 Propter
598 2145 732 2190 copiam
743 2145 916 2191 piscium]
940 2144 1174 2190 Busbequius=
1208 2156 1227 2179 e
1249 2145 1366 2179 media
1383 2144 1453 2178 GP.
1471 2143 1738 2178 iucundissimus

268 2195 320 2226 est
341 2191 381 2224 in
405 2202 523 2233 mare,
559 2192 795 2237 albentemque
820 2192 997 2237 perpetuis
1031 2190 1166 2226 nivibus
1197 2192 1378 2236 Olympum
1398 2190 1504 2225 Asiae
1525 2193 1734 2234 prospectus.

267 2248 364 2271 mare
377 2237 527 2280 piscibus
545 2237 637 2270 omni
654 2249 693 2271 ex
709 2243 814 2282 parte
833 2238 1108 2282 refertissimum,
1132 2238 1229 2272 modo
1240 2237 1502 2272 demittentibus
1511 2247 1548 2270 se
1561 2235 1738 2269 eoeMaeo-

267 2284 344 2318 tide
367 2283 545 2326 Pontoque
564 2294 630 2328 per
656 2284 845 2329 Bosporum
875 2288 909 2318 et
927 2284 1170 2328 Propontidem
1187 2284 1226 2318 in
1243 2295 1339 2317 mare
1357 2285 1508 2327 Aegeum
1523 2281 1736 2314 Mediterra-

266 2340 454 2374 neumque,
478 2330 576 2362 modo
602 2340 642 2363 ea·
665 2330 729 2363 illo
753 2330 976 2364 subeuntibus
1002 2331 1040 2363 in
1057 2330 1171 2374 ipsum
1187 2330 1357 2373 Pontum,
1385 2328 1487 2362 sicuti
1510 2331 1642 2361 natura
1656 2329 1736 2370 sert

260 2375 432 2421 piscium,
467 2375 579 2408 tantis
600 2376 820 2420 agminibus,
852 2380 991 2420 tamque
1013 2376 1145 2418 densis,
1183 2380 1223 2410 ut
1248 2375 1420 2410 interdum
1444 2373 1549 2407 etiam
1575 2372 1734 2407 manibus

264 2421 464 2465 capiantur.
487 2421 607 2466 itaque
620 2422 906 2467 frequentissima
922 2426 971 2456 est
987 2422 1218 2456 scombrorum
1230 2448 1239 2462 ,
1259 2421 1497 2466 pelamydum,
1520 2418 1734 2462 capitonum,

264 2467 516 2510 Syoodontum‚
548 2468 748 2512 xiphiarum
772 2468 818 2501 iis
844 2468 926 2502 locis
949 2468 1120 2512 piscatio,
1151 2468 1190 2500 in
1219 2480 1289 2512 qua
1314 2479 1350 2501 se
1371 2465 1556 2512 praecipue
1580 2467 1734 2518 exer-cent

267 2512 416 2554 Graeci,
457 2514 574 2558 magis
603 2525 707 2558 quam
737 2514 889 2548 Turcae:
929 2514 1070 2548 tametsi
1097 2525 1159 2548 nec
1183 2514 1246 2549 isti
1265 2514 1392 2559 positos
1417 2512 1458 2557 in
1485 2521 1602 2544 mensa
1621 2519 1733 2555 pisces

265 2563 498 2603 aspernantur
525 2564 589 2593 etc.

357 2615 403 2650 74
425 2616 540 2659 Pera]
564 2615 617 2650 De
633 2616 724 2651 Pera
748 2615 886 2662 copiose
912 2615 1039 2661 egimus
1054 2616 1089 2651 in
1104 2615 1259 2652 Historia
1274 2614 1375 2650 Gallo
1387 2631 1405 2638 —
1415 2612 1607 2659 Byzantina
1631 2611 1689 2648 lib.
1705 2611 1729 2646 5

267 2670 302 2698 n.
317 2659 364 2696 32
380 2663 417 2695 et
430 2660 465 2695 in
478 2664 547 2696 not.
564 2661 608 2697 ad
623 2662 792 2698 villhard.
808 2675 842 2699 n.
859 2663 916 2699 83.

1868 3144 1878 3262 'nan—*uua
1876 3096 1878 3098 .
