1878 3262
243 220 343 268 234
725 220 949 264 IOANNIS
985 220 1214 265 CINNAMI

243 334 369 392 ὑγρᾶς
403 329 612 391 ἀφεστώς,
663 330 747 392 ὅσῳ
783 330 978 388 πνεύματι
1022 337 1345 390 θυμομαχοῦσαν
1377 342 1558 396 νοτεραῒς
1589 335 1688 380 mira

244 401 435 452 πολλάκις
468 403 732 460 ἐπιρραπίζειν
767 401 986 457 παλάμαις.
1053 404 1236 447 ἐντεῦθεν
1259 405 1454 448 καλωδιόν
1474 424 1513 449 τι
1549 407 1689 461 ἐξῆπτε

244 469 467 525 λαβόμενός
489 489 531 513 τε
558 471 683 513 αὐτοῦ
707 475 870 514 καθεῖτο
897 473 952 520 εἷς
976 470 1048 525 τὴν
1062 469 1197 526 ἀκτήν.
1263 472 1365 515 ἔνθα
1378 476 1444 516 καὶ
1456 473 1575 516 πάλιν
1587 479 1687 529 βλο-

242 545 380 597 συροῖς
411 545 495 589 τοῖς
529 538 758 596 προσώποις
792 539 1027 594 δεδεξαμένη
1063 543 1205 582 τοῦτον
1238 538 1265 594 ἦ
1301 539 1400 596 τύχη
1434 542 1567 599 βραχὺ
1605 541 1689 585 εἶτα

240 608 499 664 προσεμειδιά
534 609 601 650 καὶ
635 608 763 650 ἀνεῖτο
801 608 903 664 πρὸς
922 605 1069 664 χάριν,
1109 609 1368 665 θρυπτομένη
1395 626 1480 659 πως
1503 612 1568 652 καὶ
1594 613 1721 656 δια-5

245 680 385 733 φανῶς
416 678 625 727 παίζουσα.
691 680 771 718 τῶν
804 674 882 732 γάρ
916 693 977 725 τις
1002 677 1042 717 ἓν
1067 678 1249 734 παλατίῳ
1276 676 1488 734 φυλάκων,
1518 679 1627 735 οἵπερ
1648 680 1691 728 ἐξ

191 752 224 786 D
248 743 370 794 ἔθους
395 744 455 786 ἀεὶ
483 745 776 799 ὁιεσκηνημένοι
801 742 1001 798 κάθηνται
1025 742 1123 801 ὗπέρ
1149 749 1229 787 τῶν
1254 744 1415 802 πύργων
1440 746 1482 787 ἓκ
1507 762 1691 802 περιτρο-

239 817 319 867 πῆς
342 829 448 862 τινος
472 811 789 862 ε’πιθωύσσοντές
812 830 852 854 τε
880 811 1066 866 ἀλλήλοις
1091 815 1157 854 καὶ
1182 813 1327 855 τακτὸν
1352 812 1373 855 ὅ
1397 830 1434 854 τι
1461 813 1511 868 δὴ
1538 815 1692 870 ἐπιφω-

241 885 401 929 νοῦντες
413 879 606 937 ῥημάτιον
625 879 730 923 οὕτω
743 898 783 922 τε
808 879 1044 937 ἓγρηγόρασι
1068 879 1268 934 μάλιστα,
1299 881 1433 936 ἐπειδὴ
1447 885 1588 923 τοῦτον
1601 879 1691 934 εἶδε,

242 948 419 1006 προσιὼν
444 947 553 998 ὅστις
576 950 670 991 ποτὲ
695 949 754 1003 εἴη
781 947 1063 990 διεπυνθάνετο
1101 949 1281 991 ἀνειπεῖν.
1350 948 1371 992 ὅ
1406 950 1449 991 δὲ
1486 948 1748 1004 δεσμώτης10

243 1015 342 1059 εἶναι
369 1016 517 1074 ἔφασκε
542 1021 623 1058 τῶν
647 1018 690 1058 ἐν
714 1018 896 1074 παλατίῳ
919 1017 1020 1073 πρὸς
1044 1021 1116 1058 τοῦ
1140 1020 1307 1059 Παπίου
1334 1018 1402 1059 ἐπ’
1432 1019 1577 1067 αἰτίαις
1602 1019 1693 1071 ἔχο-

241 1086 371 1139 μένων
391 1091 682 1143 χρηματικαΐς,
717 1087 784 1126 καὶ
803 1083 930 1140 “εἴγε
958 1083 1130 1142 ἀφήσεις
1147 1086 1227 1139 με’)
1256 1085 1332 1143 ἔφη
1352 1084 1560 1137 ι(ἀπιέναι,
1590 1085 1692 1140 αὕτη

243 1152 295 1207 δή
321 1169 384 1194 σοι
419 1153 520 1209 παρ’
561 1154 660 1206 ἓμοῢ
679 1151 801 1210 χάρις
826 1152 972 1194 ἓῖτται.”
1040 1155 1107 1195 καὶ
1134 1152 1221 1207 ἅμα
1246 1155 1369 1209 λέγων
1393 1154 1438 1195 τὸ
1466 1151 1706 1196 ἓπικόλπιονν

244 1221 357 1279 αὐτῷ
390 1220 591 1276 ἐξαγαγών
625 1222 773 1262 ἐδείκνυ
808 1218 1094 1277 φυλακτήριον.
1161 1220 1182 1263 ὃ
1211 1222 1254 1263 δὲ
1279 1223 1390 1278 (τῶν
1410 1222 1487 1278 γὰρ
1514 1222 1692 1278 ἀγροικι-

244 1294 325 1331 κῶν
350 1306 412 1339 τις
434 1284 484 1344 ἦν
509 1291 577 1330 καὶ
597 1296 680 1339 τοῖς
704 1289 842 1338 πενίας
865 1288 992 1345 ἔργοις
1017 1287 1184 1343 ἐμάχετο
1211 1290 1431 1344 διηνεκῶς),
1463 1290 1596 1344 ἐπειδὴ
1619 1290 1693 1340 τὰς
1704 1297 1747 1333 15

104 1366 131 1398 P
156 1365 224 1401 136
246 1357 362 1412 ὄψεις
387 1358 498 1414 αὗτῷ
522 1358 798 1414 κατέστραψεν
823 1355 843 1398 ὃ
866 1355 1030 1413 χρυσός,
1059 1358 1196 1411 λαβὼν
1220 1357 1266 1399 τὸ
1285 1363 1427 1415 χρῆμα
1445 1356 1696 1414 Ἀνδρόνικον

244 1427 375 1483 ἀφῆκε
402 1426 614 1483 φέρεσθαι.
657 1428 698 1468 ἓν
722 1424 851 1483 τούτῳ
879 1426 922 1467 δὲ
947 1427 1013 1467 καὶ
1038 1425 1083 1467 τὸ
1109 1424 1339 1480 ληψόμενον
1362 1430 1504 1468 τοῦτον
1530 1424 1694 1468 ἀκάτιον

243 1495 291 1537 οὗ
326 1494 487 1551 μακρὰν
521 1495 771 1536 ἀποσαλεῦον
801 1492 988 1550 προσῄει·
1021 1495 1088 1535 καὶ
1123 1494 1314 1548 λαβόντες
1339 1494 1458 1536 αὐτὸν
1483 1495 1548 1535 ἐπ’
1581 1493 1693 1535 οἴκου

242 1561 456 1616 ἐκόμισαν,
499 1561 599 1603 ἔνθα
636 1562 710 1612 τὰς
743 1563 866 1610 πέδας
900 1560 1233 1615 ἀποσεισάμενος,
1276 1562 1325 1603 αἳ
1351 1562 1410 1604 τιὺ
1442 1560 1539 1603 πόδε
1564 1560 1694 1618 εἶργον

240 1631 355 1688 αὐτῷ
365 1662 378 1682 ,
413 1630 534 1684 ἀνέβη
558 1648 599 1672 τε
626 1632 809 1679 εἰσαῦθις
833 1629 905 1683 τὴν
930 1633 1028 1670 ναῦν
1053 1631 1121 1671 καὶ
1148 1629 1489 1684 διαπλωισάμενος
1513 1629 1589 1679 ἔξω
1610 1640 1750 1687 ‘cfr-20

238 1700 344 1754 χέων
369 1699 530 1754 ἐγένετο.
597 1698 699 1740 ἔνθα
729 1699 878 1747 ἵππους
902 1695 1051 1753 εὑρών,
1090 1698 1135 1739 οἳ
1155 1699 1196 1739 ἓν
1220 1702 1454 1754 παρασκευῇ
1479 1696 1693 1753 ἐτύγχανον

242 1768 354 1824 αὐτῷ
391 1766 521 1818 ὄντες,
560 1767 680 1821 ἕπε’βη
714 1784 755 1809 τε
793 1768 859 1808 καὶ
898 1765 1026 1807 ἀπιὼν
1060 1764 1198 1822 ᾤχετο.
1259 1765 1510 1822 Ἀνδρόνικος
1540 1766 1614 1819 μὲν
1641 1765 1692 1820 δὴ
1728 1788 1730 1791 *

241 1834 347 1876 οὕτω
378 1839 450 1889 τῆς
486 1835 640 1891 εἱρκτῆς
676 1834 858 1891 ἀποδρὰς
891 1835 954 1875 ἐπὶ
991 1832 1293 1891 Ταυροσκύθας
1317 1829 1455 1889 ἦλθεν.
1522 1832 1619 1888 ἡμῖν
1645 1833 1692 1876 δι

239 1904 430 1946 ἀνακτὲον
454 1903 523 1946 τὸν
548 1902 663 1959 λόγον
689 1905 751 1944 ἐπὶ
775 1903 825 1944 τὰ
851 1900 1040 1959 πρότερα.

330 1977 365 2011 4.
394 1975 636 2021 δεδεξαμένη]
670 1976 938 2023 διαδεξαμένηί)
1027 1978 1083 2013 21.
1107 1975 1328 2021 ἐτύγχανον]
1351 1975 1438 2010 eod.
1459 1971 1690 2028 ἔντυ’γχοινον.

241 2046 359 2089 venit,
385 2057 449 2090 qua
464 2049 563 2091 parte
581 2056 675 2078 muro
700 2045 822 2079 insistit
835 2058 902 2079 non
925 2045 1057 2090 quidem
1073 2045 1205 2079 excelso
1229 2044 1381 2088 omnino,
1403 2056 1466 2078 nec
1487 2046 1597 2078 tamen
1610 2046 1688 2076 tan-

241 2096 312 2126 tum
337 2104 357 2125 a
381 2092 463 2125 mari
485 2098 611 2125 remoto
625 2117 634 2131 ‚
660 2091 737 2135 quin
760 2091 841 2125 illud
866 2092 977 2125 ventis
991 2091 1192 2125 australibus
1206 2090 1368 2134 agitatum
1384 2101 1486 2135 saepe
1504 2100 1577 2122 eum
1591 2088 1689 2122 undis

241 2137 467 2181 fluctibusque
482 2137 550 2170 suis
577 2136 697 2181 pulset.
743 2137 878 2171 hocille
901 2137 935 2170 in
950 2137 1024 2170 loco
1049 2147 1199 2182 appenso
1214 2139 1294 2169 sune
1309 2147 1416 2180 eoque
1431 2135 1639 2181 apprehenso
1653 2134 1687 2166 in

240 2183 335 2218 littus
360 2194 435 2216 sese
450 2182 591 2216 demisit.
636 2183 683 2215 ibi
704 2185 804 2217 torvo
830 2183 924 2217 vultu
950 2183 1041 2216 illum
1057 2182 1224 2227 excipiens
1237 2182 1408 2227 paulisper
1421 2182 1575 2220 fortuna,
1597 2178 1688 2213 arri-

241 2230 324 2262 dere
340 2228 468 2262 demum
486 2233 520 2261 et
535 2228 629 2272 quasi
647 2228 852 2262 manifestius
868 2229 1038 2264 colludere
1051 2228 1125 2261 visa
1145 2232 1207 2261 est.
1256 2227 1388 2272 quidam
1403 2225 1487 2260 enim
1512 2225 1556 2258 de
1569 2223 1688 2270 palatii

243 2274 490 2308 excubitoribus
503 2299 513 2315 ,
536 2274 592 2318 qui
615 2284 747 2318 semper
769 2274 966 2319 permutatis
990 2286 1032 2308 ex
1048 2285 1141 2307 more
1162 2272 1292 2307 vicibus
1313 2271 1475 2306 stationes
1489 2271 1522 2303 in
1537 2271 1685 2304 turribus

240 2324 379 2362 tenent,
400 2324 527 2353 certum
555 2319 688 2363 aliquod
711 2319 774 2352 sibi
800 2320 941 2354 invicem
965 2320 1181 2353 inclamantes
1207 2319 1366 2361 verbum,
1389 2317 1440 2351 sic
1459 2316 1592 2360 vigilias
1607 2325 1686 2350 suas

242 2367 390 2409 obeunt,
415 2370 452 2398 ut
476 2365 566 2398 illum
590 2365 690 2408 vidit,
713 2365 876 2398 accedens
898 2365 972 2410 quis
989 2369 1079 2399 esset
1102 2369 1340 2409 percunctatus
1355 2366 1416 2396 est.
1461 2361 1519 2395 ille
1532 2373 1631 2395 unum
1647 2372 1687 2395 se

242 2423 285 2445 ex
300 2411 418 2444 vinctis
435 2421 508 2444 esse
524 2410 627 2450 dixit,
651 2410 708 2455 qui
731 2410 767 2444 in
789 2411 915 2455 palatio
942 2412 985 2444 ob
1003 2422 1062 2444 aes
1088 2410 1228 2444 alienum
1243 2420 1263 2442 a
1279 2408 1388 2453 Papia
1401 2407 1635 2441 detinebantur
1650 2411 1688 2440 et

241 2457 303 2489 “si
326 2468 377 2489 me
402 2457 481 2490 sinis
503 2455 596 2489 abire
606 2455 626 2471 ”
650 2455 756 2500 inquit
781 2457 893 2490 “haec
916 2456 975 2490 tibi
999 2467 1018 2489 a
1034 2468 1086 2489 me
1103 2455 1213 2499 gratia
1227 2453 1440 2494 referetur;''
1462 2453 1688 2498 continuoque

241 2502 330 2546 quod
353 2501 481 2547 pectori
508 2513 690 2546 appensum
716 2502 871 2544 gestabat
896 2501 1140 2547 phylacterium
1167 2500 1322 2534 eductum
1349 2498 1504 2532 ostendit.
1550 2499 1579 2532 is
1602 2509 1684 2532 vero

243 2549 347 2590 (erat
370 2548 455 2580 enim
480 2548 578 2580 horno
604 2547 747 2591 agrestis
771 2553 805 2580 et
826 2547 883 2592 qui
907 2559 979 2580 cum
1006 2551 1207 2592 paupertate
1220 2548 1384 2591 perpetuo
1401 2544 1686 2589 colluctabatur),

242 2592 337 2627 simul
360 2597 464 2636 atque
488 2593 574 2626 illius
599 2593 712 2626 oculos
736 2605 851 2626 aurum
876 2592 1090 2638 perstrinxit,
1116 2603 1155 2626 eo
1171 2597 1334 2636 accepto,
1356 2590 1576 2623 Andronicum
1591 2590 1686 2623 abire

241 2648 359 2683 passus
374 2643 437 2671 est.
483 2639 605 2682 scapha
628 2639 757 2672 interim
769 2666 778 2683 ‚
810 2650 897 2683 quae
919 2638 1005 2672 haud
1021 2638 1139 2683 procul
1155 2638 1290 2678 aberat,
1322 2636 1411 2669 illum
1428 2640 1611 2680 exceptura
1625 2646 1685 2669 ac-

242 2683 363 2724 cessit,
386 2694 452 2727 qua
467 2694 647 2717 conscensa
662 2684 793 2717 domum
808 2684 936 2717 relatus
952 2689 1014 2717 est.
1060 2683 1106 2717 ibi
1129 2683 1239 2716 exutis
1253 2682 1465 2726 compedibus
1479 2693 1565 2726 quae
1580 2681 1684 2727 pedes

244 2729 510 2763 constrinxerant
521 2754 531 2770 ,
556 2740 684 2762 rursum
703 2730 872 2772 ingressus
887 2733 940 2763 est
954 2740 1071 2762 navem
1084 2754 1094 2770 ‚
1118 2739 1225 2772 eaque
1239 2735 1357 2761 vectus
1373 2733 1468 2761 extra
1484 2738 1595 2761 muros
1611 2732 1683 2761 tra-

240 2774 333 2810 iecit.
377 2774 444 2808 illic
458 2778 592 2820 paratos
607 2774 650 2807 ad
668 2775 732 2808 hoc
746 2776 851 2819 ipsum
867 2774 1040 2808 inveniens
1055 2784 1158 2818 equos
1174 2773 1368 2806 conscendit
1381 2778 1415 2806 et
1430 2773 1608 2807 abscessitx
1634 2771 1684 2806 sic

244 2820 374 2865 quidem
395 2819 540 2854 evadens
556 2832 574 2853 e
589 2831 726 2853 carcere
741 2820 947 2854 Andronicus
970 2819 1011 2854 ad
1034 2819 1288 2863 Tauroscythas
1306 2818 1473 2865 pervenit·
1518 2829 1608 2854 nunc
1620 2828 1682 2853 au-

243 2871 310 2901 tem
328 2866 372 2901 ad
386 2877 426 2901 ea
440 2877 526 2911 quae
540 2877 641 2911 supra
655 2866 845 2910 retulimus,
866 2865 1048 2900 reducatur
1062 2864 1181 2899 oratio.
