1878 3262
266 212 325 257 IN
344 212 649 257 NICEPHORI
667 212 934 258 BRYENNII
954 215 1247 258 COMMENT.
1266 215 1468 259 NOTAE.
1527 217 1623 262 205

166 323 264 363 bet
253 337 295 362 m
315 322 394 362 hoc
411 328 679 375 syntagmate,
711 321 949 373 desumpsit,
977 322 1026 360 de
1045 336 1123 373 quo
1144 322 1338 374 scriptore
1354 324 1463 363 istud
1461 325 1625 395 appin-

164 380 221 432 git
239 379 440 430 iudicium,
470 376 630 428 Σκύλαξ
648 377 721 432 μὲν
741 381 816 420 οὐν
835 378 856 420 ὁ
875 394 947 426 τας
964 375 1126 433 πράξεις
1144 379 1427 434 συγγεγραφώς
1446 377 1526 422 απὸ
1547 385 1625 422 Νι-

164 434 348 505 κηφόρον
365 439 446 477 τῶν
465 439 667 484 Γενικιόν,
697 435 808 504 μέχρι
822 431 1014 476 Ἰσαακίου
1038 439 1111 477 τοῦ
1132 439 1372 488 Κομνηνου,
1406 433 1475 489 ἐφ’
1503 454 1551 479 ου
1572 436 1625 506 δή

164 492 233 533 καὶ
251 488 372 542 αὐτος
390 488 468 546 ἦν,
497 488 602 546 ‹ivm›
625 491 697 544 μὲν
719 488 794 533 ov’n
812 487 1180 544 εὐκαταφρόνητος,
1209 490 1284 545 τήν
1313 493 1418 543 λέξιν
1440 492 1484 535 δὲ
1507 491 1626 535 ἰδιω-

163 564 256 601 της,
287 555 357 588 etc.
414 549 586 599 Tureos,
615 549 797 600 inquam,
825 562 907 586 non
924 561 974 586 ex
990 549 1182 587 Hunnicis
1201 562 1270 587 seu
1289 551 1432 588 arctois
1449 551 1624 602 regioni—

162 606 260 655 bus,
289 606 330 644 in
358 605 547 645 auxilium
576 606 758 645 evocavit
784 604 1070 652 Machemetes‚
1101 605 1169 643 sed
1189 618 1239 643 ex
1259 619 1303 644 ea
1322 620 1440 658 quam
1458 606 1536 653 hac
1553 621 1623 646 ae-

162 668 246 700 tate
270 662 492 701 incolebant
506 691 518 708 ,
544 662 652 700 ultra
669 661 882 701 Araxidem
901 661 1090 712 fluvium,
1118 662 1342 713 provincia,
1374 663 1623 703 Chorosanae

162 731 231 757 seu
257 719 406 758 Persidi
430 719 671 757 contermina
686 748 699 770 ,
728 732 807 769 quo
830 718 945 770 longe
967 725 1082 756 antea
1098 731 1148 756 ex
1165 719 1440 771 Septentrione
1462 734 1624 760 conces-

161 781 317 825 serant,
345 781 392 814 ut
418 788 469 814 ex
494 775 866 827 Porphyrogenneta
899 788 932 816 c.
959 777 1013 816 38
1045 775 1192 813 discere
1224 782 1295 815 est.
1353 790 1442 815 cum
1470 777 1574 816 enim
1600 792 1622 816 a

159 832 408 870 Patzinacitis
454 831 637 871 debellati
674 837 801 870 essent
835 831 1084 883 propriisque
1118 832 1229 869 eiecti
1259 832 1437 882 sedibus,
1476 833 1622 873 horum

158 902 252 940 pars
275 901 355 928 una
385 900 524 927 versus
544 888 796 927 Occidentem
815 888 989 935 secessit,
1023 888 1144 925 altera
1166 889 1324 926 transiit
1345 890 1388 927 in
1409 890 1622 941 Persidem,

159 944 292 995 ibique
314 944 479 983 incoluit
504 946 722 996 regionem,
751 958 868 996 quam
895 945 944 983 de
975 957 1111 983 eorum
1129 945 1288 982 nomine
1305 946 1620 996 Turquestanam

159 1001 375 1040 etiamnum
400 1001 610 1053 appellant.
656 1014 749 1040 sane
778 1001 973 1039 Aithonus
1000 1014 1034 1039 c.
1060 1002 1112 1043 15
1143 1001 1293 1039 Turcos
1327 1002 1525 1040 Persidem
1553 1004 1620 1041 in-

159 1058 322 1096 coluisse
347 1064 485 1097 auctor
516 1065 574 1096 est
602 1060 715 1110 longe
746 1064 837 1096 ante
854 1070 1035 1097 eversum
1053 1071 1074 1094 a
1097 1058 1298 1096 Saracenis
1316 1058 1523 1097 Persarum
1542 1060 1621 1098 im-

157 1114 325 1166 perium.
382 1115 451 1153 sed
479 1120 519 1153 et
546 1115 631 1166 ipso
659 1114 849 1153 Mauricio
871 1115 1109 1165 imperante,
1138 1127 1227 1152 cum
1249 1115 1375 1152 Persis
1399 1115 1494 1166 ipsis
1521 1129 1622 1154 con-

160 1171 336 1209 terminis
360 1171 458 1209 bella
481 1173 655 1223 gessisse,
684 1171 807 1221 iisque
836 1171 1045 1222 imperasse
1072 1170 1224 1209 tributa
1245 1171 1383 1209 scribit
1404 1171 1621 1223 Theophy-

156 1227 284 1266 lactus
301 1228 555 1267 Simocattal.
574 1231 595 1269 1
616 1241 647 1266 c.
667 1230 714 1277 8,
743 1227 818 1265 ubi
843 1226 939 1265 haec
965 1227 1014 1264 de
1034 1227 1172 1265 Turcis
1193 1227 1463 1266 Orientalibus
1477 1228 1620 1267 habet:

160 1278 314 1325 Ουννοι
334 1280 375 1325 δ’
399 1300 530 1333 ουτοι,
560 1286 870 1336 προσοικοῦντες
888 1286 937 1339 τῇ
953 1282 1004 1338 ἕῳ
1024 1286 1204 1350 Περσῶν
1225 1281 1515 1348 πλησιόχωροι,
1547 1283 1620 1333 οὓς

156 1339 226 1380 και
259 1337 464 1393 Τούρκονς
493 1336 710 1381 ἀποκαλεῖν
733 1344 817 1387 τοῖς
837 1343 999 1387 πολλοῖς
1017 1335 1332 1404 γνωριμώτερον.
1366 1341 1469 1392 agit
1498 1354 1620 1393 prae-

155 1402 264 1434 terea
288 1397 337 1435 de
362 1397 452 1435 iisl.
469 1400 495 1439 3
514 1410 548 1437 c.
570 1399 618 1446 6,
646 1397 674 1435 l.
694 1395 720 1437 4
738 1411 769 1435 c.
791 1399 817 1438 7
832 1402 873 1434 et
893 1399 945 1438 10
974 1396 1259 1434 El-Macinus
1247 1411 1290 1434 in
1316 1396 1418 1435 Eist.
1442 1397 1620 1436 Arabum

155 1453 230 1491 sub
249 1454 323 1491 An.
344 1453 415 1492 Ch.
435 1456 529 1502 701,
549 1455 645 1501 720,
665 1451 760 1503 724,
780 1455 859 1494 731
878 1458 952 1491 etc.
1009 1453 1232 1491 Turcorum
1247 1453 1491 1493 Persicorum
1504 1482 1515 1502 ,
1548 1454 1619 1505 qui

154 1514 241 1547 tum
270 1510 426 1560 regibus
453 1509 533 1547 suis
560 1509 771 1559 parebant,
798 1508 986 1546 meminit.
1044 1509 1151 1547 unde
1179 1523 1258 1559 quo
1279 1510 1367 1547 loco
1389 1510 1495 1549 idem
1519 1512 1617 1549 scri-

154 1566 449 1617 ptorffprimam
477 1565 735 1603 Turcicorum
768 1565 1023 1603 Sultanorum
1054 1565 1241 1616 originem
1269 1575 1464 1615 recenset,
1492 1567 1617 1605 Deca-

155 1635 246 1660 cum
273 1621 560 1673 Tangrolipecis
596 1622 764 1662 abavum
794 1621 921 1659 tradit
954 1621 1217 1671 gratissimum
1244 1622 1364 1659 fuisse
1394 1622 1638 1662 Turcorum'

153 1677 252 1729 regi,
281 1679 379 1717 adeo
396 1683 443 1716 ut
459 1678 541 1716 eius
557 1683 741 1716 uteretur
758 1677 822 1715 ille
841 1677 1023 1715 consiliis.
1082 1691 1133 1716 ex
1151 1678 1292 1728 quibus
1311 1692 1355 1715 ea
1374 1680 1491 1717 etiam
1510 1686 1616 1717 tem-

153 1740 305 1787 pestate
320 1736 470 1772 Turcos
486 1733 642 1783 regibus
662 1734 742 1772 suis
758 1734 933 1785 paruisse
951 1739 1118 1772 constat.
1176 1741 1379 1786 praeterea
1401 1735 1614 1787 Theopha-

154 1803 224 1829 nes
246 1790 292 1830 A.
310 1793 394 1834 732
412 1790 635 1828 describens
651 1790 827 1828 Arabum
845 1789 1135 1841 expeditionem
1162 1790 1205 1827 in
1231 1791 1399 1839 Tureos,
1437 1792 1493 1830 ait
1524 1792 1615 1829 Ma-

155 1847 388 1896 salmanem,
426 1846 621 1884 Hasciami
649 1846 832 1896 Caliphae
863 1846 1047 1894 fratrem,
1076 1846 1293 1884 exercitum
1329 1847 1540 1886 adduxisse
1570 1851 1614 1886 in

154 1903 359 1952 :rm-eiam,
390 1908 430 1940 et
454 1915 544 1941 cum
569 1902 647 1939 iam
666 1908 801 1953 portas
821 1902 977 1953 Caspias
998 1901 1211 1952 attigisset,
1241 1910 1467 1955 correptum
1490 1911 1613 1954 metu,

152 1966 262 1999 retro
290 1959 458 1999 cessisse.
514 1963 668 1997 constat
689 1971 784 1997 vero
802 1963 937 2009 portas
959 1958 1115 2009 Caspias
1135 1971 1158 1994 a
1177 1958 1301 1997 Plinio
1322 1966 1363 1997 et
1384 1961 1612 2012 geographis
1634 1962 1664 1996 P
1686 1963 1756 1998 200

153 2018 196 2055 in
222 2017 336 2066 Asia,
365 2015 534 2054 Mediam
555 2015 661 2053 inter
691 2021 732 2059 et
761 2014 963 2052 Parthiam
991 2015 1107 2065 poni,
1136 2015 1303 2065 proinde
1333 2015 1443 2054 haud
1468 2018 1611 2068 procul

154 2073 203 2111 ab
231 2073 320 2111 Oxo
349 2072 533 2120 flumine,
563 2071 615 2109 ad
643 2084 759 2122 quem
782 2070 1021 2109 inhabitasse
1053 2071 1203 2108 Tulcos
1226 2085 1323 2110 mox
1348 2074 1610 2126 ostendemus,

152 2130 195 2168 in
222 2129 407 2167 extremis
439 2101 647 2167 Persarum
682 2127 920 2177 confinibus,
959 2127 1002 2168 ἐν
1034 2131 1118 2174 τοῖς
1151 2123 1289 2180 οἷκροῒς
1314 2145 1395 2168 των
1425 2133 1610 2183 Περσῶν,

151 2186 221 2225 ubi
237 2187 504 2225 Turcomanos
525 2184 665 2223 statuit
680 2183 907 2236 Acropolita
925 2197 959 2222 c.
976 2183 1041 2226 65.
1071 2196 1109 2222 v.
1126 2183 1350 2222 Albericum
1372 2185 1417 2226 A.
1440 2187 1559 2228 1059

264 2256 303 2294 p.
322 2246 376 2284 26
399 2254 438 2281 v.
459 2242 498 2284 4.
555 2237 884 2295 γαλακτοφάγον]
914 2240 1132 2280 willelmus
1161 2241 1303 2291 Tyrius
1331 2241 1407 2281 1.1
1444 2255 1474 2280 e.
1500 2245 1526 2283 7
1561 2242 1610 2280 de

153 2299 429 2338 Turcomanis·
458 2311 559 2349 gens
577 2299 706 2349 igitur
730 2299 968 2345 Tarcorum,
995 2312 1064 2334 seu
1091 2297 1452 2346 Tarcomanorum‚
1486 2296 1610 2352 (nam

154 2355 205 2393 ab
234 2354 366 2393 eodem
393 2354 546 2392 Izabzier
549 2362 624 2392 unt
652 2355 872 2406 originem)
913 2353 965 2391 ab
999 2354 1118 2391 initio
1149 2355 1472 2404 septentrionalis
1496 2355 1608 2405 suit,

155 2413 316 2449 inculta
339 2412 522 2462 penitus,
551 2418 589 2448 et
620 2418 767 2448 certam
797 2425 877 2448 non
900 2409 1048 2447 habens
1076 2408 1218 2448 sedem.
1276 2410 1536 2461 vagabantur
1551 2420 1608 2449 et-

154 2470 280 2518 enim,
307 2475 345 2505 et
350 2469 510 2520 passim
528 2467 928 2519 circumfirebantur,
949 2479 1203 2517 pascuorum
1217 2474 1410 2504 sectantes
1431 2481 1607 2505 commo-

153 2523 340 2574 ditatem,
369 2539 451 2563 non
466 2524 652 2562 habentes
672 2524 811 2573 urbes,
839 2523 904 2562 vel
921 2521 1095 2574 oppida,
1122 2523 1188 2561 vel
1208 2523 1365 2561 alicubi
1383 2532 1606 2562 manentem

153 2581 369 2623 civitatem.
426 2586 467 2619 et
482 2580 603 2619 infra:
634 2582 853 2632 migrantes
870 2586 1005 2617 autem
1020 2581 1249 2617 universam
1262 2594 1394 2617 secum
1413 2581 1606 2618 substan-

154 2638 256 2675 tiam
283 2637 598 2689 transferebant,
623 2639 795 2688 equitia,
822 2650 983 2688 greges,
1012 2642 1048 2673 et
1076 2643 1281 2686 armenta,
1310 2651 1445 2675 servos
1465 2645 1503 2675 et
1524 2651 1603 2675 an-

154 2693 297 2742 cillas,
323 2709 420 2732 nam
444 2701 481 2732 et
513 2696 558 2732 in
589 2694 655 2732 his
683 2708 818 2731 eorum
846 2707 956 2731 omne
984 2692 1222 2730 consistebat
1248 2694 1474 2744 peculium,
1504 2708 1603 2731 nus-

153 2763 279 2801 quam
294 2751 574 2802 agriculturae
594 2749 736 2788 dantes
755 2764 915 2802 operam
927 2779 938 2799 ,
967 2755 1040 2789 etc.
1097 2749 1158 2787 his
1178 2757 1436 2789 consentanea
1454 2750 1602 2788 habent

152 2805 316 2845 Iacobus
337 2806 386 2844 de
407 2807 577 2846 vitriaco
598 2808 624 2845 l.
646 2811 681 2848 1.
704 2821 735 2845 c.
756 2811 802 2849 11
815 2836 825 2856 ,
855 2812 994 2844 auctor
1013 2805 1116 2846 Hist.
1137 2805 1288 2845 Hieros.
1308 2821 1346 2859 p.
1371 2810 1472 2850 1161
1486 2836 1496 2855 ‚
1527 2817 1599 2843 au-

152 2867 238 2902 ctor
253 2862 424 2915 expedit.
445 2862 564 2903 Asiat.
585 2864 737 2904 Frider.
764 2867 782 2905 1
804 2876 843 2915 p.
863 2866 920 2905 78
938 2869 978 2900 et
1000 2862 1194 2902 Aithonus
1215 2877 1249 2905 c.
1270 2866 1310 2904 2.
