<?xml version="1.0" encoding="UTF-8"?>
<!DOCTYPE html PUBLIC "-//W3C//DTD XHTML 1.0 Transitional//EN"
    "http://www.w3.org/TR/xhtml1/DTD/xhtml1-transitional.dtd">
<html xmlns="http://www.w3.org/1999/xhtml" xml:lang="en" lang="en">
 <head>
  <title>
</title>
<meta http-equiv="Content-Type" content="text/html;charset=utf-8" />
  <meta name='ocr-system' content='tesseract 3.04.00' />
  <meta name='ocr-capabilities' content='ocr_page ocr_carea ocr_par ocr_line ocrx_word'/>
</head>
<body>
  <div class='ocr_page' id='page_1' title='image "./corpusscriptorum26niebuoft_0587.png"; bbox 0 0 1878 3262; ppageno 0'>
   <div class='ocr_carea' id='block_1_1' title="bbox 540 186 1625 235">
    <p class='ocr_par' dir='ltr' id='par_1_1' title="bbox 540 186 1625 235">
     <span class='ocr_line' id='line_1_1' title="bbox 540 186 1625 235; baseline 0.003 -3"><span class='ocrx_word' id='word_1_1' title='bbox 540 188 1082 234; x_wconf 83' lang='lat' dir='ltr'>COMMENTARIORUM</span> <span class='ocrx_word' id='word_1_2' title='bbox 1105 188 1155 232; x_wconf 90' lang='lat' dir='ltr'><strong>L.</strong></span> <span class='ocrx_word' id='word_1_3' title='bbox 1177 186 1252 232; x_wconf 90' lang='grc' dir='ltr'><strong>ΠΙ.</strong></span> <span class='ocrx_word' id='word_1_4' title='bbox 1526 189 1625 235; x_wconf 78' lang='lat'><strong>127</strong></span> 
     </span>
    </p>
   </div>
   <div class='ocr_carea' id='block_1_2' title="bbox 107 300 1746 1875">
    <p class='ocr_par' dir='ltr' id='par_1_2' title="bbox 107 300 1746 1875">
     <span class='ocr_line' id='line_1_2' title="bbox 167 300 1622 359; baseline -0.003 -9"><span class='ocrx_word' id='word_1_5' title='bbox 167 307 213 350; x_wconf 80' lang='grc' dir='ltr'><strong>τὸ</strong></span> <span class='ocrx_word' id='word_1_6' title='bbox 244 303 314 350; x_wconf 83' lang='grc' dir='ltr'><strong>τόν</strong></span> <span class='ocrx_word' id='word_1_7' title='bbox 342 320 382 346; x_wconf 86' lang='grc' dir='ltr'><strong>τε</strong></span> <span class='ocrx_word' id='word_1_8' title='bbox 411 303 583 357; x_wconf 82' lang='grc' dir='ltr'><em>βασιλέα</em></span> <span class='ocrx_word' id='word_1_9' title='bbox 615 306 682 347; x_wconf 80' lang='grc' dir='ltr'><em>καὶ</em></span> <span class='ocrx_word' id='word_1_10' title='bbox 713 306 840 346; x_wconf 79' lang='grc' dir='ltr'><em>δοῧκα</em></span> <span class='ocrx_word' id='word_1_11' title='bbox 872 306 940 347; x_wconf 85' lang='grc' dir='ltr'><em>καὶ</em></span> <span class='ocrx_word' id='word_1_12' title='bbox 965 302 1152 347; x_wconf 73' lang='grc' dir='ltr'><em>σύνευνον</em></span> <span class='ocrx_word' id='word_1_13' title='bbox 1173 303 1298 359; x_wconf 74' lang='grc' dir='ltr'><em>αὐτῆς</em></span> <span class='ocrx_word' id='word_1_14' title='bbox 1317 304 1384 346; x_wconf 82' lang='grc' dir='ltr'><em>καὶ</em></span> <span class='ocrx_word' id='word_1_15' title='bbox 1405 300 1455 358; x_wconf 68' lang='grc' dir='ltr'><em>ἣν</em></span> <span class='ocrx_word' id='word_1_16' title='bbox 1477 300 1577 357; x_wconf 74' lang='grc' dir='ltr'><em>εἶχεν</em></span> <span class='ocrx_word' id='word_1_17' title='bbox 1600 302 1622 346; x_wconf 82' lang='grc' dir='ltr'><em>ὃ</em></span> 
     </span>
     <span class='ocr_line' id='line_1_3' title="bbox 167 371 1674 431; baseline -0.003 -13"><span class='ocrx_word' id='word_1_18' title='bbox 167 371 436 428; x_wconf 81' lang='grc' dir='ltr'><em>Βοτανειάτης</em></span> <span class='ocrx_word' id='word_1_19' title='bbox 458 375 500 416; x_wconf 73' lang='grc' dir='ltr'><strong>ἐκ</strong></span> <span class='ocrx_word' id='word_1_20' title='bbox 522 374 708 431; x_wconf 75' lang='grc' dir='ltr'><strong><em>δευτέρου</em></strong></span> <span class='ocrx_word' id='word_1_21' title='bbox 730 375 975 415; x_wconf 80' lang='grc' dir='ltr'><em>συνοικεσιόυ</em></span> <span class='ocrx_word' id='word_1_22' title='bbox 998 372 1199 427; x_wconf 80' lang='grc' dir='ltr'><em>ὃμευνέτιν</em></span> <span class='ocrx_word' id='word_1_23' title='bbox 1221 373 1277 416; x_wconf 64' lang='grc' dir='ltr'><strong>ἔτι</strong></span> <span class='ocrx_word' id='word_1_24' title='bbox 1297 376 1356 430; x_wconf 73' lang='grc' dir='ltr'><strong>τῷ</strong></span> <span class='ocrx_word' id='word_1_25' title='bbox 1377 374 1455 430; x_wconf 80' lang='grc' dir='ltr'><strong>βίῳ</strong></span> <span class='ocrx_word' id='word_1_26' title='bbox 1475 379 1620 429; x_wconf 84' lang='grc' dir='ltr'><em>περιεΐ-</em></span> <span class='ocrx_word' id='word_1_27' title='bbox 1644 375 1674 409; x_wconf 83' lang='lat' dir='ltr'>C</span> 
     </span>
     <span class='ocr_line' id='line_1_4' title="bbox 166 440 1626 499; baseline -0.003 -12"><span class='ocrx_word' id='word_1_28' title='bbox 166 463 256 495; x_wconf 86' lang='grc' dir='ltr'><em>ναι,</em></span> <span class='ocrx_word' id='word_1_29' title='bbox 300 442 536 499; x_wconf 76' lang='grc' dir='ltr'><em>συναγαγὼν</em></span> <span class='ocrx_word' id='word_1_30' title='bbox 565 441 708 484; x_wconf 69' lang='grc' dir='ltr'><em>ἑαυτὸν</em></span> <span class='ocrx_word' id='word_1_31' title='bbox 737 443 803 483; x_wconf 84' lang='grc' dir='ltr'><em>καὶ</em></span> <span class='ocrx_word' id='word_1_32' title='bbox 837 442 956 497; x_wconf 71' lang='grc' dir='ltr'><em>γνοὺς</em></span> <span class='ocrx_word' id='word_1_33' title='bbox 986 440 1063 496; x_wconf 84' lang='grc' dir='ltr'><strong>ὅπη</strong></span> <span class='ocrx_word' id='word_1_34' title='bbox 1096 446 1223 484; x_wconf 82' lang='grc' dir='ltr'><em>κακοῦ</em></span> <span class='ocrx_word' id='word_1_35' title='bbox 1253 442 1415 499; x_wconf 76' lang='grc' dir='ltr'><em>φέρεται</em></span> <span class='ocrx_word' id='word_1_36' title='bbox 1445 443 1626 495; x_wconf 79' lang='grc' dir='ltr'><em>μοιχείαν</em></span> 
     </span>
     <span class='ocr_line' id='line_1_5' title="bbox 167 508 1629 568; baseline -0.001 -14"><span class='ocrx_word' id='word_1_37' title='bbox 167 511 253 566; x_wconf 77' lang='grc' dir='ltr'><strong>ἅμα</strong></span> <span class='ocrx_word' id='word_1_38' title='bbox 274 513 342 553; x_wconf 84' lang='grc' dir='ltr'><em>καὶ</em></span> <span class='ocrx_word' id='word_1_39' title='bbox 361 513 575 568; x_wconf 88' lang='grc' dir='ltr'><em>τριγαμιάν</em></span> <span class='ocrx_word' id='word_1_40' title='bbox 599 511 784 566; x_wconf 70' lang='grc' dir='ltr'><em>εὐλογῶν,</em></span> <span class='ocrx_word' id='word_1_41' title='bbox 811 508 1051 564; x_wconf 83' lang='grc' dir='ltr'><em>ἀνεβάλλετο</em></span> <span class='ocrx_word' id='word_1_42' title='bbox 1071 511 1171 561; x_wconf 83' lang='grc' dir='ltr'><em>τέως</em></span> <span class='ocrx_word' id='word_1_43' title='bbox 1191 511 1264 565; x_wconf 83' lang='grc' dir='ltr'><strong>τὴν</strong></span> <span class='ocrx_word' id='word_1_44' title='bbox 1285 512 1328 552; x_wconf 72' lang='grc' dir='ltr'><strong>ἐκ</strong></span> <span class='ocrx_word' id='word_1_45' title='bbox 1350 515 1423 552; x_wconf 82' lang='grc' dir='ltr'><strong>τοῦ</strong></span> <span class='ocrx_word' id='word_1_46' title='bbox 1443 508 1629 564; x_wconf 75' lang='grc' dir='ltr'><em>βήματος</em></span> 
     </span>
     <span class='ocr_line' id='line_1_6' title="bbox 132 577 1629 638; baseline 0 -16"><span class='ocrx_word' id='word_1_47' title='bbox 132 592 154 628; x_wconf 84' lang='grc'><strong><em>5</em></strong></span> <span class='ocrx_word' id='word_1_48' title='bbox 168 579 362 638; x_wconf 77' lang='grc' dir='ltr'><em>πρόοδον,</em></span> <span class='ocrx_word' id='word_1_49' title='bbox 398 586 516 623; x_wconf 82' lang='grc' dir='ltr'><em>τοῦτο</em></span> <span class='ocrx_word' id='word_1_50' title='bbox 539 578 794 633; x_wconf 76' lang='grc' dir='ltr'><em>θεασάμενος</em></span> <span class='ocrx_word' id='word_1_51' title='bbox 817 581 884 621; x_wconf 81' lang='grc' dir='ltr'><em>καὶ</em></span> <span class='ocrx_word' id='word_1_52' title='bbox 907 577 1208 634; x_wconf 88' lang='grc' dir='ltr'><em>στοχασάμενος</em></span> <span class='ocrx_word' id='word_1_53' title='bbox 1231 584 1304 622; x_wconf 82' lang='grc' dir='ltr'><strong>τοῦ</strong></span> <span class='ocrx_word' id='word_1_54' title='bbox 1326 579 1539 634; x_wconf 80' lang='grc' dir='ltr'><em>ὃχλοῦντος</em></span> <span class='ocrx_word' id='word_1_55' title='bbox 1559 579 1629 622; x_wconf 82' lang='grc' dir='ltr'><strong>τὸν</strong></span> 
     </span>
     <span class='ocr_line' id='line_1_7' title="bbox 164 642 1629 708; baseline -0.001 -17"><span class='ocrx_word' id='word_1_56' title='bbox 164 650 271 707; x_wconf 76' lang='grc' dir='ltr'><em>ἱερέα</em></span> <span class='ocrx_word' id='word_1_57' title='bbox 304 653 498 705; x_wconf 80' lang='grc' dir='ltr'><em>λογισμοῦ</em></span> <span class='ocrx_word' id='word_1_58' title='bbox 531 649 572 691; x_wconf 72' lang='grc' dir='ltr'><em>ἓν</em></span> <span class='ocrx_word' id='word_1_59' title='bbox 596 649 747 708; x_wconf 71' lang='grc' dir='ltr'><em>ἀγωνίᾳ</em></span> <span class='ocrx_word' id='word_1_60' title='bbox 769 642 819 703; x_wconf 68' lang='grc' dir='ltr'><strong>’ἦν</strong></span> <span class='ocrx_word' id='word_1_61' title='bbox 841 647 899 703; x_wconf 87' lang='grc' dir='ltr'><em>μὴ</em></span> <span class='ocrx_word' id='word_1_62' title='bbox 922 648 996 702; x_wconf 80' lang='grc' dir='ltr'><strong>τὴν</strong></span> <span class='ocrx_word' id='word_1_63' title='bbox 1015 650 1255 703; x_wconf 75' lang='grc' dir='ltr'><em>τελουμένην</em></span> <span class='ocrx_word' id='word_1_64' title='bbox 1276 650 1492 703; x_wconf 71' lang='grc' dir='ltr'><em>μνηστείαν</em></span> <span class='ocrx_word' id='word_1_65' title='bbox 1517 647 1629 690; x_wconf 77' lang='grc' dir='ltr'><em>λύσει</em></span> 
     </span>
     <span class='ocr_line' id='line_1_8' title="bbox 163 712 1626 775; baseline -0.001 -15"><span class='ocrx_word' id='word_1_66' title='bbox 163 716 185 760; x_wconf 81' lang='grc' dir='ltr'><strong>ὅ</strong></span> <span class='ocrx_word' id='word_1_67' title='bbox 207 716 458 775; x_wconf 76' lang='grc' dir='ltr'><em>πατριάρχης</em></span> <span class='ocrx_word' id='word_1_68' title='bbox 480 718 711 767; x_wconf 62' lang='lat' dir='ltr'><strong>{ymno-‘mg</strong></span> <span class='ocrx_word' id='word_1_69' title='bbox 735 719 824 773; x_wconf 82' lang='grc' dir='ltr'><em>περὶ</em></span> <span class='ocrx_word' id='word_1_70' title='bbox 853 715 996 760; x_wconf 85' lang='grc' dir='ltr'><em>τούτου</em></span> <span class='ocrx_word' id='word_1_71' title='bbox 1028 719 1095 759; x_wconf 81' lang='grc' dir='ltr'><em>καὶ</em></span> <span class='ocrx_word' id='word_1_72' title='bbox 1127 712 1251 768; x_wconf 65' lang='grc' dir='ltr'><em>αὖθις</em></span> <span class='ocrx_word' id='word_1_73' title='bbox 1272 717 1374 774; x_wconf 82' lang='grc' dir='ltr'><em>πρὸς</em></span> <span class='ocrx_word' id='word_1_74' title='bbox 1395 717 1468 772; x_wconf 81' lang='grc' dir='ltr'><strong>τὴν</strong></span> <span class='ocrx_word' id='word_1_75' title='bbox 1492 717 1626 759; x_wconf 74' lang='grc' dir='ltr'><em>Εὔδο-</em></span> 
     </span>
     <span class='ocr_line' id='line_1_9' title="bbox 163 785 1629 844; baseline -0.001 -15"><span class='ocrx_word' id='word_1_76' title='bbox 163 789 253 829; x_wconf 88' lang='grc' dir='ltr'><em>κίαν</em></span> <span class='ocrx_word' id='word_1_77' title='bbox 274 786 494 830; x_wconf 73' lang='grc' dir='ltr'><em>ἄπονεύσει.</em></span> <span class='ocrx_word' id='word_1_78' title='bbox 565 785 722 844; x_wconf 79' lang='grc' dir='ltr'><em>φράσαι</em></span> <span class='ocrx_word' id='word_1_79' title='bbox 754 787 798 828; x_wconf 79' lang='grc' dir='ltr'><strong>δὲ</strong></span> <span class='ocrx_word' id='word_1_80' title='bbox 829 786 875 828; x_wconf 85' lang='grc' dir='ltr'><strong>τὸ</strong></span> <span class='ocrx_word' id='word_1_81' title='bbox 907 786 1107 842; x_wconf 85' lang='grc' dir='ltr'><em>βουλητὸν</em></span> <span class='ocrx_word' id='word_1_82' title='bbox 1140 787 1209 828; x_wconf 75' lang='grc' dir='ltr'><strong>διὰ</strong></span> <span class='ocrx_word' id='word_1_83' title='bbox 1237 787 1332 837; x_wconf 79' lang='grc' dir='ltr'><em>τοὺς</em></span> <span class='ocrx_word' id='word_1_84' title='bbox 1361 790 1629 843; x_wconf 78' lang='grc' dir='ltr'><em>περιεστῶτας</em></span> 
     </span>
     <span class='ocr_line' id='line_1_10' title="bbox 161 853 1630 914; baseline 0 -18"><span class='ocrx_word' id='word_1_85' title='bbox 161 856 220 910; x_wconf 85' lang='grc' dir='ltr'><em>μὴ</em></span> <span class='ocrx_word' id='word_1_86' title='bbox 240 855 373 897; x_wconf 75' lang='grc' dir='ltr'><em>θέλων</em></span> <span class='ocrx_word' id='word_1_87' title='bbox 394 855 495 914; x_wconf 84' lang='grc' dir='ltr'><em>πρὸς</em></span> <span class='ocrx_word' id='word_1_88' title='bbox 523 855 594 898; x_wconf 83' lang='grc' dir='ltr'><strong>τὸν</strong></span> <span class='ocrx_word' id='word_1_89' title='bbox 614 855 774 911; x_wconf 68' lang='grc' dir='ltr'><em>ἔκγονον</em></span> <span class='ocrx_word' id='word_1_90' title='bbox 795 855 922 897; x_wconf 75' lang='grc' dir='ltr'><em>αὐτοῦ’</em></span> <span class='ocrx_word' id='word_1_91' title='bbox 943 855 1120 909; x_wconf 78' lang='grc' dir='ltr'><em>Μιχαὴλ</em></span> <span class='ocrx_word' id='word_1_92' title='bbox 1143 854 1213 897; x_wconf 80' lang='grc' dir='ltr'><strong>τὸν</strong></span> <span class='ocrx_word' id='word_1_93' title='bbox 1236 853 1380 897; x_wconf 78' lang='grc' dir='ltr'><em>Λούκα</em></span> <span class='ocrx_word' id='word_1_94' title='bbox 1401 857 1630 904; x_wconf 75' lang='grc' dir='ltr'><em>ἕνατενίσας</em></span> 
     </span>
     <span class='ocr_line' id='line_1_11' title="bbox 111 922 1629 981; baseline -0.002 -14"><span class='ocrx_word' id='word_1_95' title='bbox 111 923 232 967; x_wconf 77' lang='grc' dir='ltr'><strong>1οὃιὰ</strong></span> <span class='ocrx_word' id='word_1_96' title='bbox 256 928 328 965; x_wconf 85' lang='grc' dir='ltr'><strong>τοῦ</strong></span> <span class='ocrx_word' id='word_1_97' title='bbox 353 926 590 979; x_wconf 77' lang='grc' dir='ltr'><em>βλέμματος</em></span> <span class='ocrx_word' id='word_1_98' title='bbox 620 924 666 966; x_wconf 84' lang='grc' dir='ltr'><strong>τὸ</strong></span> <span class='ocrx_word' id='word_1_99' title='bbox 695 922 924 981; x_wconf 74' lang='grc' dir='ltr'><em>ἀπόρρητον</em></span> <span class='ocrx_word' id='word_1_100' title='bbox 955 922 1285 978; x_wconf 72' lang='grc' dir='ltr'><em>ἐπισημήνασθαι</em></span> <span class='ocrx_word' id='word_1_101' title='bbox 1318 923 1484 979; x_wconf 70' lang='grc' dir='ltr'><em>ἤθελεν·</em></span> <span class='ocrx_word' id='word_1_102' title='bbox 1535 922 1556 965; x_wconf 84' lang='grc' dir='ltr'><em>ὃ</em></span> <span class='ocrx_word' id='word_1_103' title='bbox 1584 924 1629 964; x_wconf 73' lang='grc' dir='ltr'><strong>δὲ</strong></span> 
     </span>
     <span class='ocr_line' id='line_1_12' title="bbox 162 987 1628 1049; baseline -0.001 -15"><span class='ocrx_word' id='word_1_104' title='bbox 162 993 320 1042; x_wconf 82' lang='grc' dir='ltr'><em>νεανίας</em></span> <span class='ocrx_word' id='word_1_105' title='bbox 355 987 472 1044; x_wconf 69' lang='grc' dir='ltr'><em>οὗτος</em></span> <span class='ocrx_word' id='word_1_106' title='bbox 503 993 578 1048; x_wconf 83' lang='grc' dir='ltr'><strong>τὴν</strong></span> <span class='ocrx_word' id='word_1_107' title='bbox 608 992 811 1047; x_wconf 78' lang='grc' dir='ltr'><em>ἀναβολὴν</em></span> <span class='ocrx_word' id='word_1_108' title='bbox 843 996 917 1034; x_wconf 80' lang='grc' dir='ltr'><strong>τοῦ</strong></span> <span class='ocrx_word' id='word_1_109' title='bbox 947 992 1082 1049; x_wconf 80' lang='grc' dir='ltr'><em>ἱερέως</em></span> <span class='ocrx_word' id='word_1_110' title='bbox 1107 989 1211 1048; x_wconf 81' lang='grc' dir='ltr'><em>ὅρῶν</em></span> <span class='ocrx_word' id='word_1_111' title='bbox 1233 992 1300 1032; x_wconf 82' lang='grc' dir='ltr'><em>καὶ</em></span> <span class='ocrx_word' id='word_1_112' title='bbox 1327 992 1372 1032; x_wconf 84' lang='grc' dir='ltr'><strong>τὸ</strong></span> <span class='ocrx_word' id='word_1_113' title='bbox 1404 995 1460 1041; x_wconf 78' lang='grc' dir='ltr'><strong>εἷς</strong></span> <span class='ocrx_word' id='word_1_114' title='bbox 1483 990 1628 1033; x_wconf 72' lang='grc' dir='ltr'><em>ἑαυτὸν</em></span> 
     </span>
     <span class='ocr_line' id='line_1_13' title="bbox 160 1059 1677 1119; baseline -0.002 -17"><span class='ocrx_word' id='word_1_115' title='bbox 160 1061 324 1115; x_wconf 84' lang='grc' dir='ltr'><em>βλέμμα</em></span> <span class='ocrx_word' id='word_1_116' title='bbox 354 1066 427 1103; x_wconf 81' lang='grc' dir='ltr'><strong>τοῦ</strong></span> <span class='ocrx_word' id='word_1_117' title='bbox 461 1063 656 1119; x_wconf 83' lang='grc' dir='ltr'><em>καίσαρος</em></span> <span class='ocrx_word' id='word_1_118' title='bbox 683 1065 837 1118; x_wconf 78' lang='grc' dir='ltr'><em>γοργῶς</em></span> <span class='ocrx_word' id='word_1_119' title='bbox 865 1064 1008 1115; x_wconf 83' lang='grc' dir='ltr'><em>συνῆκε</em></span> <span class='ocrx_word' id='word_1_120' title='bbox 1034 1060 1080 1102; x_wconf 84' lang='grc' dir='ltr'><strong>τὸ</strong></span> <span class='ocrx_word' id='word_1_121' title='bbox 1102 1061 1214 1111; x_wconf 75' lang='grc' dir='ltr'><em>δέον,</em></span> <span class='ocrx_word' id='word_1_122' title='bbox 1250 1061 1316 1102; x_wconf 85' lang='grc' dir='ltr'><em>καὶ</em></span> <span class='ocrx_word' id='word_1_123' title='bbox 1341 1059 1466 1109; x_wconf 74' lang='grc' dir='ltr'><em>εὐθὺς</em></span> <span class='ocrx_word' id='word_1_124' title='bbox 1486 1060 1619 1116; x_wconf 72' lang='grc' dir='ltr'><em>ἕτερον</em></span> <span class='ocrx_word' id='word_1_125' title='bbox 1643 1063 1677 1099; x_wconf 87' lang='lat' dir='ltr'>D</span> 
     </span>
     <span class='ocr_line' id='line_1_14' title="bbox 163 1126 1622 1186; baseline -0.001 -15"><span class='ocrx_word' id='word_1_126' title='bbox 163 1130 270 1186; x_wconf 76' lang='grc' dir='ltr'><em>ἱερέα</em></span> <span class='ocrx_word' id='word_1_127' title='bbox 304 1128 522 1184; x_wconf 68' lang='grc' dir='ltr'><em>ἑτοιμάσας</em></span> <span class='ocrx_word' id='word_1_128' title='bbox 551 1130 622 1172; x_wconf 87' lang='grc' dir='ltr'><strong>τὸν</strong></span> <span class='ocrx_word' id='word_1_129' title='bbox 653 1130 726 1184; x_wconf 84' lang='grc' dir='ltr'><strong>τὴν</strong></span> <span class='ocrx_word' id='word_1_130' title='bbox 758 1131 975 1184; x_wconf 80' lang='grc' dir='ltr'><em>μνηστείαν</em></span> <span class='ocrx_word' id='word_1_131' title='bbox 996 1129 1208 1171; x_wconf 86' lang='grc' dir='ltr'><em>τελέσοντα</em></span> <span class='ocrx_word' id='word_1_132' title='bbox 1228 1129 1326 1178; x_wconf 86' lang='grc' dir='ltr'><em>τέως</em></span> <span class='ocrx_word' id='word_1_133' title='bbox 1347 1126 1447 1182; x_wconf 80' lang='grc' dir='ltr'><em>εἶχεν</em></span> <span class='ocrx_word' id='word_1_134' title='bbox 1469 1128 1622 1184; x_wconf 76' lang='grc' dir='ltr'><em>ἀφανῆ,</em></span> 
     </span>
     <span class='ocr_line' id='line_1_15' title="bbox 162 1195 1623 1258; baseline -0.001 -18"><span class='ocrx_word' id='word_1_135' title='bbox 162 1198 284 1248; x_wconf 77' lang='grc' dir='ltr'><em>αὐτὸς</em></span> <span class='ocrx_word' id='word_1_136' title='bbox 303 1199 346 1240; x_wconf 79' lang='grc' dir='ltr'><strong>δὲ</strong></span> <span class='ocrx_word' id='word_1_137' title='bbox 371 1203 429 1258; x_wconf 74' lang='grc' dir='ltr'><strong>τῷ</strong></span> <span class='ocrx_word' id='word_1_138' title='bbox 447 1201 731 1256; x_wconf 81' lang='grc' dir='ltr'><em>θυσιαστηρίῳ</em></span> <span class='ocrx_word' id='word_1_139' title='bbox 754 1196 981 1254; x_wconf 82' lang='grc' dir='ltr'><em>πλησιάσας</em></span> <span class='ocrx_word' id='word_1_140' title='bbox 1003 1201 1287 1254; x_wconf 78' lang='grc' dir='ltr'><em>προσκαλεῖται</em></span> <span class='ocrx_word' id='word_1_141' title='bbox 1308 1196 1378 1240; x_wconf 85' lang='grc' dir='ltr'><strong>τὸν</strong></span> <span class='ocrx_word' id='word_1_142' title='bbox 1397 1195 1623 1254; x_wconf 80' lang='grc' dir='ltr'><em>παραιτού-</em></span> 
     </span>
     <span class='ocr_line' id='line_1_16' title="bbox 107 1264 1625 1324; baseline -0.002 -14"><span class='ocrx_word' id='word_1_143' title='bbox 107 1273 151 1310; x_wconf 85' lang='grc'><strong>15</strong></span> <span class='ocrx_word' id='word_1_144' title='bbox 159 1284 280 1322; x_wconf 84' lang='grc' dir='ltr'><em>μενον</em></span> <span class='ocrx_word' id='word_1_145' title='bbox 312 1267 385 1322; x_wconf 82' lang='grc' dir='ltr'><strong>τὴν</strong></span> <span class='ocrx_word' id='word_1_146' title='bbox 418 1269 634 1323; x_wconf 89' lang='grc' dir='ltr'><em>μνηστείαν</em></span> <span class='ocrx_word' id='word_1_147' title='bbox 671 1267 791 1324; x_wconf 78' lang='grc' dir='ltr'><em>ἱερέα.</em></span> <span class='ocrx_word' id='word_1_148' title='bbox 860 1265 882 1309; x_wconf 84' lang='grc' dir='ltr'><strong>ὅ</strong></span> <span class='ocrx_word' id='word_1_149' title='bbox 916 1267 960 1309; x_wconf 79' lang='grc' dir='ltr'><strong>δὲ</strong></span> <span class='ocrx_word' id='word_1_150' title='bbox 990 1265 1236 1309; x_wconf 67' lang='grc' dir='ltr'><em>ἐπυνθάνετο</em></span> <span class='ocrx_word' id='word_1_151' title='bbox 1269 1267 1312 1308; x_wconf 88' lang='grc' dir='ltr'><strong>τί</strong></span> <span class='ocrx_word' id='word_1_152' title='bbox 1335 1264 1384 1308; x_wconf 71' lang='grc' dir='ltr'><em>ἂν</em></span> <span class='ocrx_word' id='word_1_153' title='bbox 1412 1264 1471 1321; x_wconf 66' lang='grc' dir='ltr'><strong>εἴη</strong></span> <span class='ocrx_word' id='word_1_154' title='bbox 1505 1267 1563 1308; x_wconf 68' lang='grc' dir='ltr'><strong>δι’</strong></span> <span class='ocrx_word' id='word_1_155' title='bbox 1599 1264 1625 1307; x_wconf 76' lang='grc' dir='ltr'>ὃ</span> 
     </span>
     <span class='ocr_line' id='line_1_17' title="bbox 160 1334 1623 1393; baseline -0.001 -15"><span class='ocrx_word' id='word_1_156' title='bbox 160 1340 453 1393; x_wconf 76' lang='grc' dir='ltr'><em>προσκαλοῖτο·</em></span> <span class='ocrx_word' id='word_1_157' title='bbox 480 1338 547 1379; x_wconf 84' lang='grc' dir='ltr'><em>καὶ</em></span> <span class='ocrx_word' id='word_1_158' title='bbox 570 1335 614 1386; x_wconf 82' lang='grc' dir='ltr'><strong>ὃς</strong></span> <span class='ocrx_word' id='word_1_159' title='bbox 633 1340 714 1378; x_wconf 79' lang='grc' dir='ltr'><strong>τῶν</strong></span> <span class='ocrx_word' id='word_1_160' title='bbox 731 1335 894 1393; x_wconf 79' lang='grc' dir='ltr'><em>ἆμφίων</em></span> <span class='ocrx_word' id='word_1_161' title='bbox 915 1336 1042 1378; x_wconf 70' lang='grc' dir='ltr'><em>αὐτοῦ</em></span> <span class='ocrx_word' id='word_1_162' title='bbox 1058 1334 1269 1391; x_wconf 76' lang='grc' dir='ltr'><em>ἁψάμενος</em></span> <span class='ocrx_word' id='word_1_163' title='bbox 1289 1336 1505 1390; x_wconf 73' lang='grc' dir='ltr'><em>μεθίστησι</em></span> <span class='ocrx_word' id='word_1_164' title='bbox 1526 1338 1623 1376; x_wconf 84' lang='grc' dir='ltr'><strong>τοῦ-</strong></span> 
     </span>
     <span class='ocr_line' id='line_1_18' title="bbox 160 1403 1625 1464; baseline -0.001 -17"><span class='ocrx_word' id='word_1_165' title='bbox 160 1421 231 1447; x_wconf 85' lang='grc' dir='ltr'><strong>τον</strong></span> <span class='ocrx_word' id='word_1_166' title='bbox 252 1407 404 1449; x_wconf 71' lang='grc' dir='ltr'><em>ἐκεῖθεν</em></span> <span class='ocrx_word' id='word_1_167' title='bbox 423 1406 579 1464; x_wconf 75' lang='grc' dir='ltr'><em>ἠρέμα,</em></span> <span class='ocrx_word' id='word_1_168' title='bbox 624 1403 844 1461; x_wconf 81' lang='grc' dir='ltr'><em>ἀντεισάγει</em></span> <span class='ocrx_word' id='word_1_169' title='bbox 867 1405 911 1446; x_wconf 77' lang='grc' dir='ltr'><strong>δὲ</strong></span> <span class='ocrx_word' id='word_1_170' title='bbox 930 1404 1000 1447; x_wconf 84' lang='grc' dir='ltr'><strong>τὸν</strong></span> <span class='ocrx_word' id='word_1_171' title='bbox 1021 1405 1175 1462; x_wconf 68' lang='grc' dir='ltr'><em>ἕτερον,</em></span> <span class='ocrx_word' id='word_1_172' title='bbox 1219 1403 1264 1455; x_wconf 82' lang='grc' dir='ltr'><strong>ὃς</strong></span> <span class='ocrx_word' id='word_1_173' title='bbox 1285 1405 1352 1446; x_wconf 83' lang='grc' dir='ltr'><em>καὶ</em></span> <span class='ocrx_word' id='word_1_174' title='bbox 1373 1404 1446 1459; x_wconf 83' lang='grc' dir='ltr'><strong>τὴν</strong></span> <span class='ocrx_word' id='word_1_175' title='bbox 1469 1404 1625 1461; x_wconf 79' lang='grc' dir='ltr'><em>ἱερολο-</em></span> 
     </span>
     <span class='ocr_line' id='line_1_19' title="bbox 159 1471 1625 1531; baseline 0.001 -17"><span class='ocrx_word' id='word_1_176' title='bbox 159 1475 251 1529; x_wconf 81' lang='grc' dir='ltr'><em>γίαν</em></span> <span class='ocrx_word' id='word_1_177' title='bbox 274 1475 460 1518; x_wconf 77' lang='grc' dir='ltr'><em>ἐτέλεσεν.</em></span> <span class='ocrx_word' id='word_1_178' title='bbox 528 1476 712 1518; x_wconf 68' lang='grc' dir='ltr'><em>ἐντεῦθεν</em></span> <span class='ocrx_word' id='word_1_179' title='bbox 741 1471 763 1516; x_wconf 85' lang='grc' dir='ltr'><strong><em>ὃ</em></strong></span> <span class='ocrx_word' id='word_1_180' title='bbox 794 1480 940 1531; x_wconf 85' lang='grc' dir='ltr'><em>καῖσαρ</em></span> <span class='ocrx_word' id='word_1_181' title='bbox 966 1473 1040 1529; x_wconf 80' lang='grc' dir='ltr'><strong>τὴν</strong></span> <span class='ocrx_word' id='word_1_182' title='bbox 1062 1473 1164 1531; x_wconf 85' lang='grc' dir='ltr'><em>πρὸς</em></span> <span class='ocrx_word' id='word_1_183' title='bbox 1180 1474 1374 1528; x_wconf 78' lang='grc' dir='ltr'><em>βασιλίδα</em></span> <span class='ocrx_word' id='word_1_184' title='bbox 1394 1474 1625 1530; x_wconf 84' lang='grc' dir='ltr'><em>παρρησίαν</em></span> 
     </span>
     <span class='ocr_line' id='line_1_20' title="bbox 161 1541 1655 1599; baseline 0.001 -16"><span class='ocrx_word' id='word_1_185' title='bbox 161 1541 337 1598; x_wconf 62' lang='grc' dir='ltr'><em>ἔσχηκεν.</em></span> <span class='ocrx_word' id='word_1_186' title='bbox 1653 1597 1655 1599; x_wconf 21' lang='lat'>¹</span> 
     </span>
     <span class='ocr_line' id='line_1_21' title="bbox 107 1607 1626 1667; baseline 0 -15"><span class='ocrx_word' id='word_1_187' title='bbox 107 1617 153 1652; x_wconf 77' lang='lat'><strong>20</strong></span> <span class='ocrx_word' id='word_1_188' title='bbox 208 1630 216 1631; x_wconf 55' lang='grc'><em>’</em></span> <span class='ocrx_word' id='word_1_189' title='bbox 299 1612 380 1658; x_wconf 79' lang='grc'><strong>26.</strong></span> <span class='ocrx_word' id='word_1_190' title='bbox 445 1610 535 1654; x_wconf 83' lang='grc' dir='ltr'><strong>Ἐπὶ</strong></span> <span class='ocrx_word' id='word_1_191' title='bbox 565 1608 724 1661; x_wconf 71' lang='grc' dir='ltr'><em>τούτοις</em></span> <span class='ocrx_word' id='word_1_192' title='bbox 753 1607 774 1652; x_wconf 83' lang='grc' dir='ltr'><strong>ὅ</strong></span> <span class='ocrx_word' id='word_1_193' title='bbox 796 1610 1016 1666; x_wconf 76' lang='grc' dir='ltr'><em>λογοθέτης</em></span> <span class='ocrx_word' id='word_1_194' title='bbox 1034 1613 1115 1653; x_wconf 78' lang='grc' dir='ltr'><strong>τῶν</strong></span> <span class='ocrx_word' id='word_1_195' title='bbox 1136 1608 1439 1667; x_wconf 85' lang='grc' dir='ltr'><em>παρακειμένων</em></span> <span class='ocrx_word' id='word_1_196' title='bbox 1462 1611 1530 1652; x_wconf 81' lang='grc' dir='ltr'><em>καὶ</em></span> <span class='ocrx_word' id='word_1_197' title='bbox 1552 1613 1626 1652; x_wconf 81' lang='grc' dir='ltr'><strong>τοῦ</strong></span> 
     </span>
     <span class='ocr_line' id='line_1_22' title="bbox 161 1678 1746 1737; baseline 0 -17"><span class='ocrx_word' id='word_1_198' title='bbox 161 1680 362 1733; x_wconf 81' lang='grc' dir='ltr'><em>βασιλέως</em></span> <span class='ocrx_word' id='word_1_199' title='bbox 383 1680 581 1737; x_wconf 79' lang='grc' dir='ltr'><em>ἀπογνοὺς</em></span> <span class='ocrx_word' id='word_1_200' title='bbox 602 1678 808 1737; x_wconf 70' lang='grc' dir='ltr'><em>ἐξώρμησε</em></span> <span class='ocrx_word' id='word_1_201' title='bbox 831 1678 989 1737; x_wconf 63' lang='grc' dir='ltr'><em>φεύγειν</em></span> <span class='ocrx_word' id='word_1_202' title='bbox 1009 1679 1110 1737; x_wconf 85' lang='grc' dir='ltr'><em>πρὸς</em></span> <span class='ocrx_word' id='word_1_203' title='bbox 1130 1678 1200 1722; x_wconf 85' lang='grc' dir='ltr'><strong>τὸν</strong></span> <span class='ocrx_word' id='word_1_204' title='bbox 1220 1679 1459 1737; x_wconf 84' lang='grc' dir='ltr'><em>Βρυέννιον,</em></span> <span class='ocrx_word' id='word_1_205' title='bbox 1491 1681 1558 1721; x_wconf 84' lang='grc' dir='ltr'><em>καὶ</em></span> <span class='ocrx_word' id='word_1_206' title='bbox 1576 1683 1627 1736; x_wconf 80' lang='grc' dir='ltr'><strong>τῇ</strong></span> <span class='ocrx_word' id='word_1_207' title='bbox 1649 1684 1679 1719; x_wconf 88' lang='lat' dir='ltr'>P</span> <span class='ocrx_word' id='word_1_208' title='bbox 1701 1686 1746 1721; x_wconf 79' lang='lat'><strong>85</strong></span> 
     </span>
     <span class='ocr_line' id='line_1_23' title="bbox 163 1747 1630 1808; baseline 0.001 -20"><span class='ocrx_word' id='word_1_209' title='bbox 163 1750 406 1808; x_wconf 55' lang='grc' dir='ltr'><em>Σηλυμβριίιι</em></span> <span class='ocrx_word' id='word_1_210' title='bbox 434 1748 642 1804; x_wconf 82' lang='grc' dir='ltr'><em>γενόμενος</em></span> <span class='ocrx_word' id='word_1_211' title='bbox 673 1751 741 1790; x_wconf 84' lang='grc' dir='ltr'><em>καὶ</em></span> <span class='ocrx_word' id='word_1_212' title='bbox 771 1753 829 1807; x_wconf 74' lang='grc' dir='ltr'><strong>τῷ</strong></span> <span class='ocrx_word' id='word_1_213' title='bbox 855 1749 1061 1806; x_wconf 80' lang='grc' dir='ltr'><em>Οὖρσελίῳ</em></span> <span class='ocrx_word' id='word_1_214' title='bbox 1093 1747 1397 1808; x_wconf 71' lang='grc' dir='ltr'><em>προσομιλήσας</em></span> <span class='ocrx_word' id='word_1_215' title='bbox 1424 1748 1526 1802; x_wconf 83' lang='grc' dir='ltr'><em>μετὰ</em></span> <span class='ocrx_word' id='word_1_216' title='bbox 1550 1752 1630 1790; x_wconf 80' lang='grc' dir='ltr'><strong>τῶν</strong></span> 
     </span>
     <span class='ocr_line' id='line_1_24' title="bbox 150 1814 1628 1875; baseline 0.001 -18"><span class='ocrx_word' id='word_1_217' title='bbox 150 1814 314 1866; x_wconf 68' lang='grc' dir='ltr'><em>τάξεων</em></span> <span class='ocrx_word' id='word_1_218' title='bbox 337 1818 459 1859; x_wconf 77' lang='grc' dir='ltr'><em>ἓκεΐσε</em></span> <span class='ocrx_word' id='word_1_219' title='bbox 484 1817 585 1873; x_wconf 84' lang='grc' dir='ltr'><em>πρὸς</em></span> <span class='ocrx_word' id='word_1_220' title='bbox 606 1818 733 1859; x_wconf 76' lang='grc' dir='ltr'><em>αὐτοῦ</em></span> <span class='ocrx_word' id='word_1_221' title='bbox 753 1834 795 1859; x_wconf 87' lang='grc' dir='ltr'><strong>τε</strong></span> <span class='ocrx_word' id='word_1_222' title='bbox 818 1819 885 1859; x_wconf 84' lang='grc' dir='ltr'><em>καὶ</em></span> <span class='ocrx_word' id='word_1_223' title='bbox 904 1821 976 1859; x_wconf 84' lang='grc' dir='ltr'><strong>τοῦ</strong></span> <span class='ocrx_word' id='word_1_224' title='bbox 990 1818 1191 1871; x_wconf 82' lang='grc' dir='ltr'><em>βασιλέως</em></span> <span class='ocrx_word' id='word_1_225' title='bbox 1207 1817 1382 1872; x_wconf 81' lang='grc' dir='ltr'><em>Μιχαὴλ</em></span> <span class='ocrx_word' id='word_1_226' title='bbox 1403 1817 1628 1875; x_wconf 71' lang='grc' dir='ltr'><em>πεμφθέντι</em></span> 
     </span>
    </p>
   </div>
   <div class='ocr_carea' id='block_1_3' title="bbox 255 1921 1229 1969">
    <p class='ocr_par' dir='ltr' id='par_1_3' title="bbox 255 1921 1229 1969">
     <span class='ocr_line' id='line_1_25' title="bbox 255 1921 1229 1969; baseline 0.002 -11"><span class='ocrx_word' id='word_1_227' title='bbox 255 1923 290 1958; x_wconf 86' lang='grc'><strong>5.</strong></span> <span class='ocrx_word' id='word_1_228' title='bbox 314 1921 573 1969; x_wconf 78' lang='grc' dir='ltr'><em>θεασάμενος]</em></span> <span class='ocrx_word' id='word_1_229' title='bbox 597 1924 697 1959; x_wconf 84' lang='lat' dir='ltr'><strong>Fort.</strong></span> <span class='ocrx_word' id='word_1_230' title='bbox 724 1924 851 1959; x_wconf 84' lang='lat' dir='ltr'>excidit.</span> <span class='ocrx_word' id='word_1_231' title='bbox 873 1936 994 1959; x_wconf 88' lang='lat' dir='ltr'><strong>nomen</strong></span> <span class='ocrx_word' id='word_1_232' title='bbox 1016 1925 1229 1962; x_wconf 81' lang='lat' dir='ltr'><strong>Botaniatae.</strong></span> 
     </span>
    </p>
   </div>
   <div class='ocr_carea' id='block_1_4' title="bbox 163 2014 1626 2888">
    <p class='ocr_par' dir='ltr' id='par_1_4' title="bbox 163 2014 1626 2687">
     <span class='ocr_line' id='line_1_26' title="bbox 165 2014 1624 2062; baseline 0.001 -14"><span class='ocrx_word' id='word_1_233' title='bbox 165 2018 201 2048; x_wconf 86' lang='lat' dir='ltr'><strong>et</strong></span> <span class='ocrx_word' id='word_1_234' title='bbox 213 2014 400 2059; x_wconf 81' lang='lat' dir='ltr'><strong>trigamiam</strong></span> <span class='ocrx_word' id='word_1_235' title='bbox 416 2026 515 2049; x_wconf 73' lang='lat' dir='ltr'><strong>sacra</strong></span> <span class='ocrx_word' id='word_1_236' title='bbox 529 2014 766 2049; x_wconf 86' lang='lat' dir='ltr'><strong>benedictione</strong></span> <span class='ocrx_word' id='word_1_237' title='bbox 781 2017 1016 2062; x_wconf 87' lang='lat' dir='ltr'><strong>comprobaret</strong></span> <span class='ocrx_word' id='word_1_238' title='bbox 1029 2042 1039 2060; x_wconf 93' lang='lat'>,</span> <span class='ocrx_word' id='word_1_239' title='bbox 1070 2017 1205 2062; x_wconf 87' lang='lat' dir='ltr'><strong>prodire</strong></span> <span class='ocrx_word' id='word_1_240' title='bbox 1232 2017 1452 2052; x_wconf 80' lang='lat' dir='ltr'><strong>cunctabatur</strong></span> <span class='ocrx_word' id='word_1_241' title='bbox 1477 2029 1497 2050; x_wconf 89' lang='lat' dir='ltr'><strong>e</strong></span> <span class='ocrx_word' id='word_1_242' title='bbox 1519 2017 1624 2050; x_wconf 79' lang='lat' dir='ltr'><strong>sacris</strong></span> 
     </span>
     <span class='ocr_line' id='line_1_27' title="bbox 163 2061 1623 2108; baseline 0.001 -14"><span class='ocrx_word' id='word_1_243' title='bbox 163 2061 284 2106; x_wconf 83' lang='lat' dir='ltr'><strong>septis.</strong></span> <span class='ocrx_word' id='word_1_244' title='bbox 329 2061 419 2105; x_wconf 92' lang='lat' dir='ltr'><strong>quod</strong></span> <span class='ocrx_word' id='word_1_245' title='bbox 437 2061 565 2095; x_wconf 80' lang='lat' dir='ltr'><strong>caesar</strong></span> <span class='ocrx_word' id='word_1_246' title='bbox 590 2061 709 2095; x_wconf 83' lang='lat' dir='ltr'><strong>videns</strong></span> <span class='ocrx_word' id='word_1_247' title='bbox 724 2065 760 2096; x_wconf 87' lang='lat' dir='ltr'><strong>et</strong></span> <span class='ocrx_word' id='word_1_248' title='bbox 775 2063 946 2107; x_wconf 84' lang='lat' dir='ltr'><strong>suspicans</strong></span> <span class='ocrx_word' id='word_1_249' title='bbox 962 2063 1182 2097; x_wconf 78' lang='lat' dir='ltr'>cunctationis</span> <span class='ocrx_word' id='word_1_250' title='bbox 1196 2075 1330 2098; x_wconf 84' lang='lat' dir='ltr'><strong>causam</strong></span> <span class='ocrx_word' id='word_1_251' title='bbox 1346 2070 1381 2098; x_wconf 89' lang='lat' dir='ltr'><strong>et</strong></span> <span class='ocrx_word' id='word_1_252' title='bbox 1395 2063 1541 2108; x_wconf 85' lang='lat' dir='ltr'><strong>scrupuli</strong></span> <span class='ocrx_word' id='word_1_253' title='bbox 1556 2074 1623 2107; x_wconf 85' lang='lat' dir='ltr'><strong>quo</strong></span> 
     </span>
     <span class='ocr_line' id='line_1_28' title="bbox 163 2106 1623 2154; baseline 0.002 -15"><span class='ocrx_word' id='word_1_254' title='bbox 163 2106 321 2140; x_wconf 80' lang='lat' dir='ltr'><strong>sacerdos</strong></span> <span class='ocrx_word' id='word_1_255' title='bbox 338 2106 597 2140; x_wconf 83' lang='lat' dir='ltr'><strong>conflictabatur</strong></span> <span class='ocrx_word' id='word_1_256' title='bbox 610 2134 620 2151; x_wconf 80' lang='lat'>‚</span> <span class='ocrx_word' id='word_1_257' title='bbox 651 2106 685 2140; x_wconf 91' lang='lat' dir='ltr'><strong>in</strong></span> <span class='ocrx_word' id='word_1_258' title='bbox 711 2108 867 2151; x_wconf 85' lang='lat' dir='ltr'><strong>angustia</strong></span> <span class='ocrx_word' id='word_1_259' title='bbox 887 2114 963 2142; x_wconf 87' lang='lat' dir='ltr'><strong>erat</strong></span> <span class='ocrx_word' id='word_1_260' title='bbox 986 2109 1071 2142; x_wconf 88' lang='lat' dir='ltr'><strong>male</strong></span> <span class='ocrx_word' id='word_1_261' title='bbox 1088 2116 1240 2143; x_wconf 88' lang='lat' dir='ltr'><strong>metuens</strong></span> <span class='ocrx_word' id='word_1_262' title='bbox 1254 2121 1296 2143; x_wconf 90' lang='lat' dir='ltr'><strong>ne</strong></span> <span class='ocrx_word' id='word_1_263' title='bbox 1312 2111 1473 2143; x_wconf 74' lang='lat' dir='ltr'><strong>hactenus</strong></span> <span class='ocrx_word' id='word_1_264' title='bbox 1488 2120 1623 2154; x_wconf 84' lang='lat' dir='ltr'><strong>promo-</strong></span> 
     </span>
     <span class='ocr_line' id='line_1_29' title="bbox 163 2152 1621 2199; baseline 0.001 -14"><span class='ocrx_word' id='word_1_265' title='bbox 163 2157 232 2185; x_wconf 79' lang='lat' dir='ltr'><strong>tam</strong></span> <span class='ocrx_word' id='word_1_266' title='bbox 256 2152 457 2186; x_wconf 82' lang='lat' dir='ltr'><strong>affinitatem</strong></span> <span class='ocrx_word' id='word_1_267' title='bbox 483 2153 675 2197; x_wconf 87' lang='lat' dir='ltr'><strong>patriarcha</strong></span> <span class='ocrx_word' id='word_1_268' title='bbox 692 2152 915 2197; x_wconf 86' lang='lat' dir='ltr'><strong>dissolveret,</strong></span> <span class='ocrx_word' id='word_1_269' title='bbox 951 2154 1000 2188; x_wconf 81' lang='lat' dir='ltr'><strong>his</strong></span> <span class='ocrx_word' id='word_1_270' title='bbox 1014 2155 1048 2188; x_wconf 92' lang='lat' dir='ltr'><strong>in</strong></span> <span class='ocrx_word' id='word_1_271' title='bbox 1063 2155 1134 2188; x_wconf 91' lang='lat' dir='ltr'><strong>eius</strong></span> <span class='ocrx_word' id='word_1_272' title='bbox 1151 2166 1250 2189; x_wconf 88' lang='lat' dir='ltr'><strong>aures</strong></span> <span class='ocrx_word' id='word_1_273' title='bbox 1265 2155 1403 2199; x_wconf 86' lang='lat' dir='ltr'><strong>perlatis</strong></span> <span class='ocrx_word' id='word_1_274' title='bbox 1415 2180 1430 2196; x_wconf 80' lang='lat'><strong>‚,</strong></span> <span class='ocrx_word' id='word_1_275' title='bbox 1457 2161 1493 2188; x_wconf 89' lang='lat' dir='ltr'><strong>et</strong></span> <span class='ocrx_word' id='word_1_276' title='bbox 1508 2154 1621 2199; x_wconf 79' lang='lat' dir='ltr'><strong>potius</strong></span> 
     </span>
     <span class='ocr_line' id='line_1_30' title="bbox 163 2195 1621 2245; baseline 0.001 -14"><span class='ocrx_word' id='word_1_277' title='bbox 163 2197 209 2231; x_wconf 85' lang='lat' dir='ltr'><strong>ad</strong></span> <span class='ocrx_word' id='word_1_278' title='bbox 224 2195 408 2232; x_wconf 84' lang='lat' dir='ltr'><strong>Eudociam</strong></span> <span class='ocrx_word' id='word_1_279' title='bbox 426 2199 614 2232; x_wconf 82' lang='lat' dir='ltr'><strong>inclinaret.</strong></span> <span class='ocrx_word' id='word_1_280' title='bbox 661 2199 772 2244; x_wconf 85' lang='lat' dir='ltr'><strong>eloqui</strong></span> <span class='ocrx_word' id='word_1_281' title='bbox 793 2211 876 2233; x_wconf 87' lang='lat' dir='ltr'><strong>vero</strong></span> <span class='ocrx_word' id='word_1_282' title='bbox 902 2201 993 2245; x_wconf 87' lang='lat' dir='ltr'><strong>quod</strong></span> <span class='ocrx_word' id='word_1_283' title='bbox 1020 2200 1190 2245; x_wconf 82' lang='lat' dir='ltr'><strong>cogitaret</strong></span> <span class='ocrx_word' id='word_1_284' title='bbox 1212 2205 1352 2244; x_wconf 84' lang='lat' dir='ltr'><strong>propter</strong></span> <span class='ocrx_word' id='word_1_285' title='bbox 1367 2199 1621 2234; x_wconf 75' lang='lat' dir='ltr'><strong>circumstantes</strong></span> 
     </span>
     <span class='ocr_line' id='line_1_31' title="bbox 163 2243 1622 2290; baseline 0.003 -14"><span class='ocrx_word' id='word_1_286' title='bbox 163 2243 282 2277; x_wconf 84' lang='lat' dir='ltr'><strong>nolens</strong></span> <span class='ocrx_word' id='word_1_287' title='bbox 305 2245 417 2289; x_wconf 82' lang='lat' dir='ltr'><strong>nepoti</strong></span> <span class='ocrx_word' id='word_1_288' title='bbox 443 2256 503 2278; x_wconf 85' lang='lat' dir='ltr'><strong>suo</strong></span> <span class='ocrx_word' id='word_1_289' title='bbox 526 2244 686 2278; x_wconf 74' lang='lat' dir='ltr'><strong>Michaeli</strong></span> <span class='ocrx_word' id='word_1_290' title='bbox 706 2245 825 2279; x_wconf 87' lang='lat' dir='ltr'><strong>Ducae</strong></span> <span class='ocrx_word' id='word_1_291' title='bbox 853 2247 1008 2281; x_wconf 86' lang='lat' dir='ltr'><strong>coniectu</strong></span> <span class='ocrx_word' id='word_1_292' title='bbox 1034 2247 1203 2280; x_wconf 87' lang='lat' dir='ltr'><strong>oculorum</strong></span> <span class='ocrx_word' id='word_1_293' title='bbox 1225 2245 1334 2280; x_wconf 84' lang='lat' dir='ltr'><strong>innuit</strong></span> <span class='ocrx_word' id='word_1_294' title='bbox 1357 2251 1392 2280; x_wconf 91' lang='lat' dir='ltr'><strong>et</strong></span> <span class='ocrx_word' id='word_1_295' title='bbox 1417 2246 1622 2290; x_wconf 81' lang='lat' dir='ltr'><strong>significavit</strong></span> 
     </span>
     <span class='ocr_line' id='line_1_32' title="bbox 163 2289 1621 2336; baseline 0.002 -14"><span class='ocrx_word' id='word_1_296' title='bbox 163 2289 245 2332; x_wconf 91' lang='lat' dir='ltr'><strong>quid</strong></span> <span class='ocrx_word' id='word_1_297' title='bbox 260 2290 373 2324; x_wconf 84' lang='lat' dir='ltr'><strong>vellet.</strong></span> <span class='ocrx_word' id='word_1_298' title='bbox 421 2290 550 2324; x_wconf 86' lang='lat' dir='ltr'><strong>iuvenis</strong></span> <span class='ocrx_word' id='word_1_299' title='bbox 576 2297 689 2324; x_wconf 87' lang='lat' dir='ltr'><strong>autem</strong></span> <span class='ocrx_word' id='word_1_300' title='bbox 713 2291 961 2326; x_wconf 78' lang='lat' dir='ltr'><strong>cunctationem</strong></span> <span class='ocrx_word' id='word_1_301' title='bbox 983 2290 1168 2325; x_wconf 77' lang='lat' dir='ltr'><strong>sacerdotis</strong></span> <span class='ocrx_word' id='word_1_302' title='bbox 1190 2292 1376 2336; x_wconf 71' lang='lat' dir='ltr'><strong>exspectati</strong></span> <span class='ocrx_word' id='word_1_303' title='bbox 1398 2292 1516 2326; x_wconf 84' lang='lat' dir='ltr'><strong>videns</strong></span> <span class='ocrx_word' id='word_1_304' title='bbox 1530 2298 1566 2326; x_wconf 90' lang='lat' dir='ltr'><strong>et</strong></span> <span class='ocrx_word' id='word_1_305' title='bbox 1581 2298 1621 2325; x_wconf 89' lang='lat' dir='ltr'><strong>ut</strong></span> 
     </span>
     <span class='ocr_line' id='line_1_33' title="bbox 163 2333 1619 2382; baseline 0.002 -14"><span class='ocrx_word' id='word_1_306' title='bbox 163 2333 271 2368; x_wconf 73' lang='lat' dir='ltr'><strong>solers</strong></span> <span class='ocrx_word' id='word_1_307' title='bbox 289 2341 365 2369; x_wconf 87' lang='lat' dir='ltr'><strong>erat</strong></span> <span class='ocrx_word' id='word_1_308' title='bbox 379 2361 390 2379; x_wconf 91' lang='lat'>,</span> <span class='ocrx_word' id='word_1_309' title='bbox 421 2337 522 2370; x_wconf 85' lang='lat' dir='ltr'><strong>facile</strong></span> <span class='ocrx_word' id='word_1_310' title='bbox 545 2344 725 2382; x_wconf 79' lang='lat' dir='ltr'><strong>penetrans</strong></span> <span class='ocrx_word' id='word_1_311' title='bbox 750 2337 835 2371; x_wconf 88' lang='lat' dir='ltr'><strong>velle</strong></span> <span class='ocrx_word' id='word_1_312' title='bbox 850 2347 948 2369; x_wconf 85' lang='lat' dir='ltr'><strong>avum</strong></span> <span class='ocrx_word' id='word_1_313' title='bbox 965 2340 1002 2370; x_wconf 88' lang='lat' dir='ltr'><strong>ut</strong></span> <span class='ocrx_word' id='word_1_314' title='bbox 1016 2337 1115 2371; x_wconf 84' lang='lat' dir='ltr'><strong>alium</strong></span> <span class='ocrx_word' id='word_1_315' title='bbox 1130 2338 1340 2372; x_wconf 85' lang='lat' dir='ltr'><strong>sacerdotem</strong></span> <span class='ocrx_word' id='word_1_316' title='bbox 1354 2343 1545 2371; x_wconf 83' lang='lat' dir='ltr'><strong>accerseret</strong></span> <span class='ocrx_word' id='word_1_317' title='bbox 1562 2338 1619 2382; x_wconf 92' lang='lat' dir='ltr'><strong>qui</strong></span> 
     </span>
     <span class='ocr_line' id='line_1_34' title="bbox 163 2381 1621 2427; baseline 0.002 -14"><span class='ocrx_word' id='word_1_318' title='bbox 163 2383 315 2424; x_wconf 77' lang='lat' dir='ltr'><strong>optatam</strong></span> <span class='ocrx_word' id='word_1_319' title='bbox 339 2381 550 2414; x_wconf 83' lang='lat' dir='ltr'><strong>cerimoniam</strong></span> <span class='ocrx_word' id='word_1_320' title='bbox 574 2383 703 2423; x_wconf 79' lang='lat' dir='ltr'><strong>obiret,</strong></span> <span class='ocrx_word' id='word_1_321' title='bbox 731 2382 821 2414; x_wconf 83' lang='lat' dir='ltr'><strong>illum</strong></span> <span class='ocrx_word' id='word_1_322' title='bbox 842 2381 956 2416; x_wconf 86' lang='lat' dir='ltr'><strong>statim</strong></span> <span class='ocrx_word' id='word_1_323' title='bbox 980 2383 1115 2427; x_wconf 84' lang='lat' dir='ltr'><strong>paravit</strong></span> <span class='ocrx_word' id='word_1_324' title='bbox 1130 2387 1167 2416; x_wconf 92' lang='lat' dir='ltr'><strong>et</strong></span> <span class='ocrx_word' id='word_1_325' title='bbox 1181 2383 1346 2417; x_wconf 89' lang='lat' dir='ltr'><strong>occultum</strong></span> <span class='ocrx_word' id='word_1_326' title='bbox 1363 2383 1491 2416; x_wconf 86' lang='lat' dir='ltr'><strong>habuit.</strong></span> <span class='ocrx_word' id='word_1_327' title='bbox 1538 2388 1621 2417; x_wconf 86' lang='lat' dir='ltr'><strong>tunc</strong></span> 
     </span>
     <span class='ocr_line' id='line_1_35' title="bbox 164 2424 1626 2474; baseline 0.003 -16"><span class='ocrx_word' id='word_1_328' title='bbox 164 2424 240 2469; x_wconf 83' lang='lat' dir='ltr'><strong>ipse</strong></span> <span class='ocrx_word' id='word_1_329' title='bbox 261 2425 305 2458; x_wconf 87' lang='lat' dir='ltr'><strong>ad</strong></span> <span class='ocrx_word' id='word_1_330' title='bbox 330 2426 437 2459; x_wconf 83' lang='lat' dir='ltr'><strong>altare</strong></span> <span class='ocrx_word' id='word_1_331' title='bbox 452 2426 590 2471; x_wconf 87' lang='lat' dir='ltr'><strong>propius</strong></span> <span class='ocrx_word' id='word_1_332' title='bbox 605 2425 770 2460; x_wconf 85' lang='lat' dir='ltr'><strong>accedens</strong></span> <span class='ocrx_word' id='word_1_333' title='bbox 786 2432 890 2461; x_wconf 88' lang='lat' dir='ltr'><strong>vocat</strong></span> <span class='ocrx_word' id='word_1_334' title='bbox 903 2433 1115 2462; x_wconf 83' lang='lat' dir='ltr'><strong>recusantem</strong></span> <span class='ocrx_word' id='word_1_335' title='bbox 1131 2428 1347 2462; x_wconf 80' lang='lat' dir='ltr'><strong>ministerium</strong></span> <span class='ocrx_word' id='word_1_336' title='bbox 1363 2429 1450 2462; x_wconf 88' lang='lat' dir='ltr'><strong>bene</strong></span> <span class='ocrx_word' id='word_1_337' title='bbox 1464 2429 1626 2474; x_wconf 89' lang='lat' dir='ltr'><strong>precandi</strong></span> 
     </span>
     <span class='ocr_line' id='line_1_36' title="bbox 165 2470 1625 2518; baseline 0.005 -16"><span class='ocrx_word' id='word_1_338' title='bbox 165 2470 293 2515; x_wconf 80' lang='lat' dir='ltr'><strong>nuptiis</strong></span> <span class='ocrx_word' id='word_1_339' title='bbox 305 2472 527 2506; x_wconf 82' lang='lat' dir='ltr'><strong>sacerdotem.</strong></span> <span class='ocrx_word' id='word_1_340' title='bbox 574 2472 631 2505; x_wconf 88' lang='lat' dir='ltr'><strong>illo</strong></span> <span class='ocrx_word' id='word_1_341' title='bbox 648 2476 759 2506; x_wconf 86' lang='lat' dir='ltr'><strong>autem</strong></span> <span class='ocrx_word' id='word_1_342' title='bbox 774 2472 1007 2518; x_wconf 81' lang='lat' dir='ltr'><strong>interrogante</strong></span> <span class='ocrx_word' id='word_1_343' title='bbox 1021 2473 1115 2506; x_wconf 86' lang='lat' dir='ltr'><strong>cuius</strong></span> <span class='ocrx_word' id='word_1_344' title='bbox 1129 2473 1179 2507; x_wconf 89' lang='lat' dir='ltr'><strong>rei</strong></span> <span class='ocrx_word' id='word_1_345' title='bbox 1203 2485 1307 2508; x_wconf 84' lang='lat' dir='ltr'><strong>causa</strong></span> <span class='ocrx_word' id='word_1_346' title='bbox 1330 2480 1526 2515; x_wconf 80' lang='lat' dir='ltr'><strong>vocaretur,</strong></span> <span class='ocrx_word' id='word_1_347' title='bbox 1556 2475 1625 2510; x_wconf 81' lang='lat' dir='ltr'><strong>Mi-</strong></span> 
     </span>
     <span class='ocr_line' id='line_1_37' title="bbox 165 2515 1624 2566; baseline 0.005 -18"><span class='ocrx_word' id='word_1_348' title='bbox 165 2515 263 2549; x_wconf 69' lang='lat' dir='ltr'><strong>chael</strong></span> <span class='ocrx_word' id='word_1_349' title='bbox 291 2523 450 2563; x_wconf 86' lang='lat' dir='ltr'><strong>correpta</strong></span> <span class='ocrx_word' id='word_1_350' title='bbox 473 2518 543 2552; x_wconf 85' lang='lat' dir='ltr'><strong>eius</strong></span> <span class='ocrx_word' id='word_1_351' title='bbox 569 2523 667 2552; x_wconf 85' lang='lat' dir='ltr'><strong>veste</strong></span> <span class='ocrx_word' id='word_1_352' title='bbox 691 2517 813 2552; x_wconf 80' lang='lat' dir='ltr'><strong>sensim</strong></span> <span class='ocrx_word' id='word_1_353' title='bbox 835 2529 876 2552; x_wconf 88' lang='lat' dir='ltr'><strong>ac</strong></span> <span class='ocrx_word' id='word_1_354' title='bbox 900 2518 1030 2563; x_wconf 87' lang='lat' dir='ltr'><strong>placide</strong></span> <span class='ocrx_word' id='word_1_355' title='bbox 1050 2519 1158 2564; x_wconf 77' lang='lat' dir='ltr'><strong>septis</strong></span> <span class='ocrx_word' id='word_1_356' title='bbox 1183 2530 1258 2554; x_wconf 90' lang='lat' dir='ltr'><strong>eum</strong></span> <span class='ocrx_word' id='word_1_357' title='bbox 1274 2520 1385 2554; x_wconf 90' lang='lat' dir='ltr'><strong>educit</strong></span> <span class='ocrx_word' id='word_1_358' title='bbox 1399 2520 1501 2566; x_wconf 88' lang='lat' dir='ltr'><strong>inque</strong></span> <span class='ocrx_word' id='word_1_359' title='bbox 1515 2521 1624 2556; x_wconf 86' lang='lat' dir='ltr'><strong>locum</strong></span> 
     </span>
     <span class='ocr_line' id='line_1_38' title="bbox 166 2561 1625 2613; baseline 0.004 -18"><span class='ocrx_word' id='word_1_360' title='bbox 166 2561 239 2595; x_wconf 79' lang='lat' dir='ltr'><strong>eius</strong></span> <span class='ocrx_word' id='word_1_361' title='bbox 263 2561 352 2596; x_wconf 87' lang='lat' dir='ltr'><strong>illum</strong></span> <span class='ocrx_word' id='word_1_362' title='bbox 382 2564 481 2597; x_wconf 89' lang='lat' dir='ltr'><strong>alium</strong></span> <span class='ocrx_word' id='word_1_363' title='bbox 504 2563 590 2597; x_wconf 87' lang='lat' dir='ltr'><strong>clam</strong></span> <span class='ocrx_word' id='word_1_364' title='bbox 617 2568 770 2610; x_wconf 84' lang='lat' dir='ltr'><strong>paratum</strong></span> <span class='ocrx_word' id='word_1_365' title='bbox 793 2563 1002 2607; x_wconf 83' lang='lat' dir='ltr'><strong>introduxit,</strong></span> <span class='ocrx_word' id='word_1_366' title='bbox 1034 2564 1091 2609; x_wconf 88' lang='lat' dir='ltr'><strong>qui</strong></span> <span class='ocrx_word' id='word_1_367' title='bbox 1118 2568 1154 2598; x_wconf 86' lang='lat' dir='ltr'><strong>et</strong></span> <span class='ocrx_word' id='word_1_368' title='bbox 1179 2576 1259 2599; x_wconf 86' lang='lat' dir='ltr'><strong>mox</strong></span> <span class='ocrx_word' id='word_1_369' title='bbox 1281 2565 1354 2600; x_wconf 86' lang='lat' dir='ltr'><strong>sine</strong></span> <span class='ocrx_word' id='word_1_370' title='bbox 1377 2567 1442 2601; x_wconf 91' lang='lat' dir='ltr'><strong>ullo</strong></span> <span class='ocrx_word' id='word_1_371' title='bbox 1466 2568 1625 2613; x_wconf 84' lang='lat' dir='ltr'><strong>scrupulo</strong></span> 
     </span>
     <span class='ocr_line' id='line_1_39' title="bbox 165 2606 1625 2659; baseline 0.006 -20"><span class='ocrx_word' id='word_1_372' title='bbox 165 2606 324 2652; x_wconf 81' lang='lat' dir='ltr'><strong>nuptialis</strong></span> <span class='ocrx_word' id='word_1_373' title='bbox 338 2609 424 2643; x_wconf 87' lang='lat' dir='ltr'><strong>ritus</strong></span> <span class='ocrx_word' id='word_1_374' title='bbox 439 2609 654 2644; x_wconf 85' lang='lat' dir='ltr'><strong>cerimoniam</strong></span> <span class='ocrx_word' id='word_1_375' title='bbox 669 2609 813 2655; x_wconf 83' lang='lat' dir='ltr'><strong>peregit.</strong></span> <span class='ocrx_word' id='word_1_376' title='bbox 858 2609 937 2644; x_wconf 89' lang='lat' dir='ltr'><strong>hinc</strong></span> <span class='ocrx_word' id='word_1_377' title='bbox 951 2610 1083 2644; x_wconf 82' lang='lat' dir='ltr'><strong>Caesar</strong></span> <span class='ocrx_word' id='word_1_378' title='bbox 1096 2610 1221 2646; x_wconf 87' lang='lat' dir='ltr'><strong>aditum</strong></span> <span class='ocrx_word' id='word_1_379' title='bbox 1235 2611 1279 2646; x_wconf 88' lang='lat' dir='ltr'><strong>ad</strong></span> <span class='ocrx_word' id='word_1_380' title='bbox 1294 2616 1467 2657; x_wconf 84' lang='lat' dir='ltr'><strong>Augustae</strong></span> <span class='ocrx_word' id='word_1_381' title='bbox 1480 2614 1625 2659; x_wconf 83' lang='lat' dir='ltr'><strong>gratiam</strong></span> 
     </span>
     <span class='ocr_line' id='line_1_40' title="bbox 165 2651 305 2687; baseline 0.014 -2"><span class='ocrx_word' id='word_1_382' title='bbox 165 2651 305 2687; x_wconf 85' lang='lat' dir='ltr'><strong>invenit.</strong></span> 
     </span>
    </p>

    <p class='ocr_par' dir='ltr' id='par_1_5' title="bbox 166 2699 1626 2888">
     <span class='ocr_line' id='line_1_41' title="bbox 260 2699 1626 2751; baseline 0.004 -19"><span class='ocrx_word' id='word_1_383' title='bbox 260 2699 314 2732; x_wconf 75' lang='lat'><strong>26.</strong></span> <span class='ocrx_word' id='word_1_384' title='bbox 361 2699 474 2745; x_wconf 85' lang='lat' dir='ltr'><strong>Super</strong></span> <span class='ocrx_word' id='word_1_385' title='bbox 496 2701 582 2735; x_wconf 87' lang='lat' dir='ltr'><strong>haec</strong></span> <span class='ocrx_word' id='word_1_386' title='bbox 597 2701 774 2745; x_wconf 83' lang='lat' dir='ltr'><strong>logotheta</strong></span> <span class='ocrx_word' id='word_1_387' title='bbox 789 2705 986 2747; x_wconf 85' lang='lat' dir='ltr'><strong>consumpta</strong></span> <span class='ocrx_word' id='word_1_388' title='bbox 1000 2702 1087 2736; x_wconf 90' lang='lat' dir='ltr'><strong>omni</strong></span> <span class='ocrx_word' id='word_1_389' title='bbox 1102 2705 1139 2736; x_wconf 82' lang='lat' dir='ltr'><strong>et</strong></span> <span class='ocrx_word' id='word_1_390' title='bbox 1153 2702 1310 2738; x_wconf 84' lang='lat' dir='ltr'><strong>damnata</strong></span> <span class='ocrx_word' id='word_1_391' title='bbox 1324 2716 1387 2750; x_wconf 79' lang='lat' dir='ltr'><strong>spe</strong></span> <span class='ocrx_word' id='word_1_392' title='bbox 1402 2717 1499 2751; x_wconf 91' lang='lat' dir='ltr'><strong>quam</strong></span> <span class='ocrx_word' id='word_1_393' title='bbox 1516 2709 1574 2739; x_wconf 84' lang='lat' dir='ltr'><strong>aut</strong></span> <span class='ocrx_word' id='word_1_394' title='bbox 1591 2704 1626 2738; x_wconf 89' lang='lat' dir='ltr'><strong>in</strong></span> 
     </span>
     <span class='ocr_line' id='line_1_42' title="bbox 169 2743 1624 2796; baseline 0.005 -20"><span class='ocrx_word' id='word_1_395' title='bbox 169 2743 360 2786; x_wconf 80' lang='lat' dir='ltr'><strong>consuetis,</strong></span> <span class='ocrx_word' id='word_1_396' title='bbox 390 2746 510 2789; x_wconf 82' lang='lat' dir='ltr'><strong>quibus</strong></span> <span class='ocrx_word' id='word_1_397' title='bbox 536 2752 615 2781; x_wconf 85' lang='lat' dir='ltr'><strong>ante</strong></span> <span class='ocrx_word' id='word_1_398' title='bbox 639 2747 830 2781; x_wconf 84' lang='lat' dir='ltr'><strong>vallabatur</strong></span> <span class='ocrx_word' id='word_1_399' title='bbox 844 2747 1045 2793; x_wconf 83' lang='lat' dir='ltr'><strong>praesidiis,</strong></span> <span class='ocrx_word' id='word_1_400' title='bbox 1075 2754 1136 2782; x_wconf 87' lang='lat' dir='ltr'><strong>aut</strong></span> <span class='ocrx_word' id='word_1_401' title='bbox 1158 2749 1193 2784; x_wconf 87' lang='lat' dir='ltr'><strong>in</strong></span> <span class='ocrx_word' id='word_1_402' title='bbox 1220 2750 1421 2796; x_wconf 84' lang='lat' dir='ltr'><strong>imperatore</strong></span> <span class='ocrx_word' id='word_1_403' title='bbox 1450 2753 1624 2792; x_wconf 84' lang='lat' dir='ltr'><strong>habuerat,</strong></span> 
     </span>
     <span class='ocr_line' id='line_1_43' title="bbox 169 2789 1623 2838; baseline 0.006 -17"><span class='ocrx_word' id='word_1_404' title='bbox 169 2790 291 2833; x_wconf 78' lang='lat' dir='ltr'><strong>fugere</strong></span> <span class='ocrx_word' id='word_1_405' title='bbox 305 2789 453 2824; x_wconf 82' lang='lat' dir='ltr'><strong>decrevit</strong></span> <span class='ocrx_word' id='word_1_406' title='bbox 466 2793 510 2826; x_wconf 89' lang='lat' dir='ltr'><strong>ad</strong></span> <span class='ocrx_word' id='word_1_407' title='bbox 525 2793 748 2837; x_wconf 86' lang='lat' dir='ltr'><strong>Bryennium‚</strong></span> <span class='ocrx_word' id='word_1_408' title='bbox 779 2798 813 2828; x_wconf 87' lang='lat' dir='ltr'><strong>et</strong></span> <span class='ocrx_word' id='word_1_409' title='bbox 836 2804 909 2827; x_wconf 89' lang='lat' dir='ltr'><strong>cum</strong></span> <span class='ocrx_word' id='word_1_410' title='bbox 925 2794 1150 2838; x_wconf 80' lang='lat' dir='ltr'><strong>Selymbriam</strong></span> <span class='ocrx_word' id='word_1_411' title='bbox 1171 2796 1320 2830; x_wconf 80' lang='lat' dir='ltr'><strong>venisset</strong></span> <span class='ocrx_word' id='word_1_412' title='bbox 1343 2809 1384 2831; x_wconf 85' lang='lat' dir='ltr'><strong>ac</strong></span> <span class='ocrx_word' id='word_1_413' title='bbox 1400 2809 1474 2831; x_wconf 91' lang='lat' dir='ltr'><strong>cum</strong></span> <span class='ocrx_word' id='word_1_414' title='bbox 1488 2796 1623 2831; x_wconf 87' lang='lat' dir='ltr'><strong>Urselio</strong></span> 
     </span>
     <span class='ocr_line' id='line_1_44' title="bbox 166 2835 1624 2888; baseline 0.007 -20"><span class='ocrx_word' id='word_1_415' title='bbox 166 2835 303 2869; x_wconf 79' lang='lat' dir='ltr'><strong>locutus</strong></span> <span class='ocrx_word' id='word_1_416' title='bbox 330 2840 429 2869; x_wconf 77' lang='lat' dir='ltr'><strong>esset.</strong></span> <span class='ocrx_word' id='word_1_417' title='bbox 443 2836 522 2872; x_wconf 91' lang='lat' dir='ltr'><strong>illuc</strong></span> <span class='ocrx_word' id='word_1_418' title='bbox 548 2850 622 2873; x_wconf 89' lang='lat' dir='ltr'><strong>cum</strong></span> <span class='ocrx_word' id='word_1_419' title='bbox 649 2839 779 2885; x_wconf 82' lang='lat' dir='ltr'><strong>aliquot</strong></span> <span class='ocrx_word' id='word_1_420' title='bbox 807 2839 1001 2875; x_wconf 71' lang='lat' dir='ltr'><strong>cohortibus</strong></span> <span class='ocrx_word' id='word_1_421' title='bbox 1025 2851 1047 2875; x_wconf 86' lang='lat' dir='ltr'><strong>a</strong></span> <span class='ocrx_word' id='word_1_422' title='bbox 1064 2851 1103 2876; x_wconf 74' lang='lat' dir='ltr'><strong>se</strong></span> <span class='ocrx_word' id='word_1_423' title='bbox 1121 2846 1157 2876; x_wconf 84' lang='lat' dir='ltr'><strong>ct</strong></span> <span class='ocrx_word' id='word_1_424' title='bbox 1183 2842 1228 2878; x_wconf 84' lang='lat' dir='ltr'><strong>ab</strong></span> <span class='ocrx_word' id='word_1_425' title='bbox 1243 2843 1446 2888; x_wconf 85' lang='lat' dir='ltr'><strong>imperatore</strong></span> <span class='ocrx_word' id='word_1_426' title='bbox 1458 2842 1624 2878; x_wconf 67' lang='lat' dir='ltr'><strong>Michaele</strong></span> 
     </span>
    </p>
   </div>
  </div>
 </body>
</html>
