1878 3262
289 217 322 265 4
843 214 1202 259 ARGUMENTA.

288 326 406 362 Alexio
430 325 626 360 obsidentur
651 323 690 357 in
713 323 811 357 domo
836 323 967 357 rustica
988 334 1011 356 a
1033 322 1165 356 Turcis.
1213 321 1385 366 sapientia
1399 325 1432 357 et
1443 322 1619 367 fortitudo
1635 321 1751 356 Alexia'

289 386 332 408 ea
350 372 525 406 occasione
549 374 772 404 monstratae.
822 370 965 402 duorum
993 369 1183 401 Alanorum
1201 368 1320 411 sortia
1337 369 1510 409 facinora.
1557 369 1690 402 reditus
1711 369 1750 401 in

289 419 404 451 urbem
426 422 458 450 et
483 417 602 450 laudes
623 415 746 449 Alexii.
797 415 948 448 Urselius
969 415 1126 458 regiones
1142 414 1319 446 Romanas
1337 413 1501 448 incursat.
1550 415 1750 458 logothetae

288 463 482 497 molitiones
496 462 534 496 in
548 463 708 495 Ioannem
730 461 909 493 Caesarem
920 485 930 501 ‚
966 471 1063 503 quem
1077 460 1171 503 cogit
1185 458 1428 502 expeditionem
1445 459 1612 503 suscipere
1630 464 1750 492 contra

292 509 480 550 Urselium‚
514 519 537 541 a
565 519 628 551 quo
659 507 904 540 circumventus
926 506 1059 550 partim
1086 504 1304 549 transfugio,
1342 504 1474 547 partim
1493 508 1593 558 fuga
1612 516 1749 538 suorum

252 584 258 589 .
287 555 439 588 vincitur
466 558 500 587 et
534 554 672 596 capitur
701 564 773 585 una
799 563 874 585 cum
898 551 1092 586 Andronico
1113 551 1197 593 filio
1224 549 1386 594 graviter
1414 550 1541 583 saucio.
1582 551 1660 594 filii
1682 551 1748 583 duo

287 600 475 634 Andronici
501 599 578 632 dati
603 598 733 631 obsides
753 609 815 642 pro
840 609 876 630 eo
896 600 1029 641 fugam
1047 600 1204 637 tentant,
1239 607 1307 639 qua
1323 606 1411 628 unus
1429 599 1566 628 tantum
1585 596 1747 629 elabitur.

288 646 435 680 alterius
458 645 594 689 paeda*³
578 655 689 687 ‹wogus
719 643 757 675 in
784 642 1003 687 gravissimis
1031 642 1185 685 supliciis
1205 642 1320 684 fidem
1347 641 1469 673 arcani
1485 645 1610 674 servat.
1658 642 1748 674 Con-

287 690 434 724 stantini
452 691 596 723 alterius
616 689 774 722 Caesaris
787 689 867 731 filii
891 688 1004 721 subita
1020 698 1120 720 mors.
1166 687 1309 719 Ioannes
1328 687 1458 719 Caesar
1474 686 1653 729 imperium
1671 699 1747 719 am-

290 738 339 770 bit
365 736 529 769 suadente
554 736 696 768 Urselio.
743 735 803 767 sed
827 746 869 767 ne
895 734 932 767 id
961 738 1100 776 occupet
1125 733 1312 776 impeditur
1335 743 1357 764 a
1384 732 1504 764 'lurcis
1526 743 1549 764 a
1572 732 1748 776 logotheta

288 783 327 816 in
348 782 516 815 auxilium
533 781 715 814 Michaelis
731 780 884 819 vocatis,
909 791 931 812 a
950 779 1068 822 quibus
1086 779 1215 811 Caesar
1234 782 1266 811 et
1287 778 1438 810 Urselius
1454 777 1652 829 capiuntur.
1680 778 1747 810 Ur-

287 828 392 862 selius
405 828 516 872 pretio
534 828 644 860 soluto
660 827 837 859 liberatur.
875 805 1006 858 'Caesar
1022 836 1044 857 a
1061 824 1230 857 Michaele
1248 823 1440 866 redemptus
1450 822 1503 865 sit
1517 827 1610 855 metu
1627 833 1750 856 mona-

287 874 380 907 chus.
431 873 560 905 Urselio
591 873 714 905 iterum
740 871 922 914 infestanti
939 875 1050 902 terras
1071 869 1208 913 imperii
1229 869 1460 922 palaeologus
1479 868 1651 912 oppositus
1669 869 1749 901 vin-

288 919 391 953 citur.
438 918 575 951 Alexius
599 922 717 951 contra
740 917 908 950 Urselium
935 916 1056 949 missus
1084 926 1160 948 eum
1191 915 1238 948 ad
1265 915 1417 958 inopiam
1444 914 1595 957 redigit,
1629 918 1664 947 et
1686 924 1749 958 ope

292 965 481 998 Turcorum
499 964 613 1007 capit,
647 964 782 1006 eiusque
803 962 1069 995 excaecationem
1089 961 1242 994 simulat.
1290 961 1532 993 Amasenorum
1550 959 1749 992 seditionem

287 1010 396 1044 sedat.
444 1020 538 1042 arces
559 1010 600 1042 ab
613 1009 799 1041 Urselianis
816 1012 999 1051 occupatas
1016 1006 1148 1049 recipit.
1197 1006 1354 1039 Doceano
1370 1006 1567 1038 incolumem
1581 1005 1749 1037 Urselium

288 1055 448 1089 ostendit.
495 1055 663 1098 excipitur
695 1066 718 1086 a
750 1054 1099 1087 Maurece.'1urcos
1125 1054 1250 1095 fugat.
1299 1063 1320 1084 a
1353 1051 1547 1094 naufragio
1581 1051 1749 1083 liberatur

288 1113 352 1144 ope
371 1101 545 1144 deiparae.
593 1100 747 1132 benevole
763 1099 929 1142 excipitur
947 1099 990 1131 ab
1010 1099 1226 1140 imperatore.
1257 1097 1424 1129 Urselium
1444 1097 1590 1140 benigne
1606 1099 1749 1129 tractat.

287 1146 442 1179 Isaacius
467 1145 536 1178 dux
550 1144 753 1177 Antiochiae
773 1148 906 1177 creatus
931 1143 1085 1185 artificio
1104 1154 1231 1186 magno
1252 1143 1483 1175 Aemilianum
1509 1142 1749 1185 patriarcham

286 1190 473 1224 Antiochia
496 1190 665 1229 excludit,
689 1194 722 1222 et
747 1190 798 1222 ire
819 1189 1149 1231 Constantinopolim
1177 1189 1280 1232 cogit.
1326 1187 1449 1220 seditio
1467 1188 1750 1220 Antiochenorum

288 1236 327 1270 in
343 1236 517 1270 Isaacium
536 1236 578 1268 ab
595 1247 632 1268 eo
650 1246 856 1278 compressa,
882 1235 941 1277 qui
956 1245 1031 1266 mox
1047 1246 1069 1266 a
1086 1234 1203 1266 'l'urcis
1217 1234 1348 1276 praelio
1362 1233 1512 1265 vincitur
1527 1237 1559 1265 et
1576 1233 1724 1276 capitur.

379 1281 469 1314 LIB.
493 1281 554 1313 111.
601 1281 814 1314 Andro-nicus
833 1279 991 1312 Caesaris
1001 1279 1107 1322 silius
1122 1279 1352 1311 moribundus.
1379 1278 1611 1311 Occidentales
1629 1278 1748 1321 regio-

287 1338 347 1361 nes
376 1339 398 1360 a
421 1326 559 1367 slavis,
600 1327 758 1369 Scythis,
801 1325 1003 1358 Chorobatis
1036 1328 1069 1357 et
1093 1324 1327 1357 Dioclensibus
1352 1324 1549 1356 turbantur.
1596 1323 1748 1356 Michael

286 1370 497 1416 Bryennium
527 1372 662 1415 imperii
695 1373 866 1415 collegam
897 1381 1067 1403 assumere
1102 1371 1246 1414 cogitat.
1293 1370 1479 1412 impeditur
1513 1380 1555 1402 ne
1580 1369 1699 1412 saciat
1723 1380 1748 1402 a

288 1418 493 1462 Drangario
525 1418 761 1450 Constantino.
779 1398 1000 1459 ''Bryermius
1025 1416 1147 1448 Slavos
1171 1416 1308 1456 domat,
1350 1415 1487 1458 Illyrios
1521 1415 1595 1447 acie
1627 1415 1750 1456 vincit,

286 1475 383 1497 mare
411 1463 538 1507 piratis
562 1468 718 1506 purgat,
751 1463 804 1504 sit
830 1473 945 1494 exosus
970 1461 1174 1505 imperatori
1195 1461 1494 1494 obtrectationibus
1521 1460 1749 1514 inimicorumz
1787 1494 1790 1496 ,

286 1509 452 1542 irritatur
472 1520 510 1541 eo
532 1509 679 1551 cognito.
726 1508 921 1540 Basilacius
939 1519 1015 1539 cum
1028 1509 1147 1548 fratrc
1163 1506 1329 1550 Rryennii
1347 1506 1389 1538 ab
1411 1506 1617 1548 imperatore
1635 1505 1749 1539 aversi

285 1555 407 1587 turbas
429 1553 626 1586 moliuntur.
672 1553 817 1585 sicarius
840 1553 1010 1595 Bryennio
1027 1552 1208 1584 submissus
1227 1551 1500 1594 deprehenditur.
1543 1552 1671 1584 caesar
1690 1553 1748 1594 fi·-

287 1600 373 1633 liam
391 1599 578 1632 Andronici
602 1599 656 1631 sui
681 1598 762 1641 filii
788 1598 903 1630 Alexio
934 1598 1101 1630 Comneno
1130 1597 1308 1640 coniugem
1330 1599 1442 1641 offert.
1490 1608 1531 1629 ea
1549 1608 1601 1629 res
1623 1597 1703 1630 licet
1722 1607 1746 1630 a

285 1644 407 1678 multis
423 1644 633 1684 disturbata,
656 1643 857 1687 perducitur
875 1643 923 1675 ad
940 1643 1076 1675 exitum.
1137 1642 1329 1685 Bryennius
1347 1643 1408 1674 diu
1429 1643 1633 1682 reluctatus,
1662 1647 1746 1676 tan-

285 1691 363 1724 dem
377 1690 558 1733 imperium
577 1692 733 1732 usurpat.
780 1688 930 1721 Patricia·
945 1687 1112 1730 Bryennii
1130 1688 1201 1720 eius
1215 1687 1296 1730 filii
1310 1688 1427 1720 audax
1437 1688 1577 1729 =facinus
1595 1692 1628 1720 et
1641 1688 1744 1730 felix.

285 1736 430 1769 Ioannes
461 1735 677 1778 Curopalata
709 1745 732 1766 a
755 1733 927 1777 Bryennio
967 1745 1040 1766 cum
1073 1733 1221 1765 exercitu
1248 1733 1578 1776 Constantinopolim
1612 1734 1746 1775 missus,

285 1781 446 1825 gratiam
471 1785 503 1813 et
524 1781 642 1813 studia
669 1779 795 1813 civium
819 1780 936 1823 perdit
954 1779 993 1811 ob
1013 1779 1206 1811 incendium
1226 1779 1387 1811 suburbii.
1437 1779 1746 1823 Constantinopolis

284 1830 512 1879 oppugnatur
528 1826 730 1868 defendente
743 1825 870 1858 Alexio.
917 1824 1133 1867 Bryenniani
1159 1824 1363 1857 obsidionem
1390 1825 1527 1857 solvunt
1552 1828 1584 1857 et
1599 1825 1745 1868 Scythas

284 1872 436 1916 primum
449 1871 558 1904 victos
576 1870 641 1903 sibi
659 1870 867 1924 adiungunt.
915 1870 1118 1903 Botaniates
1136 1870 1301 1910 rebellat,
1328 1871 1468 1911 frustra
1493 1870 1646 1903 obstante
1664 1871 1746 1903 Me-

285 1917 420 1950 lisseno.
471 1918 659 1949 'furnorum
685 1916 723 1948 in
746 1916 857 1960 ipsum
885 1916 1125 1949 conductorum
1150 1916 1296 1948 insidias
1323 1916 1432 1956 vitat,
1466 1919 1499 1948 et
1527 1916 1570 1948 iis
1598 1915 1745 1959 pecunia

285 1962 439 1995 delinitis
466 1962 600 1994 Nicaea
621 1962 772 2005 potitur,
820 1961 934 2005 ibique
962 1962 1176 1994 acclamatur
1203 1962 1424 2005 imperator.
1451 1961 1745 2004 Constantinopoli

284 2008 489 2041 coniuratur
518 2007 556 2040 in
575 2008 827 2051 imperatorem.
875 2008 935 2051 qui
953 2007 1063 2040 Aleaeii
1080 2007 1228 2039 consiliis
1246 2007 1381 2040 reiectis
1397 2006 1577 2050 imperium
1592 2007 1744 2047 abdicat,

278 2053 332 2097 sit
357 2053 563 2093 monachus,
597 2058 630 2085 et
655 2053 872 2096 metropolita
895 2052 1034 2096 Ephesi.
1085 2052 1326 2085 Constantinus
1358 2053 1430 2085 eius
1453 2054 1575 2095 frater
1603 2052 1744 2095 imperio

283 2101 437 2132 recusato
455 2098 667 2131 Botaniatae
684 2110 719 2131 se
736 2098 883 2131 subiicit.
928 2109 950 2130 a
978 2110 1043 2141 quo
1071 2102 1104 2130 ct
1125 2098 1263 2131 Alexius
1290 2098 1454 2141 recipitur
1478 2099 1516 2130 in
1541 2097 1742 2131 amicitiam.

283 2143 486 2177 Botaniates
510 2144 674 2176 suadente
705 2145 851 2177 Caesare
876 2143 1029 2176 Mariam
1054 2143 1235 2176 Michaelis
1262 2144 1407 2176 viventis
1434 2143 1633 2187 coniugem,
1670 2143 1744 2186 ipse

285 2189 445 2233 bigamus
470 2192 503 2222 et
527 2201 663 2221 uxorem
680 2190 808 2222 habens
835 2189 940 2221 ducit.
987 2189 1161 2233 logotheta
1194 2189 1237 2222 ab
1268 2189 1399 2223 Urselio
1421 2189 1581 2233 proditas
1604 2187 1743 2222 deditur

284 2234 512 2275 Botaniatae,
537 2235 636 2267 exilio
658 2235 846 2268 mulctat-ur
863 2239 897 2267 et
913 2234 1093 2268 occiditur.

378 2280 468 2312 LIB.
485 2279 545 2312 IV.
591 2280 792 2312 Botaniates
809 2281 985 2312 aerarium
1001 2279 1158 2313 exhaurit
1175 2280 1366 2313 inconsulta
1378 2279 1611 2324 prodigentia.
1637 2280 1741 2324 lega-

283 2325 332 2358 tio
360 2325 408 2357 ad
427 2324 637 2369 Bryennium
667 2325 858 2366 artificiosa
888 2329 920 2358 et
949 2325 1093 2358 inutilis.
1141 2326 1308 2369 expeditio
1330 2326 1443 2359 Alexii
1461 2326 1498 2358 in
1517 2325 1740 2368 Bryennium.

285 2381 409 2414 anceps
433 2371 604 2413 praelium
628 2370 665 2402 in
691 2382 776 2414 quo,
808 2371 929 2403 Alexio
963 2371 1131 2413 defectum
1163 2372 1340 2415 copiarum
1372 2372 1498 2404 virtute
1529 2381 1570 2402 ac
1601 2372 1740 2405 consilio

284 2417 472 2460 supplente,
498 2416 689 2459 Brycnnius
710 2416 861 2449 vincitur
879 2420 910 2448 et
930 2417 1080 2457 capitur.
1126 2416 1197 2448 eius
1211 2416 1411 2450 excaecatio.
1458 2415 1532 2448 alia
1549 2416 1663 2454 Alex-ii
1679 2428 1738 2450 ez·-

282 2462 410 2504 peditio
427 2462 464 2494 in
481 2462 684 2494 Basilacem.
730 2461 788 2504 qui
816 2466 932 2494 castra
949 2462 1061 2494 Alexii
1086 2466 1189 2494 noctu
1206 2462 1360 2503 invadit,
1384 2464 1417 2494 et
1441 2461 1606 2503 postridie
1624 2461 1738 2496 vinci-

285 2511 359 2548 tur,
376 2507 502 2550 fugit,
525 2507 714 2547 obsidetur,
738 2507 872 2539 vinctus
892 2506 1028 2538 deditur
1047 2511 1079 2539 et
1100 2511 1309 2540 excaecatur.
1355 2506 1482 2539 Isaacii
1501 2506 1663 2540 Comneni
1679 2519 1738 2541 re-

284 2551 378 2584 ditus
394 2552 576 2585 Antiochia
601 2558 634 2585 et
659 2552 784 2596 gratia
805 2551 899 2596 apud
916 2551 1162 2595 imperatorem.
1209 2552 1346 2585 rebellio
1361 2551 1534 2584 Melisseni
1554 2552 1738 2596 Nicephori-

287 2596 476 2629 'I'urcorum
493 2598 634 2630 auxiliis
649 2598 795 2630 subnixi.
842 2597 979 2630 Alexius
1005 2598 1248 2641 expeditionem
1273 2598 1309 2630 in
1331 2608 1406 2630 eum
1425 2596 1491 2629 sibi
1508 2598 1659 2631 delatam
1677 2610 1737 2632 re-

285 2645 392 2677 cusat.
440 2641 580 2675 Ioannes
595 2643 779 2676 Eunuchus
795 2643 866 2676 eius
885 2643 956 2675 loco
974 2643 1137 2676 mittitur.
1166 2642 1331 2676 Nicaeam
1350 2647 1542 2686 oppugnat.
1581 2643 1736 2677 recedere

283 2687 432 2731 cogitur.
476 2688 667 2730 periculum
706 2688 869 2721 exercitus
902 2687 1151 2731 insequentibus
1181 2688 1311 2721 Turcis.
1361 2688 1505 2731 Georgii
1530 2689 1737 2733 Palaeologi

284 2743 327 2766 ea
341 2732 510 2766 occasione
525 2737 706 2775 praestans
720 2734 843 2766 virtus.
890 2733 962 2766 eius
978 2733 1014 2764 in
1031 2733 1232 2768 Eunuchum
1248 2733 1443 2778 beneficia
1430 2733 1597 2779 zmiguia.
1632 2734 1736 2770 huius

283 2777 431 2814 vicissim
447 2777 486 2813 in
504 2788 580 2813 eum
598 2779 774 2823 maleficia
794 2777 1052 2813 immanissima.
