1878 3262
639 220 1033 265 HISTORIARUM
1050 220 1114 271 L.
1148 223 1200 265 11.
1595 225 1660 270 53

192 352 256 385 τες
274 335 484 391 γενομένης
500 338 573 389 τῆς
589 334 857 393 ἀντερείσεως.
902 335 962 376 ‘lv'
984 330 1056 378 οὖν
1072 335 1130 392 μὴ
1149 338 1215 379 καὶ
1234 336 1297 379 ἕπὶ
1315 336 1435 379 πλέον
1452 334 1659 380 ἀπώσαιτο

193 403 341 454 αὐτοὺς
366 401 657 458 μηχανώμενος
669 436 682 456 ,
719 404 892 447 ἐκέλευεν
919 402 998 458 ἤδη
1026 406 1094 447 καὶ
1111 411 1196 456 τοῖς
1213 405 1288 448 σὺν
1306 400 1418 463 αῧτῷ
1435 403 1517 464 ὅλῳ
1536 408 1662 462 δῆθεν

190 472 330 530 ῥυτῆρι
343 468 445 530 ’ἄχρι
464 474 531 515 καὶ
549 473 612 515 ἐπὶ
629 473 702 527 τὴν
720 470 910 530 φάραγγα
930 471 1028 514 ἴέναι
1040 505 1054 525 ‚
1081 474 1139 528 μὴ
1157 474 1292 528 μέντοι
1309 476 1376 516 καὶ
1391 471 1655 532 ὗπερβαίνειν.
1679 478 1711 512 D

192 540 215 583 ὃ
249 542 410 599 Πέρσαι
446 539 765 596 κατανοήσαντες
800 538 1028 596 ἀνεχώρουν
1055 541 1201 599 ἠρέμα.
1269 544 1311 586 ἓν
1327 541 1459 601 τούτῳ
1479 544 1605 586 δὲκαὶ
1625 545 1664 587 οἳ

158 609 299 668 5ἇμφὶ
332 609 404 653 τὸν
429 611 657 667 Κοτέρτζην
683 607 870 661 τοξόται,
907 607 979 659 οὓς
1004 616 1090 660 τοῖς
1115 609 1283 654 κατόπιν
1302 610 1489 669 καθάπερ
1510 612 1664 670 εἴρηται

192 679 474 737 ἀπολειφθεῖσι
503 677 712 733 Ῥωμαίων
746 679 979 733 ἐπιβοηθεῖν
1012 679 1204 733 βασιλεὺς
1240 679 1394 735 ἔπεμψε
1402 712 1417 732 ,
1453 682 1663 736 ξυνέμιξαν

189 746 269 802 ἤδη
306 752 365 806 τῷ
397 751 578 803 βασιλεῖ’,
628 748 696 790 καὶ
732 747 872 790 λοιπὸν
907 741 1031 798 αὖθις
1065 746 1290 805 ἀντεπεξῄει
1326 755 1412 799 τοῖς
1446 751 1663 804 πολεμίοις.

191 816 286 858 ἀλλ’
323 817 463 859 ἐκεῖνοι
499 817 702 873 αἰφνίδιον
736 816 810 867 τὰς
844 813 960 870 ἡνίας
995 816 1243 874 στρέψαντες
1281 815 1439 874 φεύγειν
1474 816 1663 874 ἤρξαντο.

189 883 287 942 ὅπερ
311 883 543 940 ὃβασιλεῦς
570 884 746 927 κατιδὼν
774 883 1028 942 “Sanmite'’
1065 891 1151 936 τοῖς
1168 886 1242 928 σὺν
1260 886 1383 943 αὕτῷ-
1398 885 1476 943 ἔφη
1506 884 1664 929 “adva-

136 963 181 998 10
189 971 260 1008 μις
275 954 354 1010 γὰρ
378 954 419 1004 ἐς
434 951 544 1008 ἡμᾶς
561 952 718 1011 ἔρχεται
736 952 1058 1010 στρατοπέδου.”
1128 958 1210 998 τῶν
1238 955 1282 997 δὲ
1307 954 1366 1010 μὴ
1393 956 1664 1011 προσιεμένων
1687 965 1689 967 ’

186 1021 258 1065 τὸν
287 1021 406 1078 λόγον
432 1022 536 1072 τινὲς
559 1021 716 1079 ἔφησαν
744 1019 960 1079 “Πε’ρσαι,
997 1022 1114 1073 δέους
1139 1022 1289 1074 αὖτοὺς
1306 1024 1528 1079 ἐπείγοντος
1546 1024 1662 1067 οὐδε-

186 1091 256 1142 νὸς
282 1091 404 1147 (οὐδὲ
420 1091 499 1148 γὰρ
518 1089 733 1145 ἀξιόμαχοι
753 1091 891 1141 αὐτοῖς
907 1090 1007 1142 τέως
1022 1090 1271 1147 τυγχάνομεν
1289 1090 1426 1144 ὄντες)
1460 1095 1663 1149 αἰφνίδιον

186 1159 293 1203 οὕτω
310 1162 420 1202 νῶτα
437 1159 685 1216 στρέψαντες
703 1159 880 1214 οἴχονται
896 1157 976 1215 ἤδη
996 1158 1178 1213 πάντως,
1206 1159 1267 1203 ὅτι
1286 1160 1414 1211 ἔξεστι
1433 1163 1572 1218 σφίσιν
1591 1161 1659 1205 ἅτε
1682 1169 1712 1204 Ρ
1737 1169 1783 1205 80

186 1227 264 1286 ἀφ’
284 1225 449 1284 ὑψηλοῦ
467 1229 754 1283 σκοπουμένοις
771 1228 823 1272 τὰ
839 1226 937 1284 ἡμῖν
954 1229 1053 1280 τέως
1071 1227 1171 1286 ὁρᾶν
1190 1229 1374 1287 ἀφανῆ.”
1410 1231 1477 1272 καὶ
1494 1229 1610 1284 ἔτυχέ
1619 1247 1662 1286 γε

137 1305 180 1341 15
192 1302 266 1340 τοῦ
284 1297 468 1352 ἀληθοῦς
485 1295 767 1352 εὖστοχῶτατα
784 1296 830 1340 τὸ
848 1301 1015 1354 πρᾶγμα
1031 1296 1419 1355 τεκμηριωσάμενος.
1470 1296 1664 1353 Ῥωμαῖοι

184 1366 264 1424 γὰρ
293 1366 338 1409 οἳ
359 1366 423 1408 ἐπὶ
451 1369 525 1408 τοῦ
551 1366 826 1423 στρατοπέδου
855 1360 983 1420 ἦσαν,
1020 1367 1062 1408 ἓν
1091 1371 1217 1424 στενῷ
1235 1369 1384 1423 κομιδῇ
1401 1366 1470 1409 τὸν
1487 1368 1662 1421 βασιλέα

184 1438 474 1492 περισχεθῆναι
491 1433 776 1489 μεμαθηκότες
794 1436 953 1491 σπουδῇ
977 1436 1275 1491 βεβοηθηκέναι
1303 1435 1526 1491 ἠπείγοντο.
1596 1435 1660 1479 ὅτε

186 1504 237 1560 δὴ
265 1504 419 1560 λέγεται
445 1500 502 1554 ὧς
529 1501 551 1545 ὃ
577 1503 680 1561 πρὸς
704 1503 858 1560 πατρὸς
881 1507 941 1561 τῷ
966 1508 1133 1558 βασιλεῖ
1147 1509 1261 1554 θεῖος
1279 1502 1300 1546 ὅ
1319 1502 1659 1562 σεβαστοκράτωρ

179 1571 382 1623 Ἰσαάκιος
398 1575 457 1629 τῷ
474 1572 734 1630 στρατοπέδῳ
751 1569 937 1626 τηνικάδε
955 1571 1118 1630 παρών,
1148 1573 1283 1628 ἐπειδὴ
1302 1572 1477 1616 τάκατά
1495 1573 1566 1615 τὸν
1584 1573 1660 1615 αὗ-

129 1639 412 1699 9οτοκράτορα
428 1638 602 1683 ἐπύθετο
620 1642 688 1683 καὶ
707 1638 763 1691 ὥς
780 1642 822 1683 ἓν
839 1639 1024 1695 ἐσχάτοις
1041 1641 1100 1696 εῗ-ἠ
1119 1640 1338 1695 κινδύνοις,
1375 1643 1431 1692 εἷς
1448 1641 1520 1697 τὴν
1536 1644 1659 1697 βασί-

184 1714 290 1751 λειον
308 1709 434 1763 αὐλὴν
452 1707 691 1765 παρελθών,
728 1709 823 1752 εἴσω
842 1710 885 1752 δὲ
902 1714 976 1752 τοῦ
994 1710 1054 1752 δι’
1074 1711 1250 1759 ἐπίπλων
1267 1710 1575 1764 σχεδιαζομένου
1594 1711 1660 1753 εὔ-

186 1780 348 1835 κτηρίου
366 1777 536 1833 γεγονὼς
552 1777 786 1834 ἐκαραδόκει
803 1777 849 1820 τὸ
866 1779 1034 1832 μέλλον,
1054 1780 1274 1821 ἐπιθέσθαι
1293 1784 1342 1835 τῇ
1358 1781 1546 1838 βασιλείᾳ
1565 1782 1656 1821 δια·
1681 1789 1711 1821 V
1736 1791 1779 1826 24

185 1846 413 1901 νοούμενος.
467 1845 568 1902 ἔρως
584 1846 663 1903 γὰρ
682 1846 805 1901 αὐτῆς
824 1848 867 1889 ἐκ
885 1851 1037 1890 πολλοῦ
1055 1845 1244 1904 καθάπερ
1265 1847 1419 1904 εἴρηται
1437 1847 1507 1890 τὸν
1526 1846 1657 1904 ἄνδρα
1678 1859 1706 1893 Β

277 1977 334 2011 21.
358 1972 410 2010 δι’
435 1973 621 2021 ἐπίπλων]
640 1956 731 2010 eod.
756 1976 793 2011 δι
817 1973 835 2011 ἑ
856 1979 903 2011 πἰ·
923 1977 1039 2012 πλῶν.
1086 1976 1220 2012 Tollius
1243 1974 1309 2012 διοέ
1333 1975 1494 2013 πέπλων.

184 2100 284 2132 cere,
315 2087 406 2133 quod
422 2088 543 2123 fuisset
556 2088 646 2124 ictus
662 2100 703 2123 ex
719 2088 901 2135 asperitate
915 2089 981 2124 loci
996 2089 1178 2124 remissior.
1223 2089 1339 2136 itaque
1364 2101 1408 2125 ne
1433 2091 1566 2136 longius
1581 2091 1657 2127 illos

183 2135 410 2181 propelleret,
441 2146 521 2169 suos
547 2135 643 2169 iubet
668 2135 712 2169 ad
728 2135 849 2169 vallem
864 2147 972 2181 usque
987 2136 1074 2170 laxis
1089 2135 1228 2170 habenis
1240 2162 1250 2178 ,
1278 2137 1337 2170 sed
1353 2148 1419 2171 non
1435 2138 1524 2172 ultra
1533 2162 1547 2180 ‚v
1574 2150 1657 2183 pro-

184 2180 294 2225 gredi.
339 2181 430 2226 quod
447 2181 506 2215 ubi
524 2180 799 2215 animadvertunt
810 2182 940 2215 Persae
950 2208 960 2224 ,
976 2182 1099 2216 sensim
1115 2187 1208 2216 retro
1223 2182 1356 2216 cedunt.
1403 2182 1533 2218 interea
1549 2184 1656 2227 sagit·

184 2226 262 2260 tarii
274 2252 285 2269 ‚
316 2227 372 2271 qui
404 2230 504 2260 erant
529 2237 602 2261 cum
626 2227 790 2261 Cotertze
800 2253 811 2270 ‚
844 2231 878 2261 et
893 2228 936 2261 ab
950 2227 1172 2273 imperatore,
1206 2233 1245 2262 ut
1259 2229 1380 2262 (lictum
1398 2234 1451 2263 est
1461 2255 1471 2270 ,
1500 2230 1655 2263 submissi

183 2274 322 2307 fuerant
336 2273 382 2306 ad
396 2273 569 2307 serendam
586 2285 685 2318 opem
700 2273 757 2317 qui
773 2283 862 2318 pone
877 2273 986 2308 relicti
1002 2279 1100 2308 erant
1114 2274 1275 2308 Romanis
1287 2299 1297 2316 ,
1323 2274 1388 2308 iam
1402 2287 1441 2309 se
1458 2275 1655 2320 imperatori

182 2318 423 2352 adiunxerant:
454 2319 578 2363 quibus
592 2319 752 2353 suffultus
767 2319 929 2364 praelium
946 2330 1019 2353 cum
1036 2320 1189 2354 hostibus
1202 2331 1334 2354 rursum
1351 2320 1528 2355 instaurat.
1567 2332 1654 2366 quos

181 2370 361 2410 postquam
377 2364 462 2399 vidit
476 2366 650 2404 conversis
665 2365 819 2410 protinus
833 2366 927 2410 equis
942 2366 1055 2409 sugam
1078 2366 1233 2400 meditari
1265 2367 1289 2385 ‘⁶
1301 2367 1391 2400 bono
1402 2366 1422 2383 ’'
1452 2366 1562 2411 inquit
1583 2367 1654 2400 suis

183 2411 208 2428 ‘⁶
218 2414 330 2443 estote
344 2410 474 2453 animo3
500 2414 576 2445 tota
592 2411 679 2445 enim
697 2411 866 2446 exercitus
880 2411 988 2445 nostri
1001 2412 1105 2446 moles
1120 2413 1161 2446 ad
1178 2423 1240 2446 nos
1255 2412 1358 2446 venit.
1368 2411 1390 2427 ”
1419 2412 1552 2456 quidam
1569 2423 1653 2446 vero

183 2455 243 2500 qui
265 2456 364 2490 dictis
385 2467 498 2490 aurem
519 2458 686 2503 praebere
709 2457 870 2491 nolebant
895 2457 1012 2491 dixere
1042 2459 1202 2492 “Persae
1227 2458 1318 2491 nullo
1340 2458 1534 2503 impellente
1550 2463 1653 2500 metu,

185 2503 320 2546 (neque
336 2501 422 2536 enim
437 2502 568 2537 viribus
583 2504 747 2537 hactenus
761 2503 844 2548 ipsis
859 2503 982 2537 fuimus
997 2505 1122 2549 pares)
1138 2504 1179 2537 de
1195 2508 1337 2549 repente
1351 2504 1400 2537 sic
1415 2503 1538 2548 passim
1553 2508 1652 2547 terga

184 2551 344 2590 vertunt,
375 2548 569 2594 abeuntque
579 2575 589 2592 ‚
619 2549 711 2594 quod
726 2549 825 2583 liceat
837 2549 878 2583 iis
893 2549 928 2583 in
941 2550 1014 2583 alto
1030 2550 1221 2583 constitutis
1233 2576 1243 2592 ‚
1273 2560 1362 2594 quae
1375 2549 1539 2583 hactenus
1555 2549 1652 2583 nobis

186 2593 318 2626 occulta
346 2593 484 2627 fuerunt
513 2596 703 2640 explorare.
713 2594 734 2610 ''
780 2606 844 2629 nec
863 2595 1077 2640 imperatoris
1099 2596 1325 2629 coniecturam
1349 2595 1473 2629 fefellit
1494 2599 1651 2630 eventus.

185 2649 261 2672 nam
277 2638 333 2684 qui
349 2643 459 2673 castra
473 2642 656 2675 servabant
668 2641 827 2683 Romani,
845 2652 910 2674 non
927 2641 1064 2675 modicis
1077 2641 1315 2686 imperatorem
1329 2640 1526 2686 implicitum
1541 2652 1649 2685 angu—

185 2683 258 2717 stiis
287 2685 415 2728 edocti,
445 2685 550 2720 citato
575 2686 707 2731 agmine
731 2698 830 2732 opem
850 2687 954 2721 laturi
968 2689 1210 2732 properabant.
1256 2698 1323 2732 quo
1337 2691 1492 2731 tempore
1506 2688 1650 2721 tradunt

185 2728 351 2764 Isaacium
375 2732 683 2767 sebastem-acorem
706 2732 916 2778 imperatoris
936 2739 1094 2779 patruum
1107 2759 1116 2775 ,
1150 2734 1206 2778 qui
1222 2736 1293 2767 tum
1308 2733 1342 2767 in
1355 2732 1438 2778 ipsis
1452 2733 1572 2767 aderat
1588 2744 1645 2766 ca-

186 2774 286 2816 stris,
313 2775 372 2819 ubi
397 2788 438 2811 ea
459 2788 562 2823 super
585 2778 740 2824 principe
752 2804 763 2821 ‚
791 2778 969 2824 ipsumque
984 2779 1068 2813 adeo
1084 2779 1118 2812 in
1135 2783 1286 2813 extrema
1301 2779 1484 2813 adductum
1498 2778 1648 2823 pericula

185 2819 393 2865 accepisset,
423 2822 460 2855 in
477 2824 729 2869 imperatorium
747 2824 882 2859 venisse
899 2825 1152 2858 tabernaculum
1164 2851 1173 2867 ‚
1203 2825 1318 2870 ibique
1329 2825 1364 2859 in
1380 2826 1537 2859 confecto
1553 2835 1572 2856 e
1588 2834 1646 2856 su-

186 2865 356 2910 pellectile
370 2869 517 2903 oratorio
534 2875 693 2906 eventum
707 2870 774 2913 rei,
800 2870 928 2916 imperii
941 2870 1006 2905 iam
1020 2870 1156 2906 avidum
1173 2876 1393 2916 expectasse3
1418 2870 1508 2906 illius
1522 2868 1647 2915 quippe
