1878 3262
593 201 1138 248 COMMENTARJORUM
1169 202 1219 244 L.
1251 199 1307 245 H.
1617 197 1681 243 61

218 326 286 367 καὶ
304 322 350 366 τὸ
368 325 546 379 γενναῖον
563 324 638 363 τοῦ
654 319 746 362 νέου
768 316 1050 373 θαυμάζοντες
1069 314 1238 375 ἐπῄνουν
1259 316 1327 358 καὶ
1351 320 1492 372 χεῖρας
1511 312 1685 362 ἱκέτιδας

217 394 488 441 ἀνατείνοντες
506 394 670 447 σωτῆρα
686 389 752 430 καὶ
774 388 980 444 εὐεργέτην
1000 386 1191 439 ἐκάλουν,
1226 380 1375 441 “εῧγε7’
1410 384 1587 440 λέγοντες
1610 375 1677 423 “ὦ
1701 385 1735 420 D

217 463 354 503 νεανία
364 493 377 512 ,
407 458 428 502 ὃ
451 457 612 517 σωτήρ,
646 455 668 500 ὅ
689 455 959 514 κυβερνήτης,
995 453 1016 497 ὃ
1038 460 1111 509 τῆς
1131 455 1426 512 περισωθείσης
1445 454 1567 508 τῆσδε
1582 449 1685 493 Ῥω-

216 534 366 585 μαϊκῆς
385 532 579 586 στρατιᾶς
597 523 759 585 ῥύστης.
828 519 915 580 εὖγε
942 522 963 566 ὅ
990 523 1207 578 ἀσώματος
1235 526 1384 580 μικροῦ
1416 524 1498 564 δεῖν
1530 522 1571 562 ἓν
1602 517 1688 562 σώ-

184 606 331 655 5ματι.
401 594 602 652 ὃναίμεθά
622 612 696 637 σου
719 598 800 637 τῶν
823 593 1206 650 ἀνδραγαθημάτων
1215 625 1229 645 ,
1265 594 1332 634 καὶ
1353 591 1573 649 τηρηθειής
1591 586 1687 644 ἡμῖν

218 671 275 719 εἷς
291 665 465 724 χρόνους
486 663 669 722 μακροὺς
690 663 822 706 κοινὸν
845 662 1033 720 &pel-095²
1105 660 1264 712 τούτοις
1285 658 1595 718 ἓπιρρωννύντες
1613 660 1689 699 τοῦ

216 738 308 780 νέου
340 738 568 793 στρατηγοῦ
595 733 642 775 τὸ
674 739 852 789 γενναῖον
884 731 1023 785 ἔμενον
1059 731 1101 772 ἓν
1135 735 1193 788 τῷ
1217 731 1500 787 στρατοπέδῳ,
1537 728 1687 770 ἐκείνου

217 810 292 849 τοῦ
317 803 502 862 χάρακος
532 803 823 860 προεκθέοντος
856 802 924 842 καὶ
953 799 1128 849 πολλοὺς
1154 805 1236 841 τῶν
1264 798 1456 840 ἐπιόντων
1487 797 1688 850 πολεμίων

220 875 504 931 ἀναιροῦντος,
535 871 631 921 τοὺς
653 872 696 913 δὲ
716 872 782 912 καὶ
805 870 1117 922 ἀποσοβοῦντος.
1185 872 1258 923 τῆς
1275 867 1417 916 νυκτὸς
1438 868 1481 908 δὲ
1505 869 1687 908 καταλα-

164 949 210 985 10
217 941 372 998 βούσης
380 975 393 994 ,
441 943 524 983 ἐπεὶ
560 938 669 997 ἑώρα
703 937 938 994 ξύμπαντας
970 938 1343 994 εὐτρεπιζομένους,
1393 935 1529 991 ἔχαιρέ
1555 951 1596 976 τε
1634 930 1690 982 ὥς

218 1010 344 1062 εῗκός,
389 1009 570 1064 οἰόμενος
600 1007 656 1059 ὥς
683 1008 786 1065 πρὸς
810 1005 947 1062 μάχην
976 1006 1125 1057 αὖτοὺς
1152 1006 1454 1063 εὐτρεπίζεσθαι
1463 1036 1478 1056 ,
1513 1005 1582 1045 καὶ
1606 1007 1691 1051 τοῖς

216 1079 469 1138 θεράπουσιν
485 1080 686 1120 ἐκοινοῦτο
705 1077 756 1119 τὰ
774 1075 975 1133 δρώμενα.
1708 1069 1739 1104 Ρ
1763 1069 1810 1105 44

357 1148 402 1193 6.
476 1148 527 1190 Οἱ
558 1147 632 1201 μὲν
660 1141 731 1188 οὖν
761 1145 876 1188 ἄλλοι
909 1146 1072 1201 ἐσίγων,
1109 1141 1166 1194 εἷς
1185 1143 1232 1186 δέ
1251 1160 1312 1192 τις
1334 1139 1490 1184 τούτων
1509 1146 1689 1197 γενναῖος

218 1215 274 1259 ὢν
294 1217 399 1258 κατὰ
411 1223 531 1273 χεῖρα
547 1218 614 1258 καὶ
634 1217 752 1274 πείρᾳ
773 1219 854 1257 τῶν
872 1213 1006 1256 ἄλλων
1025 1214 1243 1270 διαφέρων,
1272 1209 1474 1261 Θεόδοτος
1491 1208 1686 1262 τοῦνομα,

164 1293 207 1329 15
219 1286 292 1328 οὖκ
309 1285 468 1340 ἀγαθὸν
488 1284 630 1326 οἰωνὸν
649 1284 725 1341 ἴᾳη
747 1283 798 1325 τὰ
818 1281 1076 1340 πραττόμενα
1096 1281 1217 1324 εἶναι·
1248 1279 1441 1322 ’(ἒπειδὰν
1464 1279 1542 1335 γὰρ
1565 1276 1590 1333 ἦ
1617 1277 1689 1328 νὺξ

217 1355 421 1411 προέλθῃ,
453 1354 595 1395 αὐτίκα
617 1353 667 1406 δὴ
683 1350 796 1405 μάλα
819 1350 1080 1409 φεύξοι’ται.”
1151 1348 1296 1392 τούτου
1324 1349 1538 1402 λεχθέντος
1561 1346 1690 1401 λύπης

219 1421 240 1465 ὃ
261 1424 421 1472 νεανίας
440 1421 698 1478 πεπλήρωτο·
731 1420 830 1478 ᾤετο
858 1421 937 1476 γὰρ
971 1419 1207 1473 ξύμπαντας
1235 1417 1332 1461 εἶναι
1357 1422 1430 1472 τῆς
1452 1417 1579 1459 αὐτοῦ
1600 1433 1691 1471 γεν-

216 1490 439 1545 ναιότητος.
488 1489 606 1546 ἀπῄει
628 1490 668 1531 δ’
691 1488 802 1543 ὅμως
821 1491 884 1530 ε’πὶ
901 1489 973 1542 τὴν
995 1487 1145 1543 σκηνὴν
1169 1486 1415 1541 δειπνήσων·
1451 1485 1591 1535 ἄσιτος
1610 1483 1690 1540 γὰρ

217 1560 263 1602 τὸ
284 1558 478 1616 παράπαν
500 1560 677 1612 διέμεινε.
748 1559 815 1599 καὶ
841 1556 862 1599 ὃ
888 1558 962 1611 μὲν
981 1557 1037 1599 ε’τι
1057 1556 1411 1613 τεθωρακισμένος
1431 1553 1487 1596 ὢν
1509 1555 1690 1603 ἐδείπνει,

162 1629 258 1670 20οἶ
281 1629 324 1670 δὲ
344 1626 485 1684 λάθρα
508 1632 581 1669 τοῦ
598 1626 781 1682 χάρακος
800 1624 967 1677 ἐξιόντες
986 1625 1166 1682 ἔφευγον.
1227 1623 1282 1674 ὥς
1305 1625 1346 1666 δ’
1373 1623 1575 1679 ἀπηγγέλη
1596 1619 1691 1664 τού·
1715 1621 1748 1657 Β

218 1714 275 1755 τῳ
299 1695 456 1754 ([εύγειν
483 1695 591 1738 ἅπαν
621 1696 666 1738 τὸ
689 1693 920 1752 στράτετμα
943 1697 1009 1736 καὶ
1028 1693 1153 1748 μόνον
1173 1693 1296 1736 αὐτὸν
1318 1693 1388 1744 ξὺν
1409 1692 1558 1748 ὀλίγοις
1578 1708 1692 1747 περι-

219 1770 453 1822 λελεῖφθαι,
485 1766 610 1806 ῗππον
640 1763 810 1819 αἶτήσας
841 1764 1006 1806 ἔσπευδε
1035 1767 1208 1817 βοηθεῖν
1228 1765 1294 1805 καὶ
1320 1762 1506 1816 ξυνέχειν.
1574 1758 1694 1814 μόλις

218 1894 295 1928 loco
312 1893 514 1938 perstabant
529 1892 746 1936 admirantes,
771 1892 851 1937 quin
867 1892 967 1926 etiam
984 1891 1168 1925 laudabant
1182 1890 1313 1925 iuvenis
1329 1890 1483 1931 animum,
1500 1888 1693 1935 supplices-

221 1951 288 1985 que
309 1940 487 1973 tendentes
500 1950 618 1972 manus
640 1939 844 1972 salvatorem
872 1950 946 1972 eum
974 1943 1009 1972 et
1031 1939 1282 1971 benefactorem
1298 1937 1541 1970 acclamabant.
1589 1947 1691 1979 euge,

222 1986 392 2028 dicentes,
420 1996 439 2018 o
463 1984 683 2028 adolescens,
716 1996 737 2018 o
761 1985 934 2026 salvator,
978 1996 998 2017 o
1017 1985 1249 2027 gubernator,
1287 1995 1307 2016 o
1333 1983 1431 2016 liuius
1457 1982 1540 2016 mire
1561 1981 1693 2015 servati

221 2031 367 2066 Romani
382 2031 550 2065 exercitus
565 2030 740 2064 liberator,
789 2042 876 2074 euge
901 2042 920 2063 o
948 2029 1099 2075 corporis
1119 2029 1389 2074 impedimentum
1413 2028 1446 2062 in
1469 2039 1614 2073 corpore
1631 2027 1692 2061 vix

221 2077 382 2112 sentiens.
429 2078 580 2110 fruamur
594 2076 726 2120 longum
742 2076 889 2109 heroicis
905 2076 1111 2109 facinoribus
1129 2075 1203 2108 istis
1219 2075 1435 2119 serverisque
1450 2074 1575 2108 utinam
1593 2073 1692 2107 nobis

220 2123 255 2157 in
279 2122 475 2166 longissima
501 2127 654 2167 tempora
670 2133 842 2155 commune
858 2121 962 2155 decus
978 2121 1248 2166 praesidiumque
1268 2121 1422 2166 publicae
1443 2120 1504 2155 rei.
1552 2120 1604 2153 his
1629 2131 1647 2153 a
1674 2138 1694 2145 ‹-

220 2169 397 2215 plausibus
407 2168 487 2201 novi
497 2168 590 2201 ducis
600 2169 864 2211 generositatem
875 2172 1050 2210 augentes,
1059 2167 1137 2200 dum
1146 2167 1365 2200 celebrabant
1374 2166 1506 2209 milites,
1514 2177 1591 2200 sese
1599 2166 1654 2199 val
1669 2177 1690 2200 o

222 2214 460 2254 continebant,
483 2214 541 2247 illo
557 2213 700 2247 subinde
715 2214 808 2246 foras
823 2218 1047 2257 procurrente
1063 2224 1105 2247 ac
1119 2212 1240 2246 multos
1256 2212 1453 2246 irruentium
1469 2213 1615 2246 hostium
1629 2223 1691 2245 oc-

222 2261 357 2294 cidente
369 2287 379 2302 ‚
403 2260 486 2293 alios
500 2260 652 2303 fugante.
698 2259 758 2292 ubi
785 2266 896 2293 autem
923 2270 991 2293 nox
1006 2259 1101 2292 venit
1113 2284 1123 2300 ‚
1159 2269 1232 2292 cum
1248 2259 1534 2292 animadverteret
1550 2258 1690 2292 Alexius

222 2317 338 2340 omnes
359 2306 481 2339 milites
509 2316 629 2350 parare
652 2305 772 2350 passim
789 2315 828 2338 se
843 2311 946 2349 atque
961 2304 1123 2350 expedire
1140 2316 1200 2350 pro
1216 2316 1253 2339 se
1269 2316 1435 2349 quemque
1447 2331 1458 2346 ‚
1493 2310 1691 2350 pergratum

220 2352 258 2386 id
283 2352 347 2397 ipsi
371 2351 460 2393 fuit,
484 2351 574 2395 quod
596 2362 634 2384 se
660 2351 756 2396 ipsos
777 2350 822 2384 ad
849 2362 995 2396 pugnam
1021 2362 1219 2396 comparare
1235 2350 1412 2393 crederet,
1434 2351 1636 2395 famulisque
1650 2361 1692 2384 ac

222 2398 442 2432 familiaribus
457 2398 524 2430 suis
540 2408 627 2441 quae
643 2397 768 2430 fierent
780 2396 956 2431 indicavit.

316 2445 349 2479 6.
395 2443 450 2477 Ad
464 2443 533 2476 tale
547 2442 705 2476 indicium
721 2442 868 2476 silebant
882 2442 1017 2488 quidem
1033 2441 1112 2482 alii;
1138 2453 1222 2475 unus
1239 2453 1321 2475 vero
1336 2442 1469 2475 illorum
1486 2452 1585 2476 manu
1600 2445 1690 2476 stre-

222 2500 309 2524 nuus
325 2494 361 2524 et
378 2500 440 2522 usu
457 2500 567 2522 rerum
582 2488 830 2534 prudentiaque
845 2489 955 2522 multis
970 2492 1149 2533 praestans
1165 2487 1366 2521 Theodotus
1381 2488 1514 2521 nomine
1529 2499 1595 2522 non
1611 2489 1691 2522 fau—

222 2540 308 2570 stum
332 2535 419 2569 dixit
442 2535 554 2568 videri
579 2534 754 2578 augurium
781 2534 910 2579 accingi
931 2534 1051 2568 milites
1078 2533 1270 2567 imminente
1294 2542 1395 2568 nocte
1409 2533 1580 2577 fugituros
1597 2545 1689 2577 mox,

222 2592 344 2626 nempe
366 2586 404 2614 ut
427 2580 569 2625 primum
591 2585 667 2614 tuto
691 2586 850 2626 poterunt
872 2579 1122 2614 intendentibus
1143 2591 1180 2612 se
1203 2579 1363 2613 tenebris.
1410 2580 1454 2614 ad
1470 2580 1556 2614 hanc
1570 2591 1692 2614 vocem

223 2626 351 2670 ingenti
373 2626 492 2660 dolore
515 2638 577 2660 suo
601 2626 769 2660 intellexit
794 2626 992 2660 adolescens
1006 2627 1227 2659 vehementer
1243 2636 1374 2660 errasse
1389 2637 1447 2668 se,
1473 2626 1531 2671 qui
1547 2638 1588 2660 ex
1606 2637 1691 2660 con-

224 2672 365 2705 scientia
377 2672 615 2716 generositatis
631 2672 788 2718 propriae
804 2672 848 2706 de
862 2672 930 2706 suis
947 2671 1105 2706 militibus
1122 2671 1344 2714 aestimasset,
1375 2672 1508 2718 recepit
1522 2684 1562 2706 se
1575 2677 1690 2706 tamen

224 2716 260 2750 in
281 2718 534 2751 tabernaculum
561 2724 781 2760 coenaturus,
816 2723 926 2752 totum
951 2717 1039 2751 enim
1064 2717 1151 2751 diem
1175 2717 1250 2751 sine
1274 2718 1348 2752 cibo
1374 2723 1599 2763 transegerat.
1646 2729 1687 2751 eo

225 2773 329 2807 porro
343 2763 485 2797 loricato
504 2764 554 2797 uti
571 2769 644 2798 erat
659 2767 826 2798 coenante
839 2764 960 2798 milites
976 2764 1058 2797 clam
1074 2763 1166 2796 vallo
1182 2764 1310 2808 egressi
1325 2764 1513 2808 fugiebant.
1555 2764 1596 2797 ad
1614 2773 1689 2798 eum

224 2807 395 2852 trepidum
417 2809 567 2843 nuntium
592 2810 720 2856 impetu
746 2810 909 2855 sequendi
934 2809 1142 2854 sistendique
1166 2810 1308 2854 fugaces
1328 2816 1428 2856 capto
1443 2836 1454 2852 ‚
1491 2821 1565 2843 cum
1581 2819 1687 2854 equus

224 2854 505 2900 penultimam:
524 2856 736 2891 dareturvix
749 2855 888 2895 inventa
901 2857 1003 2900 mula,
1048 2855 1190 2890 Alexius
1213 2856 1368 2892 inscensu
1391 2856 1427 2891 iu
1450 2867 1522 2891 eam
1545 2861 1688 2901 partem,
