1878 3262
611 198 1006 244 HISTORIARUM
1036 199 1086 242 L.
1110 199 1170 243 V.
1524 198 1623 244 225

161 313 404 373 ἀπεριέργως
428 312 470 365 ἔς
492 310 602 368 ὑμᾶς
623 310 747 371 δρῶσι
780 310 1002 371 πράγματα
1035 308 1134 355 εἶναι
1166 310 1347 369 θατέρου
1373 312 1623 370 διαιρεῖσθαι

159 384 231 428 τὸν
265 384 412 440 ἕτερον.
478 386 622 425 τοῦτον
660 382 711 438 δὴ
737 380 876 431 ὅπλοις
908 387 994 431 τοῖς
1018 383 1173 424 σαυτοῦ
1202 379 1412 436 κοσμήσας
1436 381 1622 424 κέλευσον

159 452 206 496 τὸ
231 450 358 494 ὗπόσε
395 449 699 505 ἄναλαβόμενον
732 447 964 507 στράτευμα
1000 450 1063 491 ἐπὶ
1095 448 1193 500 τοὺς
1226 451 1442 503 πολεμίους
1461 455 1624 506 χωρεῖν.

160 520 212 565 σὺ
239 521 283 563 δὲ
315 518 498 562 ἐνταῦθά
533 537 611 561 που
647 515 1012 576 κατακρυψάμενος
1047 515 1191 560 ἑαυτὸν
1222 516 1360 575 τήρει,
1395 519 1463 560 καὶ
1488 515 1624 575 γνώσῃ

126 589 305 635 subfixa
331 587 440 638 ὅπως
476 588 576 630 ποτέ
598 605 662 631 σοι
687 587 985 644 προσφέρονται
1024 580 1207 628 Οῧννοι.”
1278 584 1299 628 ὃ
1324 586 1399 640 μὲν
1424 580 1496 628 οὖν
1521 602 1625 628 σκα-

159 660 296 716 φίδιον
320 656 450 712 ἐμβὰς
473 658 568 714 περί
588 673 665 698 που
690 655 765 705 τὰς
777 654 1011 712 τοῦἼστρου
1025 652 1242 696 λανθάνων
1262 653 1448 697 ἐσάλευεν
1472 654 1619 708 ὄχθας,
1633 658 1674 697 'D

159 726 182 770 ὁ
210 727 254 769 δὲ
280 726 524 783 ἀδελφιδοῦς
560 724 687 767 αὐτοῦ’
720 724 929 781 Στέφανος
963 721 1051 777 ἅμα
1076 728 1162 772 τοῖς
1186 724 1275 778 περὶ
1302 722 1425 764 αὐτὸν
1455 722 1624 773 Οὕννοις

158 793 356 853 Στεφάνῳ
380 798 440 852 τῷ
462 793 552 850 ῥηγὶ
573 790 938 847 συμπλακήσεσθαι
959 791 1153 847 ἠπείγετο.
1221 790 1314 832 ἀλλ’
1344 789 1456 832 οὔπω
1470 791 1510 840 ἒς
1522 790 1624 833 ταῦ-

157 864 228 907 τὸν
254 861 444 917 ἀλλήλοις
468 862 644 917 ἐγένοντο
670 861 722 903 τὰ
748 858 1056 917 στρατεύματα,
1090 860 1158 901 καὶ
1185 859 1223 901 οἱ
1249 858 1323 901 σὺν
1343 862 1402 915 τῷ
1426 858 1625 916 Στεφάνῳ

105 937 150 973 10
165 927 310 976 Οὗννοι
330 937 471 987 χεῖρας
496 927 751 983 ἐπιβαλόντες
776 929 887 986 αὐτῷ
912 926 967 979 ὥς
989 927 1111 971 αὐτὸν
1132 926 1202 970 τὸν
1227 925 1497 983 πρεσβύτερον
1522 927 1626 968 Στέ-

159 1001 372 1059 φανοντῷ
397 998 487 1056 ρηγὶ
512 999 783 1055 παρετίθεσαν
810 998 1012 1054 (μ’ροντες.
1079 1002 1165 1046 τοῖς
1183 996 1257 1050 μὲν
1282 995 1451 1045 Οὕννοις
1475 992 1624 1050 ἧπλά-

158 1088 206 1125 νη
233 1070 274 1111 ἓν
299 1070 401 1126 τῷδε
427 1064 628 1119 ἐτελεύτα,
664 1066 856 1120 βασιλεὺς
891 1066 934 1108 δὲ
969 1063 1201 1119 πυθόμενος
1233 1069 1363 1106 ταῦτα
1388 1065 1624 1120 παραίνεσιν

625 1132 638 1149 ζ
1047 1132 1073 1149 ‘t
1102 1128 1123 1148 Ἰ
1165 1131 1186 1147 'l

158 1135 354 1195 Στεφάνῳ
390 1139 589 1191 προσῆγεν
639 1133 859 1191 εἀπόχρη”
897 1134 1022 1190 λέγων
1090 1151 1123 1175 ω
1159 1137 1366 1189 ανθρωπε.
1449 1130 1506 1182 ὥς
1544 1132 1623 1188 γὰρ

156 1211 216 1264 τῷ
238 1205 297 1260 μὴ
333 1204 504 1246 ἔνδέοντι
532 1203 766 1246 ἀναπίπτειν
800 1203 1040 1259 ἐπισφαλές,
1085 1200 1191 1243 οὕτω
1219 1200 1268 1256 ὁὴ
1295 1200 1341 1243 τὸ
1367 1202 1622 1258 παρακαίρια
1643 1209 1673 1245 Ρ
1700 1212 1765 1249 131

102 1281 147 1318 15
159 1278 313 1328 τολμᾶν
339 1273 513 1326 ἀμαθές.
583 1272 673 1314 ἰδοὺ
689 1274 750 1321 ὁὶς
764 1271 863 1325 ἔχεις
874 1270 1026 1325 μαθών
1050 1267 1181 1312 ὁπόσα
1196 1286 1259 1311 σοι
1273 1269 1319 1311 τὸ
1333 1269 1436 1310 καθ’
1455 1269 1624 1311 ἕκαστον

155 1342 420 1400 προύξένησεν
454 1340 533 1395 ἤδη
561 1338 679 1382 κακά.
747 1340 805 1394 μὴ
832 1341 898 1381 καὶ
934 1340 1072 1396 τρίτην
1098 1338 1334 1394 ἀναμείνῃς,
1370 1331 1404 1380 ὦ
1427 1338 1623 1391 βέλτιστε,

155 1418 309 1468 πεῖραν.
377 1407 484 1463 τάχα
509 1409 586 1466 γὰρ
624 1408 717 1450 οὐδὲ
744 1408 1024 1466 διορθοῦσθαί
1054 1423 1118 1449 σοι
1157 1406 1392 1462 βουλομένῳ
1419 1406 1621 1448 ἐνέσται.”

153 1478 347 1534 βασιλεὺς
379 1479 453 1532 μὲν
488 1482 667 1520 τοσαῦτα
693 1476 843 1532 ἔλεγεν,
883 1474 904 1518 ὃ
934 1477 977 1518 δὲ
996 1474 1023 1490 “
1034 1479 1107 1518 νῦν
1131 1475 1318 1529 μᾶλλον”
1348 1472 1452 1516 εἶπεν
1472 1472 1497 1488 “
1513 1475 1626 1516 αἰδέ-

154 1549 298 1591 σονταί
318 1563 368 1600 με
399 1540 567 1597 Οὖννοι,
599 1543 716 1587 ὁπότε
742 1549 1057 1601 κακουργοῦντες
1076 1543 1155 1598 ἤδη
1178 1540 1476 1600 πεφώρανται.”
1518 1541 1625 1584 οὕτω
1672 1570 1674 1572 -

100 1616 272 1672 Ξοψυχὴ
298 1613 495 1665 καθάπαξ
520 1615 756 1668 ἐπιθυμίαις
781 1611 938 1655 ἁλοῦσα
963 1611 1096 1654 πάντα
1122 1609 1241 1667 λόγον
1267 1613 1323 1661 εἷς
1348 1610 1476 1660 αὐτὰς
1498 1628 1625 1665 μετα-

155 1686 267 1743 φέρει
293 1686 360 1727 καὶ
385 1682 580 1738 βιάζεται.
636 1682 706 1740 ἐφ’
737 1679 798 1732 οἷς
823 1680 1048 1739 ἀπειρηκὼς
1071 1680 1265 1734 βασιλεὺς
1287 1677 1528 1737 Νικηφόρον
1552 1680 1626 1734 μὲν

251 1813 306 1849 14.
337 1811 390 1859 τῷ
422 1810 471 1856 μὴ
498 1808 684 1857 ἔνδέοντι]
717 1811 816 1846 Fort.
844 1809 889 1846 τὸ
922 1807 972 1854 μή
997 1807 1037 1844 ἐν
1061 1807 1186 1843 δέοντι
1208 1808 1275 1843 hoc
1297 1819 1420 1843 sensu:
1451 1814 1494 1843 ut
1520 1810 1623 1852 enim,

247 1860 309 1893 ubi
331 1870 384 1892 res
407 1859 579 1902 postulat,
603 1870 671 1893 non
694 1859 810 1892 cedere
831 1858 1058 1902 periculosum
1082 1860 1143 1889 est.
1259 1855 1313 1891 15.
1334 1851 1432 1888 καθ’
1458 1852 1626 1898 ἕκαστον]

246 1905 344 1940 Fort.
371 1901 620 1982 aigrfis'noeetov.
676 1903 768 1948 quod
793 1903 947 1948 sequitur
971 1898 1225 1947 προύξένησεν
1241 1926 1252 1944 ,
1285 1900 1319 1934 in
1356 1900 1444 1935 Cod.
1466 1900 1518 1934 bis
1542 1900 1627 1935 scri-

247 1957 344 1996 ptum
367 1960 403 1983 es
421 1973 431 1983 .

155 2062 363 2099 lineamentis
385 2061 448 2097 tibi
472 2060 589 2097 similis
602 2089 612 2106 ‚
636 2063 676 2095 ut
693 2060 755 2095 nisi
770 2062 902 2095 attente
916 2059 1094 2095 admodum
1108 2070 1172 2093 vos
1187 2058 1396 2093 intuentibus
1420 2057 1509 2093 haud
1524 2058 1627 2093 facile

157 2111 205 2145 sit
218 2110 359 2144 alterum
376 2110 418 2143 ab
435 2109 541 2142 altero
559 2108 762 2141 discernere.
801 2107 889 2140 hunc
904 2107 972 2140 tuis
987 2106 1138 2140 indutum
1152 2106 1253 2139 armis
1267 2105 1346 2139 iube
1361 2109 1420 2138 tuo
1435 2117 1510 2138 cum
1524 2117 1627 2139 exer-

157 2156 228 2191 citu
255 2156 289 2189 in
314 2156 444 2189 hostem
467 2155 540 2188 ire:
574 2159 612 2187 tu
639 2165 722 2187 vero
746 2153 877 2186 interea
900 2157 936 2187 te
951 2152 985 2186 in
1001 2151 1134 2186 occulto
1151 2156 1255 2193 tene,
1278 2155 1315 2184 et
1329 2162 1448 2184 nosces
1465 2151 1625 2185 continuo

158 2201 268 2247 qualis
283 2201 328 2235 sit
342 2212 424 2245 erga
439 2205 473 2234 te
488 2200 727 2243 Hungarorum
742 2197 923 2232 affectus.'’
967 2198 1026 2231 ille
1040 2197 1146 2242 igitur
1159 2197 1316 2242 scapham
1331 2196 1513 2241 ingressus,
1539 2197 1626 2231 clam

157 2247 250 2282 circa
265 2247 343 2281 Istri
359 2247 450 2292 ripas
466 2246 671 2289 obnavigat:
695 2245 825 2278 interea
839 2244 916 2278 dum
930 2243 1018 2277 illius
1035 2255 1078 2277 ex
1092 2244 1201 2277 fratre
1216 2254 1324 2287 nepos
1340 2242 1532 2287 Stephanus
1549 2254 1626 2277 cum

157 2292 363 2337 Hungaricis
387 2303 472 2340 quas
498 2291 648 2325 habebat
662 2290 765 2336 copiis
782 2302 856 2324 cum
875 2301 959 2334 rege
975 2289 1151 2334 Stephano
1168 2289 1328 2334 praelium
1342 2288 1484 2322 initurus
1499 2288 1627 2333 depro-

157 2344 267 2384 perat.
312 2338 373 2372 sed
396 2338 542 2372 nondum
565 2336 716 2371 coiverat
736 2342 880 2380 uterque
906 2335 1097 2378 exercitus,
1123 2340 1197 2368 cum
1222 2333 1278 2379 qui
1296 2334 1503 2379 Stephanum
1520 2334 1628 2367 eomi-

158 2385 318 2418 tabantur
333 2384 510 2428 Hungari,
534 2394 653 2417 manus
666 2382 698 2416 in
714 2382 805 2415 illum
819 2381 985 2424 iniiciunt,
1010 2386 1046 2414 et
1060 2386 1228 2425 tamquam
1252 2385 1345 2413 esset
1362 2379 1555 2425 Stephanus
1570 2379 1630 2414 ille

160 2430 294 2474 senior,
318 2441 431 2463 coram
452 2441 535 2473 rege
561 2440 636 2462 eum
662 2428 798 2461 sistunt.
843 2427 879 2461 in
902 2427 943 2461 iis
965 2427 1098 2472 quidem
1126 2426 1364 2469 Hungarorum
1391 2436 1488 2459 error
1514 2425 1627 2460 desiit.

160 2480 338 2528 postquam
355 2487 396 2510 ea
411 2475 570 2521 princeps
585 2474 763 2515 intellexit,
785 2473 905 2507 iterum
922 2473 1093 2506 admonuit
1109 2472 1316 2517 Stephanum
1332 2474 1452 2504 “nunc
1465 2470 1626 2504 tandem”

160 2521 312 2566 mquiens
337 2521 522 2563 “sufficit‚
553 2521 597 2554 mi
623 2521 732 2553 homo.
780 2526 819 2553 ut
844 2519 930 2553 enim
952 2519 1055 2552 rebus
1078 2529 1116 2552 se
1139 2517 1299 2551 intricare
1330 2527 1398 2550 non
1426 2516 1627 2551 necessariis

161 2566 403 2611 periculosum,
427 2567 476 2601 ita
498 2566 735 2611 intempestiva
759 2565 900 2609 aggredi
921 2565 1058 2598 stultum
1086 2567 1148 2598 est.
1195 2574 1276 2595 ecce
1303 2562 1370 2596 iam
1393 2561 1445 2595 bis
1468 2562 1627 2604 didicisti,

161 2616 288 2655 quanta
310 2613 372 2646 tibi
388 2612 647 2657 unumquodque
672 2611 771 2645 exiis
787 2610 962 2656 paraverit
977 2610 1085 2644 mala=
1117 2620 1160 2642 ne
1177 2612 1214 2642 et
1230 2607 1351 2649 tertio,
1372 2608 1462 2642 bone
1477 2608 1550 2650 vir,
1574 2609 1629 2642 fa-

163 2667 242 2689 cere
259 2658 440 2702 periculum
465 2658 551 2692 velis
567 2671 576 2692 ε
611 2657 768 2692 fortassis
794 2657 881 2690 enim
905 2655 1132 2690 emendandae
1147 2653 1267 2698 culpae
1281 2653 1427 2687 facultas
1443 2665 1510 2688 non
1526 2653 1629 2688 dare-

163 2701 255 2735 tur.’'
303 2702 386 2737 haec
401 2703 531 2749 quidem
547 2703 751 2749 imperator3
767 2702 824 2736 ille
838 2713 922 2736 vero
948 2704 1008 2735 “at
1024 2712 1112 2734 nunc
1127 2700 1230 2734 multo
1246 2700 1352 2744 magis
1365 2699 1386 2715 ”
1404 2699 1515 2754 inquit
1537 2701 1560 2719 ‘⁶
1575 2711 1629 2733 me

162 2747 411 2782 reverebuntur
434 2749 612 2794 Hungari‚
635 2748 714 2794 quia
740 2759 920 2794 perperam
950 2747 1061 2791 egisse
1076 2746 1277 2791 deprehensi
1292 2745 1408 2779 sunt.”
1453 2751 1502 2779 1ta
1518 2745 1629 2778 victus

166 2793 270 2827 semel
287 2793 526 2837 cupiditatibus
544 2795 672 2829 animus
697 2806 811 2828 omnes
828 2806 868 2828 eo
886 2795 1051 2828 transfert
1066 2792 1222 2836 rapitque
1237 2791 1473 2834 cogitationes.
1521 2791 1628 2835 impe-

164 2844 259 2872 rator
273 2838 377 2882 igitur
391 2839 554 2875 hominem
576 2840 801 2886 persuadendi
816 2852 910 2887 spem
927 2850 1058 2875 omnem
1075 2838 1234 2875 abiiciens
1249 2837 1486 2883 Nicephorum
1502 2836 1630 2871 Chalu-

221 2891 422 2929 Cinnamus.
1302 2888 1352 2928 15
