1878 3262
295 232 390 281 190
778 226 1006 274 IOANNIS
1043 226 1271 272 CINNAMI

174 355 207 391 v
228 357 274 391 86
291 346 509 401 χμωθῆναι
544 340 597 384 τὰ
634 343 728 399 τῇδε
767 339 969 398 διήγγελον
981 373 995 394 ,
1033 337 1276 384 διεκώλυσαν
1303 344 1444 386 τοῦτον
1467 344 1539 396 τῆς
1563 339 1740 402 ἐγχειρή-

150 425 179 459 Ρ
205 427 271 461 110
291 429 403 462 σεως.
442 408 528 453 τότε
554 412 621 453 καὶ
647 412 884 469 Βαλὸουίνῳ
908 406 1145 466 κατεάγηκεν
1170 407 1196 464 ἦ
1217 410 1305 467 χεὶρ
1327 410 1400 452 ἀπ’
1425 412 1556 460 αἷτιάς
1566 415 1739 456 τοιᾶσδε.

287 479 548 538 θήρευομένῳ
573 480 752 521 ἐνταῦθα
777 483 834 536 τῷ
857 483 1021 534 βασιλεῖ
1039 482 1172 535 παρῆν
1196 479 1264 520 καὶ
1289 477 1410 528 αὐτὸς
1427 483 1500 521 τοῦ
1519 482 1738 535 γυμνασίου

290 546 490 597 κοινωνός.
555 554 639 598 τοῖς
675 548 753 606 γὰρ
793 547 931 597 ἄλλοις
964 551 1086 588 πᾶσιν
1110 547 1422 602 ἐκπεπληγμένος
1445 546 1516 589 τὸν
1540 547 1741 604 αὕτοκράω

289 634 391 673 τορα
416 617 483 658 καὶ
508 620 626 658 τοῦτο
651 616 696 659 τὸ
721 616 843 674 μέρος
869 616 910 658 εἷ’
927 632 970 671 γε
1007 615 1232 669 εὐδοκιμοίη
1270 619 1416 670 γνῶναι
1452 613 1587 668 ἤθελε.
1654 623 1773 666 wig-5

288 686 422 728 τοίνυν
459 688 532 726 τοῦ
561 685 759 738 βασιλέως
784 685 1149 727 συνεπεκτείνεσθαι
1174 685 1241 725 καὶ
1266 682 1388 733 αὐτὸς
1413 680 1742 740 φιλοτιμούμενος

289 751 437 810 ὁρμαῖς
463 751 666 807 δαιμόνιόν
691 771 780 795 τινα
805 754 894 809 περὶ
918 756 1046 794 ταῦτα
1072 752 1342 809 στρεφομένου
1368 749 1516 809 τρόπον
1532 750 1742 794 {vla-9220&

289 826 349 880 τῷ
369 823 480 879 ἵππῳ
505 820 805 876 κατολισθήσας
828 819 900 876 τήν
924 838 965 863 τε
987 827 1127 877 χεῖρα,
1154 818 1286 877 ὥσπερ
1300 820 1475 877 εἴρηται,
1501 823 1632 870 κακῶς
1644 819 1744 862 ἔπα-

290 894 389 941 θεν,
415 888 465 944 ἢν
489 890 530 931 ἒν
555 894 612 947 τῷ
637 891 863 947 παραυτίκα
889 887 1120 943 καταδήσας
1142 888 1332 942 βασιλεὺς
1356 888 1407 930 τὰ
1432 886 1564 931 εἰκότα
1588 905 1630 931 τε
1656 889 1744 930 ἔπι-

290 956 564 1012 μελησάμενος
601 958 752 1014 ὀλίγαις
786 957 953 1013 ὕστερον
992 955 1216 1011 ἀπήλλαξεν
1252 955 1424 1014 ἡμερῶν.
1490 951 1541 1012 ἦν
1572 956 1650 1014 γὰρ
1676 958 1743 999 καὶ
1756 966 1800 1002 10

290 1024 344 1068 τά
368 1043 410 1082 γε
437 1031 603 1068 τοιαῦτα
630 1026 803 1076 πολλοὺς
827 1030 906 1068 τῶν
933 1025 1000 1067 διὰ
1024 1027 1116 1079 βίου
1143 1027 1231 1082 περὶ
1256 1025 1328 1080 τὴν
1355 1027 1502 1082 ἰατρῶν
1541 1025 1744 1082 ἀναστρα-

238 1104 270 1138 Β
294 1095 446 1152 φέντων
483 1092 743 1150 παρελαύνων
779 1095 930 1149 τέχνην.
1011 1094 1147 1147 ἀμέλει
1183 1095 1250 1136 καὶ
1290 1094 1444 1150 φλέβας
1481 1091 1585 1135 εἶδον
1623 1093 1746 1136 αὐτὸν

290 1162 410 1219 ἔγωγε
448 1163 641 1215 τέμνοντα
676 1164 742 1204 καὶ
777 1161 976 1219 φάρμακα
999 1166 1161 1204 νοσοῦσι
1185 1166 1370 1216 τεχνιτῶν
1396 1162 1545 1221 ἀπορίᾳ
1570 1160 1746 1219 παρεχό-

290 1248 431 1285 μενον,
470 1230 548 1286 ἤδη
589 1231 631 1272 δὲ
669 1232 737 1272 καὶ
775 1230 905 1272 πολλὰ
932 1234 1012 1272 τῶν
1030 1229 1745 1285 Ἀσκληπιαδῶν,συνεισενεγκάμενον

291 1297 512 1356 ἐπιστήμῃ,
540 1298 640 1356 ἅπερ
668 1298 852 1355 ἄγνωστα
877 1296 1003 1354 ταύτῃ
1028 1301 1100 1340 τοῦ
1124 1298 1274 1348 παντὸς
1298 1298 1445 1352 ἒᾲιεινεν
1471 1300 1638 1350 αἰῶνος,
1665 1302 1745 1340 τῶν
1755 1302 1800 1338 15

290 1366 369 1410 ὅσα
395 1369 645 1424 ἐπιχρίεσθαι
670 1368 820 1425 πέφυκε
846 1368 913 1408 καὶ
939 1365 1016 1408 ὅσα
1040 1364 1170 1418 ποτά,
1198 1365 1226 1408 ἃ
1250 1367 1317 1408 καὶ
1342 1365 1469 1417 ἔξεστι
1494 1370 1552 1424 τῷ
1575 1383 1617 1422 γε
1641 1371 1746 1420 βου-

290 1436 445 1494 λομένῳ
471 1438 514 1477 ἐκ
540 1440 619 1478 τῶν
644 1440 786 1478 κοινῶν
811 1435 1077 1491 ἀναλέγεσθαι
1102 1435 1390 1490 νοσοκομείων,
1425 1433 1453 1476 ἃ
1476 1437 1646 1486 ’ξενῶνας
1669 1452 1747 1477 κα-

290 1508 452 1546 λεῖσθαι
478 1504 574 1554 ἔθος
599 1505 717 1546 ἐστίν.
785 1504 889 1545 ἀλλὰ
923 1507 1050 1545 ταῦτα
1074 1503 1147 1557 μὲν
1172 1504 1212 1553 ἔς
1236 1508 1440 1546 τοσοῦτον.
1506 1501 1528 1544 ὅ
1555 1504 1599 1545 δὲ
1621 1507 1747 1558 βασι-

289 1572 381 1620 λεὺς
405 1577 477 1625 τῆς
502 1573 564 1612 ἐπὶ
591 1570 812 1623 Βυζάντιον
836 1571 975 1613 λοιπὸν
999 1572 1208 1626 ἐμέμνητο.
1275 1570 1331 1621 ὡς
1365 1572 1408 1613 δὲ
1441 1571 1513 1626 τὴν
1545 1572 1745 1626 ἐπιτομω-

288 1639 407 1696 τέραν
445 1637 638 1690 ὃὸεύσειε,
675 1640 930 1696 Παμφυλίας
955 1639 1151 1696 ἀφέμενος
1176 1639 1243 1681 διὰ
1263 1641 1502 1689 Λυκαονίας
1524 1640 1650 1694 μέσης
1674 1640 1800 1682 τὸν20

290 1706 464 1763 στρατὸν
501 1702 570 1763 ἦγε
582 1739 595 1759 ,
634 1709 764 1749 καίτοι
802 1707 932 1748 πολλὰ
962 1707 1063 1764 πρὸς
1087 1711 1205 1749 τοῦτο
1231 1712 1304 1750 τοῦ
1329 1708 1502 1750 σουλτὰν
1528 1708 1745 1763 ἀπολέγον-

288 1793 372 1826 τος.
439 1776 573 1830 ἐπειδὴ
598 1780 694 1831 γοῦν
713 1773 908 1832 Ἀράνὸης
934 1775 1059 1830 ἀγχοῦ
1083 1774 1235 1826 πόλεως
1261 1776 1407 1831 ἐγένετο
1419 1808 1431 1826 ,
1470 1775 1746 1831 καταπλαγέν-

289 1861 356 1895 τες
381 1844 418 1886 οἳ
442 1845 601 1901 Πέρσαι
628 1843 778 1901 ᾤχοντο
806 1842 1035 1900 φεύγοντες,
1063 1842 1235 1898 οἰόμενοι
1261 1842 1745 1898 αὖτίκαῬωμαίουςἸκο-

240 1921 270 1957 C
292 1914 362 1971 νίῳ
393 1916 650 1971 προσβαλεΐν.
717 1910 771 1960 ὡς
797 1913 839 1954 δὲ
866 1913 980 1953 οὐδὲν
1005 1912 1142 1959 αὐτοῖς
1165 1912 1266 1967 πρὸς
1291 1915 1370 1953 τῶν
1389 1910 1596 1966 Ῥωμαίων
1622 1911 1746 1968 ἄχαρι

289 1983 438 2037 ἐγένετο
452 2011 465 2032 ,
493 1977 778 2036 ἀνεθάρσησάν
802 1996 844 2021 τε
870 1980 937 2020 καὶ
961 1982 1040 2021 τῶν
1065 1978 1294 2034 ἐπιτηδείων
1317 1980 1549 2038 ἐκφέροντες
1573 1980 1797 2038 ἄφθονα25

291 2088 338 2122 ibi
363 2086 478 2121 novari
502 2086 710 2131 nuntiantes,
740 2087 783 2122 ab
806 2086 943 2134 incepto
968 2098 1042 2122 eum
1066 2087 1280 2134 prohibuere.
1325 2087 1442 2122 eodem
1465 2087 1566 2121 etiam
1589 2089 1744 2132 tempore

290 2133 474 2168 Balduinus
505 2144 604 2166 manu
632 2134 741 2167 laesus
767 2138 818 2168 est
841 2134 1002 2168 eiusmodi
1016 2134 1059 2168 ab
1076 2145 1185 2169 causa.
1230 2133 1370 2167 venanti
1383 2133 1423 2167 iis
1436 2133 1470 2166 in
1485 2132 1568 2166 locis
1587 2132 1742 2178 principi,

292 2179 411 2212 aderat
427 2185 462 2212 et
475 2178 547 2223 ipse
562 2178 596 2212 in
613 2190 654 2212 ea
669 2179 914 2214 exercitatione
932 2179 1055 2214 socius.
1099 2190 1173 2214 nam
1188 2179 1246 2224 qui
1259 2179 1294 2213 in
1310 2178 1430 2212 ceteris
1442 2178 1544 2212 rebus
1556 2177 1744 2222 imperato-

292 2235 363 2259 rem
390 2224 635 2263 admirabatur,
665 2236 742 2258 num
765 2230 801 2259 et
822 2225 855 2258 in
879 2236 920 2258 ea
944 2230 1156 2270 praestaret,
1186 2235 1388 2268 cognoscere
1404 2222 1581 2267 gestiebat.
1623 2223 1741 2268 itaque

291 2269 479 2314 agilitatem
495 2273 530 2302 et
544 2269 774 2313 pernicitatem
790 2270 967 2316 principis,
996 2271 1078 2304 mire
1091 2271 1125 2304 in
1139 2270 1189 2304 his
1205 2269 1359 2310 exerciti,
1387 2267 1507 2302 imitari
1520 2268 1740 2313 contendens,

290 2314 485 2360 imprudens
508 2325 581 2347 cum
604 2325 691 2358 equo
717 2315 884 2356 concidit,
915 2321 968 2359 ει,
998 2321 1036 2349 ut
1057 2316 1149 2359 dixi,
1179 2326 1308 2349 manum
1321 2313 1472 2358 graviter
1484 2313 1604 2348 laesit=
1638 2325 1739 2359 quam

290 2361 324 2395 in
341 2360 530 2406 praesentia
545 2359 684 2404 alligans
697 2360 879 2404 imperator
890 2388 900 2404 ,
931 2361 1060 2395 idoneis
1075 2361 1230 2395 adhibitis
1243 2359 1415 2402 remediis,
1443 2359 1559 2404 paucis
1573 2364 1651 2404 post
1666 2360 1742 2394 die-

291 2407 355 2440 bus
377 2405 520 2440 sanavit.
567 2405 603 2439 in
624 2405 675 2438 his
698 2406 783 2439 enim
799 2406 928 2438 illorum
943 2408 1128 2451 superabat
1141 2410 1246 2440 artem
1257 2430 1267 2447 ‚
1298 2405 1404 2450 quise
1418 2416 1479 2450 per
1493 2415 1622 2440 omnem
1637 2405 1742 2441 vitam

290 2452 324 2486 in
341 2451 507 2486 medicina
521 2454 748 2488 exercuerant.
794 2450 873 2484 inde
887 2456 921 2484 et
937 2463 1040 2486 venas
1056 2455 1192 2496 egomet
1204 2457 1373 2485 secantem
1386 2450 1473 2495 vidi,
1502 2453 1538 2484 et
1559 2451 1742 2495 pharmaca

289 2497 455 2541 aegrotis,
487 2497 690 2531 medicorum
717 2496 876 2542 penuria,
908 2498 1137 2541 praebentem.
1185 2497 1227 2531 ad
1253 2497 1335 2530 haec
1347 2495 1448 2530 multa
1467 2495 1741 2541 Asclepiadarum

292 2543 454 2576 scientiae
481 2542 608 2576 addidit
621 2567 631 2585 ,
662 2553 748 2586 quae
762 2541 810 2575 illi
827 2553 846 2575 a
862 2546 916 2575 tot
930 2543 1050 2576 seculis
1065 2544 1200 2576 fuerant
1213 2541 1382 2586 incognita
1393 2566 1404 2585 ,
1436 2545 1503 2575 tum
1517 2541 1552 2575 in
1571 2541 1742 2585 fomentis,

291 2593 363 2621 tum
378 2588 411 2621 in
425 2588 506 2632 ipsis
522 2587 732 2632 potionibus;
757 2599 842 2633 quae
857 2588 965 2621 omnia
980 2588 1139 2632 colligere
1153 2587 1254 2622 facile
1267 2586 1376 2632 quivis
1390 2587 1516 2631 poterit
1533 2599 1577 2621 ex
1592 2598 1739 2622 commu-
1796 2602 1798 2604 ’

290 2633 389 2667 nibus
413 2634 630 2675 nosocomiis,
660 2645 748 2677 quae
773 2644 922 2667 xenones
947 2634 1062 2667 vocari
1077 2634 1178 2677 vulgo
1193 2633 1310 2667 solent.
1355 2631 1434 2666 inde
1457 2633 1657 2677 Byzantium
1678 2643 1739 2667 re-

290 2678 380 2713 verti
395 2678 516 2712 statuit
530 2678 711 2722 imperator
724 2691 734 2712 t
760 2684 799 2712 ut
812 2690 896 2713 vero
911 2679 1056 2712 breviori
1069 2679 1189 2712 itinere
1204 2689 1244 2712 eo
1259 2677 1470 2722 perveniret,
1501 2678 1621 2713 relicta
1634 2678 1739 2712 Pam-

290 2723 406 2770 phylia
418 2749 428 2765 ‚
459 2735 520 2768 per
535 2723 675 2757 mediam
691 2724 896 2767 Lycaoniam
910 2724 1091 2758 exercitum
1108 2723 1195 2768 egit,
1221 2723 1301 2757 licet
1317 2723 1452 2757 multum
1468 2724 1640 2758 obnitente
1655 2722 1737 2758 Sul-

288 2775 383 2804 tano.
430 2769 488 2802 ubi
501 2773 612 2802 autem
625 2769 668 2802 ad
682 2769 849 2803 Arandem
865 2769 1036 2802 civitatem
1051 2768 1226 2814 pervenit,
1256 2769 1460 2803 consternati
1476 2770 1605 2803 Persae
1619 2769 1735 2812 fugam

292 2814 501 2860 capessivere
511 2842 521 2858 ‚
540 2814 710 2847 Romanos
725 2815 837 2848 statim
852 2814 896 2848 ad
907 2814 1055 2848 Iconium
1070 2818 1180 2848 castra
1194 2813 1362 2858 posituros
1380 2815 1456 2848 rati.
1487 2824 1605 2848 verum
1618 2818 1656 2849 ut
1669 2813 1735 2848 nd-

292 2864 470 2896 verterunt
497 2860 540 2896 ab
566 2859 608 2894 iis
632 2859 752 2894 hostile
776 2859 857 2894 nihil
882 2858 1094 2906 perpetrari,
1131 2863 1299 2905 resumpta
1335 2859 1479 2904 fiducia,
1518 2863 1734 2895 commeatum
