1878 3262
270 217 368 265 368
717 215 924 259 GAROLI
952 215 1032 280 Du
1065 214 1278 259 FRESNE

260 339 479 380 properare
515 323 703 364 studuit:
755 336 931 376 moxque
965 329 1013 363 ut
1041 323 1094 363 ad
1122 323 1318 363 basilicam
1345 325 1472 366 sancti
1496 326 1602 367 Petri
1630 339 1731 379 per-

316 383 395 421 nit:
1475 384 1479 388 ”

267 396 315 424 ve
483 438 673 490 extemplo
685 451 911 490 properans
936 437 1111 476 Carolus
1131 444 1362 476 veneranter
1382 436 1530 478 adorat

477 496 712 546 pontificem
735 495 978 546 amplectens
997 508 1208 546 magnum.

264 550 394 590 Caroli
412 553 607 602 parentis,
650 557 690 590 et
707 551 835 603 Pipini
852 551 919 591 avi
940 551 1121 603 exemplo
1143 551 1186 588 in
1207 551 1427 588 Romanam
1445 549 1596 598 sedem,
1626 556 1667 590 et
1693 551 1730 589 d.

122 608 151 642 P
175 609 240 645 471
266 607 373 646 Petri
391 620 652 659 successores,
696 608 831 647 eadem
849 609 1005 660 pietatis
1025 614 1066 646 et
1080 607 1324 647 reverentiae
1344 606 1527 657 obsequia
1541 608 1735 659 impendit

263 663 510 715 Ludovicus,
550 679 632 703 non
655 665 852 704 immerito
883 666 990 704 Pius.
1049 663 1258 716 Theganus
1281 677 1314 702 c.
1335 667 1387 706 16
1415 669 1461 701 ut
1488 663 1733 715 Stephanum

263 721 491 774 pontificem
508 721 551 760 in
572 722 740 760 Galliam
765 722 990 762 venientem
1013 722 1213 774 exceperit
1236 721 1343 759 idem
1364 721 1595 772 imperator,
1624 733 1733 760 enar-

263 791 379 827 rans,
402 780 604 831 pervenit,
634 779 786 830 inquit,
819 787 917 831 post
937 781 1082 816 missos
1102 778 1294 816 dominus
1309 777 1555 815 Ludovicus
1574 777 1734 832 obpiam

262 849 392 887 supra
417 834 528 874 dicto
551 837 762 888 pontifici,
801 836 971 875 obvians
991 838 1028 873 ei
1051 837 1258 887 in'campo
1278 848 1426 887 magno
1447 835 1736 874 Remmium:

263 891 468 931 descendit
495 900 661 946 uterque
689 892 740 931 de
772 907 873 945 equo
900 907 997 942 suo,
1037 900 1073 930 et
1082 894 1276 944 princeps
1294 906 1335 929 se
1346 899 1605 943 prosternens
1626 892 1736 929 omni

265 962 428 1001 corpore
457 951 501 988 in
533 958 683 987 terram
716 950 850 987 tribus
876 949 1037 987 vicibus
1066 957 1161 987 ante
1174 948 1299 1001 pedes
1318 950 1428 986 tanti
1436 949 1668 1000 pontificis,
1698 954 1734 985 et

267 1008 389 1044 tertia
405 1008 491 1044 vice
510 1014 660 1044 erectus
677 1006 880 1043 salutavit
891 1006 1146 1057 pontificem,
1199 1005 1362 1044 dicens.-
1401 1004 1632 1044 benedictus
1661 1005 1736 1056 qui

268 1064 377 1102 venit
391 1064 436 1100 in
455 1065 613 1100 nomine
631 1061 798 1101 domini.
841 1063 1071 1114 praesertim
1089 1076 1185 1102 vero
1207 1062 1434 1102 Ludovicus
1454 1063 1489 1101 11
1506 1062 1736 1113 imperator,

267 1119 326 1157 Pii
343 1131 393 1156 ex
409 1118 597 1157 Lothario
616 1132 760 1171 nepos,
791 1119 928 1158 eadem
947 1133 1046 1171 quae
1060 1120 1243 1171 pipinus,
1271 1119 1432 1158 Nicolao
1457 1133 1611 1158 summo
1630 1131 1736 1170 pon-

267 1175 366 1214 tifici
383 1175 567 1214 exhibuit
587 1176 726 1215 officia.
782 1190 877 1215 nam
895 1190 984 1215 cum
1003 1177 1187 1215 Nicolaus
1205 1177 1247 1214 in
1265 1175 1476 1226 Ludovici‚
1505 1189 1606 1227 quae
1625 1174 1736 1214 haud

268 1232 411 1285 procul
433 1232 560 1270 Roma
593 1234 721 1285 posita
742 1239 876 1283 erant,
919 1241 1044 1272 castra
1068 1233 1347 1283 descenderet,
1383 1233 1737 1270 excellentissimus·

266 1304 385 1343 quem
403 1303 493 1328 cum
513 1287 682 1327 vidisset
698 1289 934 1342 Augustus,
964 1292 1053 1328 suis
1072 1290 1263 1328 manibus·
1279 1288 1587 1341 apprehendens,
1609 1287 1736 1341 pede-

268 1348 348 1384 stri
363 1360 492 1397 more,
523 1354 720 1398 quantum
743 1349 923 1400 sagittae
949 1354 1108 1386 tractus
1137 1346 1386 1399 extenditur,
1417 1347 1555 1384 traxit.
1613 1345 1738 1386 verba

268 1409 364 1442 sunt
381 1403 600 1453 Anastasii,
631 1405 699 1455 qui
717 1404 760 1442 id
778 1418 939 1443 rursum
962 1405 1010 1443 ab
1034 1404 1238 1443 Ludovico
1252 1403 1487 1456 praestitum
1506 1403 1630 1441 refert
1646 1407 1740 1454 post

267 1467 480 1512 exceptum
497 1461 680 1500 convivio
699 1461 946 1513 pontificem:
984 1460 1043 1500 ad
1066 1460 1283 1513 quemdam
1308 1459 1472 1513 quidem
1489 1473 1582 1497 cum
1592 1473 1738 1511 perve-

263 1519 416 1556 nissent
434 1519 778 1568 spatiosissimum
804 1520 962 1556 itineris
981 1519 1116 1566 locum
1128 1549 1139 1567 ,
1169 1519 1388 1570 imperator
1414 1531 1513 1569 equo
1533 1515 1737 1555 descendit

263 1588 490 1626 equumque
505 1575 717 1625 pontificis
737 1577 885 1612 iterum
915 1583 963 1613 ut
978 1576 1236 1612 meminimus
1251 1589 1381 1625 supra
1400 1575 1527 1611 traxit
1539 1604 1550 1625 ‚
1580 1572 1736 1611 duleis-

262 1632 457 1682 simisque
486 1630 639 1668 osculi-9
663 1629 722 1668 ad
750 1633 922 1669 invicem
940 1638 1175 1683 perorantes
1204 1632 1369 1683 luciflue
1387 1631 1598 1681 gratulati
1626 1636 1732 1667 sunt.

264 1700 348 1726 non
364 1687 513 1725 mirum
534 1686 656 1738 igitur
677 1687 708 1725 si
729 1687 981 1726 Germanicae
1012 1688 1145 1739 stirpis
1175 1688 1341 1739 Augusti
1369 1687 1604 1737 Francicos‚
1643 1685 1738 1736 qui-

262 1744 339 1783 bus
362 1750 653 1794 successerant,
693 1744 835 1782 imitati
863 1745 1000 1782 iisdem
1019 1745 1220 1797 prosecuti
1237 1750 1332 1782 sunt
1349 1743 1569 1782 honoribus
1587 1744 1735 1782 Roma-

261 1814 335 1839 nos
363 1800 568 1853 pontifices
599 1806 640 1838 et
664 1801 932 1851 equitantibus
952 1802 1000 1840 iis
1017 1807 1236 1840 stratorum
1255 1800 1390 1840 munia
1409 1800 1605 1839 obierunt.
1648 1799 1735 1851 pri-

260 1871 350 1909 mus
371 1870 421 1895 ex
438 1857 486 1895 iis
503 1858 680 1896 occurrit
699 1858 895 1906 Henricus
910 1858 960 1909 V,
987 1859 1055 1910 qui
1077 1858 1122 1897 A.
1144 1861 1248 1900 1111
1267 1858 1436 1896 Romam
1454 1857 1630 1907 venienti,
1653 1861 1736 1894 sta-

263 1915 335 1953 tim
361 1920 409 1953 ut
426 1913 655 1953 Paschalem
675 1915 709 1953 Π
736 1916 964 1967 conspexit,
998 1914 1059 1953 ad
1075 1917 1165 1953 eius
1181 1917 1360 1967 vestigia
1377 1916 1558 1964 corruit,
1586 1927 1739 1951 exsur-

260 1986 461 2024 gensque,
488 1973 532 2009 in
548 1973 708 2010 nomine
727 1974 952 2022 trinitatis,
982 1974 1028 2010 in
1049 1986 1136 2021 ore,
1157 1974 1321 2022 fronte,
1348 1972 1500 2022 oculis,
1544 1972 1601 2008 eis
1615 1970 1739 2022 pacis,

265 2029 453 2065 osculum
472 2027 604 2077 dedit,
634 2032 903 2082 stratorisque
919 2030 1101 2081 implevit
1125 2029 1334 2080 officium,
1371 2035 1419 2066 ut
1436 2027 1573 2064 scribit
1589 2027 1732 2063 Petrus

264 2083 374 2122 Diae.
394 2084 420 2124 l.
438 2083 466 2126 4
486 2085 580 2126 Chr.
605 2086 734 2125 Casin.
753 2100 787 2126 c.
805 2089 874 2128 39.
931 2092 1103 2124 testatur
1120 2090 1323 2137 praeterea
1335 2084 1518 2135 Sugerius
1538 2083 1581 2121 in
1596 2080 1734 2120 Ludo-

265 2138 346 2179 vic.
365 2138 418 2177 Vl
441 2141 675 2181 Lotharium
694 2143 998 2195 imperatorem,
1032 2142 1195 2181 Henrici
1209 2153 1486 2192 successorem,
1514 2140 1558 2179 in
1571 2138 1732 2178 civitate

266 2193 473 2234 Leodiensi
491 2194 720 2233 Innocentio
735 2200 769 2239 ΙΙ
788 2213 857 2252 pp.
877 2205 1147 2239 occurrentem
1158 2230 1168 2249 ,
1200 2201 1245 2237 in
1260 2199 1403 2250 platea
1419 2205 1510 2236 ante
1529 2196 1731 2248 episcopa-

268 2254 346 2292 lem
366 2251 572 2289 ecclesiam
591 2250 820 2291 humillime
838 2271 879 2296 se
900 2259 1036 2309 ipsum
1055 2264 1269 2294 stratorem
1293 2256 1484 2294 obtulisse
1505 2260 1541 2290 et
1554 2250 1732 2304 peditem

262 2323 338 2362 per
357 2306 535 2346 medium
555 2314 721 2345 sanctae
736 2317 1008 2359 processionis
1034 2313 1095 2352 ad
1116 2327 1206 2352 eum
1220 2314 1467 2363 festinasse,
1495 2309 1585 2346 alia
1603 2322 1733 2348 manu

266 2367 429 2417 virgam
460 2362 520 2402 ad
546 2362 857 2417 defendendum,
898 2365 988 2403 alia
1009 2365 1206 2415 fraenum
1229 2369 1318 2407 albi
1340 2369 1433 2421 equi
1455 2367 1733 2418 accipientem,

266 2429 481 2474 tamquam
499 2419 712 2459 dominum
730 2419 956 2461 deduxisse.
1012 2421 1082 2460 ubi
1099 2421 1227 2459 obiter
1247 2422 1539 2460 observandum
1551 2453 1564 2469 ,
1603 2423 1734 2471 impe-

265 2479 391 2517 ratori
413 2478 564 2530 virgam
586 2477 638 2516 ad
659 2477 897 2516 dirimendas
917 2483 1171 2516 occurrentes
1190 2477 1329 2516 turbas
1348 2475 1481 2525 tribui,
1517 2475 1626 2525 quod
1645 2482 1737 2516 erat⁴

265 2535 523 2587 praecipuum
542 2540 760 2573 stratorum
778 2547 941 2585 munus,
970 2534 1068 2573 adeo
1085 2540 1133 2572 ut
1150 2534 1266 2586 Hugo
1281 2533 1464 2584 Plagon,
1493 2538 1610 2571 vetus
1627 2533 1732 2572 Wil-

263 2591 370 2630 lelmi
401 2592 510 2643 Tyrii
541 2591 730 2631 antistitis
757 2592 952 2643 interpres
979 2591 1152 2631 Gallicus
1178 2604 1250 2629 ms.
1273 2589 1372 2628 haec
1399 2589 1522 2628 verba
1549 2602 1599 2627 ex
1622 2589 1650 2628 l.
1676 2588 1737 2631 15-

265 2660 299 2687 c.
322 2650 363 2688 3.
390 2646 553 2686 domino
581 2650 766 2700 principe
793 2648 1037 2701 dominoque
1064 2649 1206 2686 comite
1233 2647 1424 2684 stratoris
1451 2646 1637 2697 officium
1662 2659 1728 2684 ex-

264 2704 519 2756 sequentibus
552 2703 614 2742 his
643 2705 865 2745 vernaculis
888 2705 1131 2744 reddiderit:
1177 2704 1230 2742 ils
1253 2704 1427 2740 tenoient
1453 2717 1570 2755 verge
1597 2709 1634 2740 et
1663 2701 1731 2740 de·-

253 2761 457 2812 faisoient
478 2762 523 2798 la
533 2775 672 2812 presse
689 2761 837 2801 devant
858 2776 944 2801 eux.
1001 2775 1081 2813 quo
1099 2760 1216 2799 etiam
1235 2765 1411 2812 spectant
1432 2773 1533 2811 quae
1556 2759 1606 2798 de
1628 2758 1728 2798 Fre-

267 2817 400 2856 dorico
428 2817 446 2856 I
473 2816 652 2869 imperat.
666 2847 678 2868 ,
709 2818 758 2857 de
776 2832 855 2870 quo
875 2831 992 2867 mox,
1031 2817 1153 2856 habet
1183 2816 1429 2855 Romualdus
1457 2816 1730 2855 Salernitsnus

266 2873 578 2928 archiepiscopus
609 2874 662 2912 ad
686 2874 734 2916 A.
766 2878 874 2917 1177
880 2890 891 2914 :
931 2876 1151 2926 imperator
1178 2880 1336 2926 autem,
1379 2880 1426 2912 ut
1454 2873 1730 2928 humilitatem
