1878 3262
243 188 342 234 376
696 160 901 229 emon
933 186 1014 228 ms
1047 186 1259 247 FRESNE

242 296 371 345 sedem
389 293 552 346 pridem
574 293 831 344 habuissent,
862 295 933 346 qui
960 301 995 332 et
1012 294 1202 346 Augusti
1223 296 1483 336 vocabantur.
1539 298 1584 335 in
1597 309 1699 348 pro·
1871 297 1878 348 1

234 355 335 406 pria
366 351 520 390 Cliristi
547 353 783 390 nativitatis
809 351 1059 389 solemnitate
1091 351 1262 390 Carolus
1288 366 1381 390 cum
1405 355 1699 392 consecratione
1874 349 1878 355 '

241 423 382 447 nomen
401 407 589 460 Augusti
609 410 900 460 imperiumque
918 421 946 445 a
960 421 1074 459 papa
1093 409 1225 446 Leone
1243 411 1428 461 suscepit.
1464 425 1509 448 ex
1527 410 1603 448 lzoc
1619 410 1701 461 igi.

241 473 311 503 tur
337 472 510 516 tempore
543 466 792 504 Graecorum
825 466 990 516 imperio
1029 463 1145 515 apud
1176 464 1427 503 Occidentem
1456 473 1702 506 evanescente

100 527 129 561 P
153 526 219 562 477
242 535 385 561 nomen
405 520 529 559 rediit
551 523 808 573 imperatoris
835 520 895 559 ad
916 519 1116 572 quasdam
1126 528 1268 572 partes
1294 521 1537 574 Occidentis,
1555 537 1600 561 ex
1622 536 1701 575 quo

241 577 443 632 quaedam
460 579 639 616 Romani
658 579 819 630 imperii
831 580 953 629 facta
970 585 1028 615 est
1047 579 1249 631 confusio,
1269 577 1369 617 dum
1385 577 1544 618 duobus
1563 593 1702 617 nomen

242 649 371 674 unum
399 635 622 673 tenentibus
648 634 795 674 divisio
825 635 973 672 minuit
991 641 1252 685 potestatem,
1288 643 1325 673 et
1347 638 1455 674 sicut
1477 649 1504 673 a
1522 636 1606 673 solo
1628 635 1699 673 deo

244 693 495 732 Graecorum
504 691 652 744 pendet
671 693 884 743 imperium
897 722 909 740 ‚
937 692 999 729 ita
1015 705 1042 728 a
1062 687 1151 729 sede
1173 692 1363 730 Romana
1386 691 1614 731 Occidentis
1630 706 1702 730 as-

240 751 339 787 serit
350 747 522 800 pendere
541 751 766 799 imperium.
824 762 907 786 ecce
923 754 1057 785 tamen
1074 762 1184 787 nova
1203 755 1238 786 et
1255 750 1459 787 inusitata
1475 754 1703 787 commuta·-

241 808 349 844 tione
353 804 494 860 facit,
525 813 570 843 ut
581 819 700 856 papa
719 805 830 842 solus
850 806 1031 855 insignia
1041 806 1158 854 ferat
1177 806 1411 856 imperialia
1431 813 1467 843 et
1487 807 1703 856 imperator

241 864 457 920 Romanus
471 876 612 900 nomen
632 862 838 913 imperiale
855 868 986 898 teneat
1002 862 1077 899 sub
1095 862 1342 913 vulgaribus
1365 863 1540 900 aliorum
1564 875 1704 913 regum

241 918 486 970 insignibus.
538 933 655 970 papa
685 917 896 955 dominum
925 917 1038 955 urbis
1067 932 1116 956 ac
1144 919 1370 969 imperialis
1395 917 1501 956 sedis
1526 933 1566 955 se
1582 932 1705 956 mon-

241 982 349 1014 strat
370 982 406 1012 et
436 977 652 1027 imperator
670 975 744 1012 sub
767 977 925 1012 nomine
946 973 1235 1012 dominationis
1249 989 1385 1027 papae
1401 977 1583 1013 minister
1603 973 1705 1012 dici-

242 1039 312 1070 tur
343 1039 380 1069 et
407 1033 451 1069 in
481 1031 768 1084 temporalibus
788 1031 1065 1082 apostolorum
1082 1039 1306 1069 exsecutor:
1345 1032 1414 1069 liic
1434 1032 1503 1069 ille
1522 1033 1707 1069 vicarius

247 1089 402 1128 Clzristi
422 1095 458 1125 et
477 1088 754 1139 apostolorum
773 1101 976 1126 successor
994 1096 1174 1125 vocatur.
1232 1102 1317 1126 ecce
1337 1102 1459 1140 quam
1477 1089 1618 1140 infilix
1635 1101 1707 1125 ur.

245 1146 307 1183 bis
320 1146 568 1197 permutatio
580 1173 591 1193 ,
622 1158 724 1195 quae
744 1144 820 1181 sub
839 1145 1008 1193 unitate,
1039 1151 1087 1182 ut
1106 1143 1207 1182 dicit
1219 1158 1336 1196 papa
1348 1174 1360 1194 ,
1395 1144 1568 1182 dominii
1597 1142 1707 1182 duo-

242 1201 316 1240 bus
334 1203 479 1239 servire
499 1199 677 1248 dicatur,
698 1201 771 1237 uni
791 1214 835 1237 ex
854 1213 1015 1248 corona,
1048 1201 1168 1237 alteri
1187 1215 1232 1238 ex
1251 1202 1446 1252 potentia.
1502 1215 1641 1240 verum
1661 1202 1707 1238 in

241 1258 317 1296 hoc
346 1259 543 1309 antiquae
573 1256 804 1295 nobilitatis
822 1254 1060 1294 recordatur
1080 1257 1335 1309 efferitatem,
1365 1256 1478 1309 quod
1494 1260 1707 1308 utriusque

243 1314 401 1352 domini
425 1315 562 1352 Roma
590 1321 810 1365 utrumque
833 1311 1042 1350 dominum
1064 1315 1268 1361 nominat,
1307 1327 1398 1351 cum
1420 1327 1496 1364 pro
1517 1328 1617 1352 suae
1636 1327 1707 1352 νο-

243 1373 417 1411 luntatis
436 1371 607 1408 arbitrio
626 1372 718 1422 ipsa
737 1372 900 1421 utrique
918 1368 1166 1420 dominetur,
1198 1371 1359 1421 utrique
1378 1371 1565 1420 molesta,
1598 1371 1706 1408 utri-

244 1442 321 1480 que
340 1429 565 1477 cervicosa,
595 1434 782 1464 neutrum
800 1427 926 1478 fugit
954 1434 989 1463 et
1012 1433 1228 1478 utrumque
1239 1428 1366 1478 parvi
1379 1425 1534 1477 pendit.
1591 1424 1710 1477 apud

236 1486 444 1536 principes
463 1484 731 1522 Alemanniae
748 1485 1004 1534 imperatoris
1022 1489 1080 1520 est
1098 1483 1258 1531 electio,
1287 1481 1405 1534 apud
1416 1496 1571 1534 papam
1595 1483 1708 1520 electi

244 1541 496 1592 confirmatio
516 1547 552 1577 et
570 1541 829 1587 consecratio,
852 1546 888 1576 et
907 1552 1012 1577 nova
1032 1538 1270 1577 discretione
1283 1541 1502 1590 imperator
1519 1541 1708 1577 nomina-

244 1604 313 1635 tur
335 1603 382 1634 ut
400 1595 602 1644 dominus,
632 1602 888 1633 consecratur
910 1602 955 1632 ut
977 1609 1059 1632 non
1081 1594 1294 1633 dominus.-
1322 1609 1457 1646 nempe
1475 1595 1709 1646 imperialia

243 1667 324 1692 non
344 1654 495 1704 accipit
513 1653 716 1703 insignia,
747 1665 849 1702 quae
866 1652 946 1688 sibi
964 1653 1043 1689 soli
1056 1665 1177 1702 papa
1195 1652 1348 1689 collata
1368 1660 1577 1689 conservat
1598 1659 1635 1688 et
1651 1650 1712 1689 ad

245 1710 376 1748 altare
394 1708 598 1747 modicum
620 1710 663 1746 in
683 1707 819 1745 dextro
841 1708 962 1744 latere
982 1708 1178 1744 basilicae
1203 1709 1338 1744 sancti
1359 1710 1474 1745 Petri
1497 1721 1708 1746 consecra-

244 1774 314 1804 tur
334 1780 362 1803 a
379 1766 463 1803 solo
477 1779 594 1816 papa
606 1793 618 1812 ,
648 1778 741 1801 cum
761 1779 779 1801 e
801 1761 956 1802 diverso
972 1778 1085 1814 papa
1106 1765 1360 1814 imperatoris
1377 1766 1560 1816 insignia
1579 1771 1710 1802 teneat

246 1830 282 1861 et
313 1820 372 1860 ad
397 1822 529 1859 altare
555 1828 718 1858 tantum
747 1821 880 1857 sancti
899 1822 1013 1857 Petri
1044 1822 1315 1858 inunctionem
1342 1823 1557 1872 suscipiat.
1611 1835 1710 1859 sane

250 1878 728 1929 Constantinopolitanus
749 1878 977 1927 imperator,
1000 1875 1090 1914 sede
1106 1874 1282 1926 mutata,
1302 1891 1382 1914 non
1401 1876 1612 1929 dignitate,
1632 1870 1717 1916 suox

248 1938 350 1984 iure,
369 1948 450 1972 non
463 1935 610 1985 papali
629 1933 812 1984 beneficio
835 1933 1068 1983 imperialia
1083 1941 1217 1985 gestat
1234 1935 1416 1985 insignia
1435 1941 1471 1971 et
1486 1935 1598 1972 velut
1607 1947 1710 1985 pro-

236 1993 368 2043 fusae
398 1991 634 2042 largitionis
661 1989 835 2027 donator
867 1988 1127 2027 donatarium
1163 2004 1284 2028 suum
1312 1986 1517 2028 summum
1537 1990 1708 2041 pontifi-

249 2061 331 2086 cem
345 2061 425 2085 non.
442 2054 581 2086 evocat
595 2048 639 2084 in
659 2045 916 2084 adiutorium
933 2045 1044 2083 domi
1062 2046 1212 2084 liabens
1232 2061 1332 2084 suae
1349 2046 1564 2098 dignitatis
1571 2046 1709 2098 pleni—

250 2103 442 2142 tudinem.
499 2117 638 2142 verum
656 2101 703 2140 de
724 2103 800 2140 hoc
823 2105 1024 2153 querelam
1033 2103 1176 2154 facere
1192 2111 1326 2154 potest
1346 2103 1539 2141 adversus
1556 2103 1708 2154 benefi-

251 2162 408 2198 ciatum
421 2189 433 2209 ,
472 2159 585 2211 quod
611 2174 703 2197 cum
722 2173 766 2196 ex
789 2159 1046 2197 Constantini
1068 2160 1250 2211 beneficio
1271 2162 1505 2198 immensam
1522 2161 1709 2210 receperit

250 2231 344 2255 cum
363 2216 571 2267 singulari
590 2216 738 2253 lzonore
761 2214 1017 2253 donationem
1039 2218 1222 2268 principi
1242 2217 1322 2254 soli
1343 2215 1516 2254 debitam
1533 2229 1614 2253 non
1635 2215 1707 2253 de-

252 2274 341 2312 buit
360 2287 580 2323 usurpare,
608 2279 651 2310 ut
670 2273 747 2309 alii
770 2272 965 2324 conferret
984 2271 1174 2324 Augusti
1191 2274 1509 2324 appellationem.
1566 2279 1604 2309 et
1624 2274 1709 2310 nisi

251 2344 297 2368 os
322 2328 478 2369 viderer
503 2331 547 2366 in
577 2328 734 2366 caelum
753 2343 911 2379 ponere,
941 2337 1168 2367 constanter
1192 2329 1371 2380 dicerem,
1397 2336 1473 2366 aut
1497 2330 1708 2380 imperium

250 2388 427 2426 Romam
443 2400 525 2423 non
539 2399 656 2436 posse
678 2387 858 2423 cuiusvis
875 2387 1130 2437 imperatoris
1150 2387 1366 2437 largitione
1387 2399 1541 2434 exuere,
1573 2393 1648 2422 aut
1669 2387 1708 2423 si

247 2445 386 2496 potuit
409 2444 472 2481 vis
497 2443 655 2493 imperii
675 2443 719 2478 in
738 2442 970 2493 pontificem
990 2450 1157 2492 mutare,
1179 2457 1259 2480 non
1277 2443 1416 2493 potuit
1432 2443 1476 2479 in
1497 2440 1708 2480 donatoris

245 2498 554 2551 praeiudicium
570 2497 814 2537 donatarius
830 2499 1015 2549 Augusti
1032 2513 1194 2549 nomen,
1235 2496 1347 2550 quod
1365 2499 1447 2549 ipse
1467 2513 1547 2536 non
1565 2499 1709 2539 habuit

251 2556 331 2592 alii
350 2557 538 2605 conferre.
593 2569 713 2606 porro
736 2556 956 2607 quiescente
974 2557 1218 2594 contentione
1246 2561 1330 2592 tute
1357 2553 1515 2592 videtur
1533 2553 1654 2604 deus,
1685 2568 1708 2592 o

250 2613 438 2664 princeps
462 2613 750 2661 sacratissime,
778 2615 920 2651 veteris
944 2612 1168 2663 imperialis
1188 2610 1405 2662 dignitatis
1415 2610 1711 2661 plenitudinem

249 2669 472 2720 conflasse,
513 2666 614 2705 dum
641 2682 685 2706 ex
705 2683 845 2719 genere
870 2668 1067 2717 oriundus
1085 2667 1288 2719 imperiali
1305 2665 1483 2718 duplicis
1507 2669 1710 2706 electionis

251 2731 289 2763 et
310 2725 479 2776 papalis
505 2725 826 2775 confirmationis
845 2726 992 2763 stolam
1012 2725 1216 2773 meruisti,
1245 2722 1448 2775 dignoque
1469 2722 1535 2762 dei
1552 2723 1708 2763 iudicio

252 2782 468 2820 restitutus
498 2781 543 2818 in
569 2795 738 2832 regnum
758 2781 832 2820 sub
857 2783 943 2819 eius
964 2782 1227 2832 acquisitione
1241 2779 1465 2831 pugnando
1485 2779 1560 2819 diu
1577 2780 1709 2821 vacib-

252 2838 412 2877 laveras
433 2843 471 2876 et
487 2837 663 2888 hostem,
701 2838 786 2876 sine
809 2845 878 2876 tuo
901 2838 1093 2884 consilio,
1124 2851 1169 2875 ex
1192 2837 1324 2875 alieno
1348 2836 1439 2876 dolo
1458 2843 1710 2891 prostratum
