1878 3262
343 184 404 229 IN
423 183 736 228 HISTORIAM
753 183 982 228 IOANNIS
1003 183 1234 228 CINNAMI
1249 184 1450 229 NOTAE.
1534 184 1630 232 391

177 308 208 332 a
221 307 294 331 son
305 293 520 343 lubtenant,
540 306 648 344 pour
652 293 772 343 faire
790 293 824 330 li
839 293 1027 330 ass-avoir
1044 291 1155 344 qu'il
1169 301 1228 332 est
1237 301 1366 332 entrez
1380 308 1426 333 en
1443 294 1488 332 la
1502 294 1630 332 bour-

170 351 302 403 goieie
331 348 379 387 de
407 350 463 387 tel
492 350 572 388 vile
599 357 636 386 et
656 350 711 386 tel
719 352 818 399 jour
828 381 842 398 ,
870 351 908 386 εἰ
929 363 1036 387 come
1061 351 1097 388 il
1112 357 1168 387 est
1187 365 1363 389 convena
1385 365 1431 388 en
1453 351 1497 389 la
1520 351 1630 390 lettre

175 405 224 444 de
250 406 499 457 bourgoisie,
529 421 574 443 en
602 406 774 458 laquelle
801 412 891 443 sont
923 413 1115 443 centenus
1142 407 1176 443 li
1204 421 1297 445 nom
1324 406 1394 444 des
1420 407 1628 460 bourgois,

174 465 249 514 qui
262 465 412 512 scirent
440 469 599 514 present
627 461 769 514 quand
799 462 835 500 il
862 469 975 500 entra
1001 477 1047 500 en
1078 463 1122 500 la
1149 463 1378 516 bourgoiaie
1395 462 1630 502 deesusdite.

172 527 209 557 et
235 527 293 556 eet
323 518 467 556 ordene
489 533 565 570 que
584 519 619 555 il
641 534 689 556 ue
707 533 797 556 sera
813 526 930 556 tenus
950 526 985 555 et
1006 518 1202 568 defendas
1219 535 1326 558 come
1346 521 1537 575 bourgois
1556 519 1631 558 de-

170 578 269 613 vant
289 590 330 612 ce
346 590 421 627 que
438 577 495 613 les
514 576 650 613 choses
671 575 848 612 sus-dites·
868 577 993 612 soient
1005 577 1134 624 faites
1151 582 1224 615 etc.
1281 577 1322 614 in
1353 578 1490 616 ceteris
1520 577 1629 615 eius-

171 632 259 670 dem
277 633 417 670 statuti
437 632 609 670 articulis
627 632 669 669 id
687 632 933 683 potissimum
955 637 1136 685 cavetur,
1164 639 1210 670 ut
1227 633 1506 684 burge-ciorum
1521 647 1629 672 uxo-

168 702 232 726 res
258 694 420 727 teneant
449 689 660 738 burge-sias
684 702 774 726 suas
798 689 840 725 in
867 700 912 726 eo
940 688 1048 736 loco,
1076 689 1119 725 in
1140 701 1218 738 quo
1238 689 1467 740 burge-siam
1488 703 1628 728 conse-

168 745 251 782 cuti
269 752 381 794 sunt,
411 759 432 782 a
451 745 578 795 vigilia
596 745 683 782 festi
706 745 879 782 omnium
900 746 964 782 SS.
987 745 1037 782 ad
1059 745 1227 795 vigiliam
1250 745 1340 783 festi
1362 747 1486 784 sancti
1505 746 1627 785 Ioan-

165 802 246 850 nis,
275 802 332 839 ita
351 807 396 839 ut
409 802 604 851 reliquum
623 808 777 852 tempus
794 801 989 839 insumere
1006 802 1156 851 possint
1178 801 1356 853 burgesii
1372 805 1414 840 in
1436 803 1628 842 metendis

166 859 287 908 agi-ie,
315 859 429 895 foeno
457 857 673 909 colligendo
702 864 740 895 et
769 859 809 895 in
833 858 1040 896 vindemiis
1057 858 1305 909 peragendis:
1335 858 1443 908 quod
1471 859 1502 896 si
1525 859 1625 897 bur-

161 915 268 965 gesii
290 927 438 952 uxores
463 928 544 952 non
571 914 761 961 habeant,
793 919 1004 952 teneantur
1028 914 1172 952 habere
1192 915 1233 952 in
1256 914 1436 954 domibus
1458 916 1537 953 suis
1561 916 1625 953 sa-

164 971 292 1008 mulos
309 971 373 1008 vel
388 971 547 1008 ancillas
576 969 723 1022 (vallet
742 985 792 1008 ou
807 971 1015 1022 ιάίεεείἰε)
1026 1000 1037 1020 ,
1068 972 1135 1022 qui
1156 971 1318 1009 eandem
1336 971 1627 1010 resecandi-siae

165 1027 431 1065 conditionem
473 1027 708 1075 observent,
749 1027 890 1076 quibus
919 1028 1140 1078 adimpletis
1162 1028 1329 1066 liberum
1355 1029 1403 1066 sit
1425 1028 1626 1080 burge-siis

162 1096 234 1135 per
252 1089 384 1121 totum
403 1097 549 1122 annum
565 1084 623 1121 ire
641 1097 719 1133 quo
735 1083 904 1133 lubebit,
932 1085 1088 1135 suisque
1113 1098 1255 1123 vacare
1278 1084 1530 1135 expediendis
1550 1098 1633 1123 ne-

160 1140 297 1191 gotiis:
333 1140 390 1178 ita
417 1145 549 1178 tamen
574 1145 622 1178 ut
648 1141 831 1190 talliam,
861 1153 961 1191 quae
989 1141 1083 1192 ipsis
1114 1141 1263 1179 indicta
1290 1141 1422 1179 fuerat
1447 1153 1494 1179 eo
1517 1141 1622 1192 loco,

162 1196 268 1234 unde
285 1203 538 1247 secesserant,
564 1202 771 1247 antequam
793 1197 853 1234 ius
873 1197 1041 1235 civitatis
1062 1204 1190 1235 essent
1210 1197 1356 1248 adepti,
1375 1197 1622 1249 persolvant.

161 1266 262 1303 quae
288 1253 447 1303 quidem
476 1253 606 1291 omnia
631 1253 778 1290 sancita
805 1260 898 1291 sunt
925 1254 1070 1303 absque
1090 1253 1331 1305 praeiudicio
1354 1254 1620 1304 dominorum,

160 1309 302 1359 quibus
326 1310 479 1347 ratione
503 1309 756 1361 praediorum
786 1310 947 1348 obnoxii
973 1317 1085 1349 erant
1112 1311 1345 1362 burgenses:
1385 1310 1476 1348 data
1501 1323 1620 1363 prae-

157 1371 266 1403 terea
303 1366 506 1414 facultate,
554 1364 603 1403 de
630 1368 878 1418 Ροιινειιὶννε
907 1374 943 1403 et
973 1368 1142 1404 retraire
1172 1366 1220 1404 de
1249 1367 1479 1418 bourgoisie
1511 1368 1620 1406 leurs·

157 1421 333 1459 hommes
363 1420 411 1459 de
441 1436 550 1467 cors,
581 1436 632 1460 ou
654 1421 810 1460 d'autre
825 1422 1050 1474 condition,
1080 1438 1127 1461 en
1146 1424 1190 1461 la
1210 1425 1386 1461 muniere
1405 1438 1479 1475 que
1495 1423 1571 1462 l'en
1591 1438 1621 1462 a

157 1481 428 1518 accoustume.
486 1478 620 1516 eadem
641 1480 722 1517 sere
744 1480 983 1531 praescripta
1002 1480 1187 1530 leguntur
1203 1494 1278 1531 pro
1296 1480 1343 1517 iis
1356 1509 1367 1528 ‚
1396 1493 1495 1530 quos
1520 1480 1619 1518 bur-
1682 1518 1685 1519 ⁷

152 1549 295 1587 gen-ses·
313 1537 420 1587 regis
435 1535 702 1587 appellabant,
733 1536 774 1573 in
791 1536 920 1574 edicto
936 1535 1106 1588 Philippi
1124 1536 1175 1575 IV
1190 1551 1267 1588 pro
1288 1537 1470 1574 utilitate
1488 1538 1617 1589 regni,

154 1592 231 1630 An.
247 1594 355 1634 1302
379 1592 487 1642 quod
506 1591 677 1633 habetur
692 1592 735 1629 in
751 1594 914 1644 registro
934 1593 1085 1644 signato
1108 1593 1242 1643 Crux,
1268 1593 1310 1630 in
1331 1605 1486 1631 camera
1504 1606 1617 1632 com-

154 1654 241 1699 put.
251 1648 369 1686 Paris.
412 1649 624 1700 burgenses
636 1655 838 1699 praeterea
858 1662 1016 1687 censum
1033 1663 1209 1687 annuum
1225 1650 1316 1687 urbi
1334 1655 1374 1687 et
1391 1650 1616 1688 communi-

154 1705 230 1742 tati
260 1718 333 1755 pro
359 1704 472 1755 ipsis,
502 1718 598 1755 quas
628 1704 861 1744 habitabant
888 1706 1156 1744 mansionibus
1181 1719 1226 1744 ac
1250 1706 1478 1756 domiciliis,
1506 1706 1615 1744 indi-

156 1766 265 1798 ctum
289 1761 567 1811 persolvebant
591 1761 773 1800 domino:
804 1775 903 1812 quae
923 1763 1080 1813 quidem
1103 1763 1311 1814 pensitatio
1336 1763 1485 1800 nostris
1510 1762 1615 1800 bur-

151 1818 292 1868 gesia,
320 1817 710 1866 Anglis-Normannis
739 1818 986 1870 burgagium
1017 1819 1286 1857 vocitabatur:
1315 1819 1487 1869 burgum
1510 1819 1613 1856 enim

153 1873 272 1924 vulgo
288 1873 537 1924 appellabant
557 1886 601 1910 ea
617 1874 835 1924 domicilia,
863 1888 963 1925 quae
985 1875 1086 1912 infra
1115 1881 1289 1913 castrum
1313 1879 1383 1912 aut
1407 1875 1612 1913 castellum

153 1929 303 1967 domini
333 1935 535 1967 exstructa
561 1930 783 1968 incolebant
810 1932 959 1981 coloni,
997 1931 1275 1981 cuiuscumque
1305 1936 1433 1968 essent
1470 1930 1610 1969 condi-

151 1986 272 2023 tionis
297 1986 378 2023 sive
401 1986 511 2023 liberi
533 1986 615 2024 sive
633 1988 747 2026 servi.
807 1987 952 2025 Charta
973 1987 1048 2025 An.
1069 1987 1174 2028 1247
1192 1989 1234 2024 in
1255 1986 1466 2025 Tabulario
1491 1988 1609 2025 Cam-

150 2043 291 2095 paniae
322 2055 373 2081 ex
398 2042 585 2081 Biblioth.
615 2056 694 2093 reg.
720 2044 788 2082 sol.
816 2045 917 2086 343:
952 2039 1133 2081 chascun'
1158 2043 1308 2082 boriois
1329 2045 1479 2095 paiera
1508 2042 1609 2081 deus

152 2100 237 2136 sols
263 2098 312 2136 de
339 2113 427 2137 cens
457 2099 505 2137 de
530 2099 726 2151 borgisie,
755 2107 791 2137 et
816 2103 875 2137 είε
904 2099 989 2138 den.
1023 2099 1071 2138 de
1099 2114 1190 2137 cens
1213 2115 1323 2152 pour
1348 2114 1397 2137 εα
1424 2114 1556 2138 meson
1580 2114 1608 2137 α

146 2158 265 2207 paier
293 2156 332 2193 lo
353 2159 455 2207 jour
485 2154 533 2193 de
563 2158 602 2195 S.
633 2157 769 2207 Remi,
806 2164 843 2194 et
872 2157 1045 2209 borgisie
1067 2164 1102 2194 et
1130 2170 1231 2197 cens,
1289 2157 1364 2194 alia
1383 2157 1538 2194 Ioannis
1557 2155 1607 2194 de

153 2213 363 2250 castilione
384 2212 536 2250 comitis
557 2213 746 2250 Blesensis
758 2215 804 2252 A.
826 2216 952 2255 1271:
983 2228 1034 2265 ay
1064 2212 1194 2251 donne
1222 2228 1270 2251 en
1295 2214 1502 2265 perpetuel
1527 2227 1604 2251 au-

152 2282 287 2306 mosne
311 2284 338 2306 a
361 2269 541 2320 l’abbaye
567 2268 614 2306 de
635 2271 830 2311 *Nonains
864 2269 912 2307 de
940 2278 1071 2308 nostre
1101 2269 1218 2307 dame
1248 2269 1296 2307 de
1324 2271 1531 2318 ὁόἰεεοηει
1576 2285 1604 2307 α

146 2325 318 2376 prendre
343 2348 399 2355 —
429 2340 502 2364 sur
528 2340 610 2363 mes
638 2326 864 2377 bourgesies
894 2326 941 2364 de
970 2328 1122 2377 Guyse,
1148 2341 1228 2377 par
1255 2327 1291 2364 le
1315 2329 1427 2364 main
1448 2325 1496 2363 de
1518 2327 1600 2376 cely

152 2384 226 2433 qui
235 2396 347 2434 pour
366 2390 449 2420 tens
467 2397 657 2434 rece-pura
675 2383 835 2421 lesdztes
849 2383 1084 2436 bourgesies:
1134 2383 1381 2433 LL.Burgo1-.
1393 2385 1497 2421 Scot.
1513 2395 1545 2422 c,
1558 2385 1576 2422 1
1591 2397 1602 2419 ε

152 2439 320 2489 quilibet
348 2439 560 2491 burgensis·
585 2438 694 2477 debet
715 2439 875 2477 domino
896 2442 982 2493 regi
1000 2440 1047 2477 de
1066 2441 1267 2492 burgagio
1288 2438 1400 2490 quod
1421 2437 1601 2490 defendit

146 2508 224 2545 pro
247 2497 458 2545 perticata
481 2503 609 2534 terrae
626 2497 652 2538 5
681 2495 864 2534 denarios
884 2498 1111 2535 annuatim.
1166 2495 1258 2533 vide
1274 2501 1476 2546 praeterea
1493 2509 1527 2532 e.
1543 2494 1598 2537 53

151 2556 194 2588 et
223 2550 389 2591 Mouast.
415 2553 563 2604 Anglic.
590 2559 687 2591 tom.
715 2557 743 2595 2
782 2567 819 2605 p.
847 2556 942 2596 332.
1005 2553 1099 2591 hine
1128 2560 1254 2590 tenere
1282 2554 1326 2589 in
1352 2552 1598 2603 burgagium

151 2607 260 2657 apud
274 2608 325 2646 Ic.
346 2610 501 2661 Anglos.
555 2609 740 2648 Littleton
761 2615 854 2648 sect.
875 2614 974 2652 162:
1004 2614 1141 2648 tenure
1170 2623 1216 2647 en
1242 2608 1421 2661 burgage
1438 2617 1496 2646 est
1513 2609 1597 2646 l’ou

151 2665 412 2703 antienement
441 2666 574 2717 burgh.
603 2674 679 2716 est,
709 2665 757 2704 de
786 2681 861 2719 que
891 2668 922 2704 li
950 2681 1018 2718 roy
1047 2674 1104 2704 est
1128 2667 1325 2717 seignior,
1355 2673 1390 2702 et
1412 2679 1503 2702 ceu-s
1525 2665 1598 2716 qui

153 2726 223 2756 ont
242 2726 430 2760 tenement
449 2721 563 2774 dejus
580 2724 616 2761 le
633 2723 783 2775 bourg,
813 2725 985 2776 teignent
1001 2722 1068 2761 del
1085 2737 1154 2774 roy
1175 2724 1265 2760 lour
1284 2730 1490 2770 tenemens,
1521 2734 1596 2772 que

152 2775 329 2814 clzascun
359 2784 495 2816 tenant
515 2793 600 2831 par
629 2795 704 2818 εοη
735 2787 922 2819 tenement
958 2779 1044 2818 doit
1067 2781 1184 2832 paier
1205 2780 1252 2816 al
1273 2792 1343 2830 roy
1366 2793 1421 2816 un
1443 2778 1596 2816 certain
1616 2777 1642 2811 P
1668 2775 1734 2810 489

152 2839 238 2870 rent
249 2846 332 2885 ear
351 2847 418 2872 αη-
449 2834 616 2887 denique
634 2837 781 2877 charta
798 2836 994 2882 An.1272
1010 2837 1052 2876 in
1069 2838 1163 2890 fleg.
1178 2836 1357 2876 Chartar.
1375 2835 1484 2875 urbis
1503 2833 1595 2870 Am-
