1878 3262
250 192 316 242 76
674 192 982 238 NICEPHORI
1013 193 1283 263 ΒιῑγΕΝΝΠ
1330 206 1335 234 ÷

247 304 411 351 τούτων.
480 305 554 357 ἕως
576 307 650 361 μὲν
675 302 746 350 οὖν
773 309 887 363 ἷσχὺς
908 308 1045 359 αὐτοῖς
1066 307 1169 359 ὅλως
1195 309 1356 363 ἐζιιενον·
1377 313 1472 356 Ιἓπεὶ
1499 315 1543 357 δὲ
1567 314 1612 357 τὸ
1635 315 1711 368 μὲν

246 372 560 430 καταπεπόνητο-
582 378 650 418 καὶ
685 377 828 419 οὐκέθ’
862 375 943 419 οἶοί
973 396 1014 420 τε
1045 373 1151 433 ἦσαν
1185 378 1280 428 τοὺς
1302 377 1528 433 βάλλοντας
1550 381 1712 437 ἀμύνα-

244 448 369 495 σθαι,
406 444 540 487 αὐτῶν
564 446 609 487 δὲ
630 445 675 488 τὸ
700 450 884 490 πλεῖστον
910 445 1116 504 διεφθάρη
1147 449 1214 489 καὶ
1251 445 1272 488 ὃ
1300 454 1446 506 καῖσαρ
1470 452 1573 505 μηδ’
1605 451 1709 502 ὅλως

244 513 346 570 πρὸς
382 513 514 570 φυγὴν
545 513 772 571 ἐξορμήσας
806 514 924 558 ἑάλω.
993 516 1072 571 ἤδη
1099 516 1142 558 δὲ
1165 518 1232 558 καὶ
1253 517 1289 558 οἳ
1311 519 1398 574 περὶ
1421 518 1490 560 τὸν
1504 519 1707 577 Ἀνδρόνι-

122 591 153 626 P
177 589 221 626 53
245 599 314 624 κον
347 580 426 624 ὑπὸ
465 587 545 625 τῶν
569 586 777 639 πολεμίων
793 583 1141 638 πλεονεκτούμενοι
1165 583 1395 642 ἐτράπησαν
1419 585 1520 643 πρὸς
1538 587 1583 629 τὸ
1606 587 1742 645 φεύ-5

239 668 334 708 γειν.
404 649 425 693 ὅ
452 653 495 694 δὲ
516 654 646 695 καίτοι
665 651 927 704 κατάστικτος
949 660 1033 704 τοῖς
1053 651 1282 711 τραύμασιν
1307 653 1363 697 ὢν
1390 656 1410 711 (
1418 656 1610 710 ἐβέβλητο
1629 657 1708 714 γὰρ

241 721 417 777 καιρίαις
449 723 648 777 πληγαῖς)
679 721 828 780 περιῄει
854 724 980 776 ζητῶν
1003 722 1073 765 τὸν
1095 724 1263 780 πατέρα.
1331 723 1483 777 μαθών
1504 725 1547 766 δὲ
1567 729 1710 767 τοῦτον

242 788 417 840 ἁλῶναι,
453 790 541 840 ἐξὸν
560 789 763 843 σώζεσθαι
787 789 842 842 ὡς
859 791 936 841 ἔξω
958 795 1037 833 τῶν
1059 795 1191 845 βελῶν
1214 794 1282 834 καὶ
1302 796 1375 834 τοῦ
1395 793 1571 847 πολέμου
1598 792 1712 849 γενόέ

243 874 364 912 μενον
385 858 486 913 ἤδη,
515 857 536 901 ὃ
561 860 604 901 δὲ
628 864 700 915 τῆς
729 861 835 910 ἰδίας
863 862 1065 917 σωτηρίας
1087 865 1161 903 τοῦ
1181 860 1335 918 πατρὸς
1357 859 1712 919 ὖπερκινὸυνεῧσαι

244 925 511 984 προελόμενος
533 926 759 985 ὑπέστρεψε
785 931 852 971 καὶ
877 931 932 978 εἷς
949 930 1072 983 μέσον
1097 928 1240 972 ἑαυτὸν
1265 933 1346 972 τῶν
1367 932 1567 984 πολεμίων
1594 931 1766 984 ὠθεζιο

244 997 312 1037 καὶ
347 996 521 1046 πολλοὺς
555 996 708 1039 τούτων
740 1002 798 1055 τῷ
836 999 940 1054 ξίφει
971 997 1235 1052 καταβαλών,
1271 999 1406 1053 ἐπειδὴ
1442 1001 1610 1054 πλησίον
1637 1004 1715 1042 τοῦ,

243 1066 440 1120 καίσαρος
459 1065 634 1119 γέγονεν,
671 1066 801 1108 οὐκέτι
826 1066 1025 1116 καθεκτὸς
1045 1061 1115 1122 ἦν,
1150 1067 1245 1109 οὐδὲ
1270 1066 1381 1125 ἐῴκει
1405 1068 1526 1124 ἀνδρί
1542 1084 1584 1124 γε
1604 1071 1710 1123 θνη-

241 1137 323 1190 τῷ,
353 1133 446 1174 ἀλλ’
478 1132 674 1190 ἀθανάτῳ
698 1151 739 1176 τε
762 1137 830 1176 καὶ
856 1133 1045 1193 ἀσάρκῳ·
1072 1134 1323 1190 βαλλόμενος
1339 1136 1417 1193 γὰρ
1439 1144 1524 1186 τοῖς
1542 1135 1717 1193 δόρασιν·

190 1208 222 1242 Β
246 1200 438 1258 ἄτρεστος
468 1195 538 1256 ἦν,
566 1204 634 1244 καὶ
663 1202 714 1244 τὰ
739 1204 812 1256 μὲν
841 1202 994 1246 τούτων
1022 1203 1255 1259 συγκόπτων
1291 1205 1343 1246 τὰ
1366 1206 1410 1247 δὲ
1436 1204 1713 1259 διωθούμενος

242 1271 426 1327 ἐπειρᾶτο
444 1271 631 1325 γενέσθαι
654 1270 756 1313 ἔνθα
777 1272 815 1313 οἳ
838 1270 859 1313 ὃ
885 1272 1018 1329 πατὴρ
1041 1270 1246 1326 ἁλώσιμος
1269 1267 1331 1327 ἦν.
1401 1274 1439 1316 οἳ
1460 1275 1504 1315 δὲ
1526 1275 1709 1327 πολέμιοι
1722 1284 1765 1320 15

238 1339 313 1393 τὴν
344 1337 622 1381 ἀνυπόστατον
653 1338 824 1396 ὁρῶντες
858 1339 988 1397 ὁρμὴν
1016 1342 1210 1383 συνέθεον
1244 1340 1440 1393 ἅπαντες,
1479 1344 1545 1383 καὶ
1574 1343 1610 1383 οἱ
1636 1344 1713 1396 μὲν

238 1414 324 1457 τοῖς
344 1411 502 1458 ξυστοῖς
520 1408 556 1450 οἶ
581 1409 623 1450 δὲ
646 1416 730 1459 τοῖς
753 1408 922 1466 δόρασιν
940 1411 1065 1451 ἵππον
1096 1427 1138 1452 τε
1170 1412 1236 1452 καὶ
1265 1410 1386 1452 αὐτὸν
1407 1411 1579 1464 ἐζθαλλον
1589 1443 1602 1462 ,
1636 1412 1712 1461 ἕως

238 1473 260 1517 ὃ
291 1478 416 1526 ἵππος
446 1479 669 1534 βαρυνθεὶς
700 1476 778 1519 ὑπὸ
809 1483 889 1520 τῶν
910 1477 1155 1535 τραυμάτων
1178 1481 1234 1527 εἷς
1257 1483 1332 1534 γῆν
1359 1479 1433 1521 σὺν
1454 1483 1512 1535 τῷ
1539 1478 1710 1536 ἔπιβάτῃ

236 1546 462 1587 κατέπιπτε.
532 1544 621 1588 τότε
651 1541 722 1587 οὖν
745 1546 783 1587 οἳ
805 1545 1012 1603 βάρβαροι
1036 1546 1293 1604 περιστάντες
1316 1548 1439 1589 αὐτὸν
1459 1548 1532 1601 τὴν
1552 1565 1710 1605 περικε-

237 1614 418 1670 φαλαίαν
438 1617 629 1670 περιελεῖν
647 1615 859 1670 ἐπειρῶντο
882 1617 949 1657 καὶ
969 1617 1073 1672 ξίφει
1092 1615 1165 1670 τὴν
1183 1620 1256 1658 τοῦ
1273 1618 1454 1671 γενναίου
1476 1616 1624 1672 ἀνδρὸς
1641 1629 1766 1664 κε-Ξο

238 1682 374 1738 φαλὴν
397 1683 583 1735 ἐκτεμεῖν.
652 1683 746 1724 ἀλλ’
775 1682 796 1725 ὃ
820 1690 968 1740 καῖσαρ
995 1684 1173 1738 διασχών
1196 1684 1291 1734 τοὺς
1314 1685 1556 1738 κατέχοντας
1585 1685 1713 1728 ἔπεισί

236 1768 280 1793 τε
314 1752 536 1807 δρομαῖος,
572 1752 640 1794 καὶ
662 1754 900 1809 προσπίπτει
923 1757 982 1810 τῷ
1001 1754 1166 1810 γενναίῳ
1184 1754 1321 1805 παιδί,
1356 1753 1645 1810 ὀλιγοδρανέων
1667 1771 1708 1796 τε

332 1847 365 1882 1.
390 1842 504 1891 ὅλως]
530 1841 658 1890 ὅμως7
794 1848 828 1883 3.
853 1845 979 1882 αὐτῶν
1003 1844 1068 1893 δὲ]
1096 1844 1223 1882 αὐτῶν
1246 1848 1317 1882 ve?

239 1922 462 1961 confirmabat
476 1925 630 1960 labantes
646 1929 682 1960 et
696 1927 801 1960 robur
816 1927 977 1971 perculsis
993 1927 1152 1961 addebat.
1199 1926 1356 1972 quamdiu
1378 1926 1482 1971 igitur
1495 1927 1587 1961 vires
1601 1928 1709 1962 suffe-

241 1976 379 2014 cerunt,
409 1977 548 2005 strenue
573 1983 629 2006 res
653 1979 752 2016 gesta
778 1978 840 2006 est.
888 1973 946 2007 ubi
961 1980 1070 2007 autem
1086 1978 1283 2018 consumpto
1299 1973 1363 2008 iam
1378 1974 1503 2007 robore
1517 1973 1710 2009 resistendo

238 2017 366 2051 acriter
389 2017 589 2051 instantibus
613 2029 714 2063 pares
735 2030 802 2052 non
825 2023 946 2060 erant,
976 2019 1078 2053 fracti
1102 2020 1332 2064 prostratique
1355 2019 1508 2064 plerique
1523 2024 1707 2054 cesserunt.

241 2074 286 2097 ne
301 2068 372 2096 tum
388 2063 523 2107 quidem
540 2063 668 2098 Caesar
683 2064 844 2100 inducere
861 2065 1003 2101 animum
1018 2065 1060 2101 ad
1077 2066 1191 2109 fugam
1208 2065 1331 2110 potuit.
1368 2076 1523 2110 pugnans
1537 2065 1640 2110 igitur
1653 2071 1709 2099 est

239 2113 373 2154 captus.
421 2109 496 2153 pari
523 2110 618 2143 modo
648 2110 706 2155 qui
729 2122 803 2145 cum
829 2111 1019 2146 Andronico
1045 2117 1143 2145 erant
1158 2111 1377 2147 circumventi
1392 2112 1434 2145 ab
1450 2111 1602 2146 hostibus
1615 2110 1707 2144 versi

240 2159 320 2190 sunt
334 2154 369 2187 in
386 2155 512 2196 fugam.
559 2155 634 2200 ipse
651 2156 770 2200 plenus
787 2157 917 2190 cruoris
934 2162 969 2191 et
984 2157 1179 2200 vulnerum,
1212 2158 1334 2202 quibus
1358 2162 1431 2190 erat
1445 2157 1606 2201 gravibus
1621 2167 1706 2190 con-

239 2202 352 2235 fossus
364 2228 374 2244 ‚
405 2200 571 2234 circuibat
598 2212 764 2245 quaerens
792 2208 940 2247 patremt
973 2214 1072 2247 quem
1086 2203 1141 2238 ubi
1156 2209 1290 2248 captum
1305 2203 1482 2247 cognovit,
1515 2213 1587 2236 cum
1603 2202 1705 2236 facile

268 2250 360 2280 osset
376 2246 523 2280 evadere
535 2271 546 2287 ‚
577 2247 704 2291 quippe
721 2248 778 2292 qui
795 2254 892 2283 extra
907 2248 967 2282 teli
981 2248 1104 2283 iactum
1120 2254 1156 2283 et
1170 2249 1205 2282 in
1219 2260 1338 2283 securo
1354 2255 1437 2282 tunc
1454 2252 1564 2290 esset,
1598 2248 1706 2293 patris

238 2258 473 2326 Eheu-ationem
499 2292 648 2336 periculo
676 2293 813 2337 proprio
841 2294 958 2327 conari
975 2295 1090 2331 maluit
1113 2306 1213 2339 quam
1238 2294 1329 2328 vitae
1345 2294 1503 2339 propriae
1516 2293 1704 2328 consulere.

239 2337 395 2372 incitavit
408 2338 512 2382 igitur
528 2349 648 2382 equum
665 2349 732 2383 qua
748 2339 978 2374 densissimum
1003 2340 1143 2375 videbat
1157 2340 1300 2374 hostium
1316 2340 1452 2384 globum
1468 2341 1624 2383 factaque
1640 2339 1705 2373 sibi

240 2385 332 2417 ferro
349 2384 462 2417 multis
479 2383 620 2419 deiectis
636 2383 691 2417 via
702 2409 712 2425 ,
736 2389 774 2418 ut
789 2385 833 2418 ad
851 2385 1033 2419 Caesarem
1049 2385 1186 2431 propius
1200 2386 1361 2427 accessit,
1391 2384 1545 2419 sustineri
1561 2385 1704 2429 amplius

241 2441 310 2462 non
337 2433 492 2474 poterat,
526 2441 589 2463 nec
616 2429 757 2463 hominis
785 2435 860 2464 erat
887 2432 1037 2466 mortalis
1052 2432 1168 2465 similis
1183 2432 1241 2465 sed
1256 2431 1449 2465 immortalis
1464 2435 1499 2463 et
1512 2430 1705 2475 incorporei

240 2475 433 2509 cuiusdam:
464 2475 590 2520 petitus
617 2476 702 2510 enim
726 2476 832 2509 hastis
854 2477 1000 2521 undique
1021 2477 1207 2522 intrepidus
1234 2478 1428 2521 perstabat,
1459 2476 1519 2509 has
1545 2477 1706 2519 frangens

239 2519 314 2553 illas
331 2521 499 2565 repellens
514 2533 646 2575 semper
663 2533 703 2555 eo
721 2533 796 2555 sese
810 2522 950 2559 trudens
967 2523 1022 2556 ubi
1037 2524 1191 2568 captivus
1208 2528 1283 2556 erat
1297 2527 1404 2567 pater.
1451 2521 1562 2555 mirati
1575 2521 1706 2556 iuvenis

238 2565 385 2609 impetus
402 2567 546 2600 humana
561 2579 595 2600 vi
611 2567 753 2601 maiores
770 2567 918 2612 undique
933 2580 1046 2602 omnes
1061 2569 1094 2604 in
1108 2580 1208 2604 unum
1223 2568 1358 2602 barbari
1372 2572 1595 2601 concurrunt:
1620 2572 1655 2602 et
1670 2567 1706 2602 hi

240 2611 374 2656 quidem
397 2611 539 2654 iaculis,
570 2613 606 2646 hi
626 2614 752 2657 hastis,
784 2625 852 2658 qua
874 2615 983 2659 ipsum
1008 2626 1074 2659 qua
1097 2615 1168 2649 eius
1190 2625 1310 2658 equum
1335 2613 1468 2647 assidue
1484 2613 1706 2654 contundunt,

241 2657 350 2691 donec
365 2656 558 2691 debilitatus
571 2658 678 2703 plagis
695 2670 801 2708 equus
817 2660 906 2695 humi
921 2672 994 2694 cum
1010 2671 1145 2694 sessore
1161 2663 1349 2705 prostratus
1363 2662 1426 2692 est.
1450 2675 1454 2677 >
1473 2663 1554 2692 tunc
1568 2659 1705 2693 barbari

240 2702 406 2737 iacentem
431 2703 684 2737 circumstantes
705 2705 836 2748 galeam
861 2706 893 2739 ei
918 2706 1077 2750 deripere
1101 2705 1298 2748 certabant,
1329 2715 1395 2748 quo
1420 2710 1523 2749 caput
1545 2705 1705 2739 nudatum

242 2748 374 2783 strenui
390 2748 453 2782 viri
470 2748 584 2792 gladio
600 2754 806 2784 truncarent.
854 2751 915 2785 sed
930 2751 972 2784 ad
991 2752 1076 2785 banc
1090 2751 1235 2796 speciem
1251 2749 1380 2783 Caesar
1394 2750 1497 2784 alacri
1514 2754 1637 2784 conatu
1652 2750 1706 2783 di·-

243 2794 357 2829 vulsus
372 2805 394 2828 a
410 2794 634 2829 detinentibus
650 2806 750 2829 cursu
766 2796 905 2830 incitato
928 2796 996 2830 ruit
1011 2802 1046 2830 et
1062 2807 1164 2843 supra
1177 2806 1374 2839 generosum
1390 2795 1494 2830 filium
1510 2796 1601 2830 cadit
1617 2796 1706 2830 defi-

243 2840 336 2876 ciens
363 2851 430 2876 non
455 2839 572 2875 dolore
592 2840 701 2875 solum
724 2846 891 2887 paterno,
921 2841 986 2877 sed
1004 2842 1041 2876 vi
1062 2853 1105 2877 ao
1122 2841 1336 2879 multitudine
1349 2842 1503 2887 gravium
1518 2841 1704 2878 vulnerum.-
