1878 3262
257 209 355 259 304
756 203 1001 250 CORNELI
1033 205 1204 249 TOLLI

252 327 363 362 runt.
418 329 575 357 crucem
601 321 718 356 vocat
745 315 952 356 inventum
978 314 1250 366 Constantini,
1279 315 1388 368 quod
1419 327 1504 354 eam
1526 312 1569 352 in
1595 312 1707 351 coelo

252 377 375 425 vidit,
405 381 444 413 et
471 373 725 412 simulacrum
752 373 859 412 illius
889 372 1083 425 expressit
1102 384 1145 410 ea
1171 371 1318 422 forma,
1347 385 1446 424 quae
1468 384 1518 410 ex
1539 368 1708 409 Eusebio

253 432 418 481 aliisque
439 430 697 483 scriptoribus
716 430 837 480 vulgo
857 435 953 468 nota
974 435 1043 468 est.
1099 427 1186 479 ipse
1212 427 1360 466 dicitur
1378 428 1401 470 ὁ
1418 427 1460 469 ἐν
1479 428 1710 480 βασιλεῦσιν

255 483 499 535 ἀπόστολος,
534 486 626 537 quia
653 487 813 525 coelesti
836 485 1012 535 visione,
1040 484 1150 522 Pauli
1176 483 1349 535 apostoli
1365 484 1565 535 exemplo,
1597 495 1711 520 com-

252 544 396 598 pulsus
423 544 474 582 ad
502 542 644 591 fidem,
695 542 843 582 Christi
870 541 1113 594 evangelium
1142 539 1392 592 propagavit.
1429 539 1517 578 ideo
1546 553 1566 576 a
1594 538 1711 576 Nice-
1771 542 1773 545 “

252 600 406 654 phoro,
455 599 684 638 Alexandro
724 598 939 647 monacho,
988 597 1207 648 ceterisque
1243 602 1409 636 vocatur
1445 591 1710 644 ι’σαπόστολος,

253 657 367 708 quasi
399 670 537 709 parem
565 669 655 694 cum
684 657 803 694 Paulo
831 655 997 706 gratiam
1024 659 1233 692 assecutus.
1306 651 1568 690 Cinnamusl.
1584 650 1630 701 4,
1661 650 1710 689 de

251 714 383 766 Papae
399 712 566 751 Romani
583 718 775 765 potestate
793 712 1019 764 disputans,
1060 716 1107 749 ut
1125 709 1192 747 hic
1210 709 1449 760 apostolum,
1477 707 1533 745 ita
1550 706 1605 745 ibi
1623 706 1710 759 pri-

251 783 364 808 mum
381 769 486 808 inter
505 770 761 822 imperatores
787 767 1054 814 Christianum
1074 766 1269 818 appellat·
1300 761 1355 813 εἷς
1380 764 1507 812 ἐστίν,
1541 757 1572 818 ᾧ
1589 765 1712 804 ταῦτα

216 864 218 866 ,
253 825 386 875 ἔδοξε,
430 829 756 873 Κωνσταντῖνος,
799 824 823 867 ὁ
856 827 1011 876 πρῶτος
1043 823 1085 863 ἒν
1120 824 1324 886 βασιλεῦσί
1354 805 1604 873 Χριστιανός.
1662 818 1712 857 de

253 882 457 921 Saracenis
485 896 585 933 quae
614 881 852 946 subiungit&
867 881 997 919 lacera
1028 885 1133 918 sunt.
1190 878 1336 930 poterit
1369 883 1498 916 autem
1525 875 1712 928 supplere

250 938 434 979 nonnihil
462 938 697 988 Choniates,
741 939 809 990 qui
840 937 882 975 in
912 937 1049 976 eodem
1075 936 1152 974 hoc
1182 936 1348 984 Ioanne,
1394 939 1534 972 octavo
1570 932 1714 1002 capite?-

252 995 428 1035 eiusdem
456 995 552 1033 ‹loni
581 995 781 1033 mentione
809 995 935 1043 facta,
974 992 1164 1031 continuo
1204 991 1335 1030 addit:
1379 990 1564 1057 ε’φασκον
1595 986 1638 1028 δὲ
1671 986 1714 1028 οἷ

250 1049 353 1092 κατοὶ
371 1048 414 1091 τὸ
439 1050 577 1103 Σέτζερ
599 1051 852 1117 Σαρακηνοί,
882 1047 1005 1090 παλαι
1029 1046 1124 1089 ποτὲ
1150 1063 1244 1096 τους
1266 1042 1487 1100 προγόνους
1512 1041 1646 1085 αὐτῶν
1667 1042 1712 1083 ἐκ

251 1110 332 1147 τῶν
361 1106 709 1160 προσενεχθέντων
740 1103 882 1158 δώρων
911 1109 968 1161 τῷ
1000 1106 1157 1157 βασιλεῖ
1178 1101 1423 1156 δορύκτητον
1454 1105 1562 1154 σχεῖν
1580 1097 1646 1141 τὸν
1668 1098 1712 1140 ἐκ

251 1165 373 1204 λίθου
393 1161 640 1211 ἄκτινωὸους
656 1160 848 1215 σταυρόν,
876 1161 944 1202 καὶ
962 1160 1036 1213 την
1055 1163 1249 1211 πολυτελῆ
1266 1174 1307 1199 τε
1325 1159 1392 1198 καὶ
1411 1159 1501 1199 οἵαν
1521 1157 1713 1208 ἐκπλῆξαι

250 1216 468 1289 τράπεζαν,
496 1217 619 1271 ήνίκα
645 1217 845 1270 Ῥωμανόν
873 1214 979 1258 εἷλον
1003 1215 1069 1258 τὸν
1089 1216 1306 1269 Διογένην,
1336 1213 1410 1266 τὴν
1437 1210 1712 1266 αὐτοκράτορα

248 1272 379 1329 ἀρχὴν
415 1277 654 1327 χειρίζοντα,
683 1273 760 1327 τήν
789 1289 830 1315 τε
857 1275 1058 1342 βασίλειον
1086 1273 1240 1313 ἐκείνου
1273 1269 1426 1323 σκηνήν
1456 1267 1710 1318 ἐσκύλευσαν,

249 1332 318 1373 καὶ
348 1334 422 1372 τοῦ
451 1329 626 1385 χάρακος
653 1326 936 1383 κεκρατηκότες
953 1327 999 1369 τὰ
1021 1326 1159 1370 ἐνόντα
1179 1328 1386 1368 διείλοντο.
1447 1327 1610 1364 aiebant
1631 1338 1712 1363 au-

250 1396 328 1426 tem
358 1390 531 1426 Sezerim'
555 1390 771 1436 Saraceni,
817 1388 987 1424 maiores
1017 1399 1112 1422 suos
1145 1385 1243 1423 olim
1279 1397 1395 1421 cruce
1422 1383 1501 1420 illa
1527 1381 1712 1420 radianti

249 1447 354 1483 inter
379 1453 505 1483 cetera
531 1459 699 1482 munera
729 1444 962 1495 imperatori
990 1442 1151 1490 oblata,
1182 1449 1218 1479 et
1233 1442 1415 1493 pretiosa
1437 1447 1556 1491 atque
1575 1437 1713 1476 admi-

248 1501 377 1540 rabili·
396 1515 553 1550 mensa,
583 1508 700 1552 capto
720 1501 903 1538 Romano
923 1500 1108 1550 Diogene
1125 1500 1382 1550 imperatore,
1413 1497 1574 1547 eiusque
1599 1494 1710 1532 vallo

249 1566 502 1608 expugnato,
540 1564 576 1594 et
602 1558 861 1608 imperatorio
893 1555 1152 1593 tabernaculo
1183 1553 1358 1604 direpto,
1391 1554 1546 1603 potitos
1566 1551 1710 1602 fuisse.

247 1613 395 1652 summi
419 1612 539 1665 pretii
568 1614 718 1651 donum
754 1625 856 1651 crux
885 1611 1034 1650 domini
1057 1610 1302 1661 temporibus
1328 1607 1414 1646 istis
1438 1608 1557 1646 fuisse
1573 1607 1711 1657 liquet,

248 1676 288 1709 et
318 1669 453 1708 offerii
478 1669 638 1707 solitum
663 1669 832 1719 ingentis
861 1667 989 1706 meriti
1004 1666 1248 1707 hominibus
1306 1664 1499 1716 Theophy
1490 1664 1628 1701 lactus
1649 1662 1713 1700 hi-

248 1726 396 1765 stoi-iae
414 1725 671 1764 mauritianae
690 1726 717 1764 l.
730 1725 771 1773 4,
791 1725 839 1762 de
851 1724 976 1762 Chos1
979 1737 1026 1762 oe
1046 1723 1096 1761 ad
1113 1723 1288 1775 Selgium
1309 1727 1549 1772 martyremz
1579 1715 1712 1786 ἄπαρ-

248 1778 323 1834 χοὶς
356 1796 398 1822 τε
420 1783 627 1851 τροπαίων
653 1784 964 1832 καθυπισχνεῖτο
999 1778 1299 1848 προσφέρεσθαι
1324 1780 1398 1817 τοῦ
1420 1778 1615 1846 κυριακοῦ
1630 1790 1713 1815 πα-

247 1843 353 1885 θους
385 1834 430 1878 τό
469 1837 665 1889 ἐπίσημον
694 1834 933 1889 σήμαντρον.
992 1834 1162 1890 σταυρὸς
1190 1832 1233 1874 δὲ
1266 1835 1383 1874 τοῦτο
1414 1827 1708 1886 αναγορεύεται,

246 1889 558 1935 τεκτοπεύεσθαί
582 1909 622 1934 τε
645 1897 788 1934 τοῦτον
818 1889 1089 1945 χρυσήλατον,
1131 1891 1378 1944 μαργαρίτην
1408 1905 1449 1929 τε
1481 1889 1709 1941 περιβαλεῖν

247 1946 378 2004 αυτῷ,
408 1949 476 1990 καὶ
501 1966 581 1990 των
604 1947 782 1990 Ἰνδικων
809 1950 939 1989 λίθων
963 1965 1058 1996 τους
1080 1948 1266 2000 διαυγεῖς.
1322 1961 1363 1983 se
1380 1946 1446 1983 illi
1466 1945 1710 1983 Dominicae

238 2008 452 2059 passionis
468 2007 628 2044 illustre
648 2013 966 2050 monumentum,
995 2018 1148 2042 crucem
1166 2017 1210 2040 ex
1230 2017 1333 2040 auro
1345 2016 1454 2053 puro
1475 2002 1708 2051 confectam,

245 2070 283 2100 et
304 2064 544 2113 margaritis
559 2062 858 2114 pellucidisque
876 2076 920 2100 ex
940 2060 1064 2100 India
1082 2060 1242 2113 lapillis
1258 2061 1488 2108 variatam,
1515 2058 1709 2096 victoriae

245 2131 347 2156 «suae
358 2120 574 2169 primitias
596 2119 759 2157 oblatam·
762 2132 845 2158 am.

361 2187 403 2225 p·
427 2173 481 2214 25
504 2188 543 2216 v.
562 2176 630 2216 22.
690 2172 835 2227 ωροίθη
855 2172 875 2215 ὅ
896 2173 1013 2220 λίθος
1031 2169 1294 2225 μετηρμένος]
1328 2168 1517 2231 Equidem
1538 2181 1616 2206 non
1639 2166 1709 2204 in-

247 2229 493 2281 telligebam‚
520 2230 608 2281 quis
630 2230 698 2268 ille
717 2230 830 2281 lapis.
889 2229 956 2267 sed
983 2229 1086 2267 bene
1110 2229 1296 2266 odoratus
1326 2232 1384 2264 est
1411 2223 1624 2263 acutissimi
1645 2223 1708 2261 vir

246 2287 352 2335 nasi,
382 2285 450 2324 cui
478 2291 518 2323 et
549 2299 619 2336 ego
653 2292 691 2324 et
721 2286 934 2323 Cinnamus
952 2285 1167 2336 plurimum
1189 2283 1395 2330 debemus,
1425 2281 1588 2319 Ioannes
1611 2279 1708 2317 Fre-

248 2343 407 2382 delicus
439 2341 686 2390 Gronovius,
717 2342 969 2380 scribendum
1001 2354 1108 2391 esse,
1138 2339 1161 2381 ὁ
1181 2336 1326 2390 λυχνος
1353 2335 1603 2390 μετηρμένος.
1661 2341 1708 2374 ut

246 2397 464 2438 monachus
482 2397 550 2436 ille
568 2411 639 2451 per
657 2397 852 2435 visionem
875 2397 1021 2435 vidmit
1038 2397 1147 2434 illam
1167 2396 1390 2442 lucernam,
1422 2399 1468 2430 ut
1491 2392 1534 2429 in
1554 2392 1706 2444 templo

245 2462 330 2493 erat
350 2468 536 2507 suspensa
557 2468 602 2492 ac
625 2454 828 2501 dedicata,
855 2459 1200 2504 repraesentatam.
1256 2450 1360 2488 idem
1390 2455 1428 2487 et
1451 2448 1587 2486 infr'a
1575 2462 1616 2485 111
1638 2449 1707 2486 iis-

224 2511 338 2549 ”dem
365 2511 498 2550 velbis
531 2524 664 2562 error,
692 2509 786 2564 περὶ
807 2509 936 2550 λίθων
959 2506 1088 2560 ἁφάς,
1119 2522 1192 2560 pro
1213 2503 1394 2559 λυχνων,
1423 2504 1538 2543 sicuti
1555 2518 1628 2543 nos
1649 2503 1706 2543 ibi

249 2567 514 2608 correximus.

361 2637 401 2674 p-
420 2626 473 2665 26
493 2636 531 2661 v.
550 2625 614 2664 19
672 2617 929 2674 απειροκαλία
962 2617 1035 2672 μὲν
1070 2614 1169 2671 ουν]
1198 2619 1324 2656 Locus
1350 2630 1432 2655 non
1464 2629 1602 2666 sanus,
1641 2615 1705 2654 cui

248 2679 397 2717 vulnus
415 2678 523 2716 haud
543 2678 661 2716 dubie
682 2677 821 2716 fecerit
841 2677 1041 2714 librarius
1099 2683 1269 2714 ceterum
1293 2687 1400 2711 mens
1422 2673 1577 2722 eadem,
1607 2684 1706 2724 quae

247 2735 367 2773 Fabio
387 2734 561 2773 Maximo
583 2734 626 2772 in
646 2734 819 2772 animosa
838 2733 907 2771 illa
927 2732 1105 2770 oratione
1123 2731 1230 2782 apud
1247 2730 1403 2768 Livium
1422 2731 1447 2768 l.
1467 2728 1540 2772 24.
1569 2730 1706 2780 magis·

248 2792 404 2830 nullius
437 2792 620 2839 interest,
652 2804 776 2841 quam
800 2797 896 2839 tua,
932 2789 972 2827 T.
1001 2788 1174 2838 Otacili,
1203 2800 1283 2825 non
1303 2787 1458 2837 imponi
1482 2785 1706 2824 cervicibus

247 2850 333 2887 tuis
356 2861 481 2897 onus,
510 2846 586 2886 sub
609 2859 685 2898 quo
709 2845 912 2884 concidas.
