1878 3262
10 3166 15 3175 Α
4 3113 14 3138 *a
2 2928 14 3072 ιον-π·
0 2845 18 2897 »ΛΑ-ξπ

640 213 1035 257 HISTORIARUM
1067 214 1116 256 1..
1150 213 1206 255 Π.
1593 211 1658 257 73

184 329 299 384 ἥλιον
322 327 449 384 ἀγῶσι
467 327 536 370 καὶ
553 324 708 382 μάχαις
727 327 833 371 κατὰ
849 326 1076 385 βαρβάρων
1103 324 1439 383 ἓνευδοκιμηκότα
1459 330 1542 370 τῶν
1562 328 1656 383 τῇδε

183 397 560 452 [Κωνσταντι’νου],
596 395 684 451 ἅμα
703 401 762 455 τῷ
776 394 989 453 Προσοῦχ,
1025 390 1147 454 οὗπερ
1166 395 1244 452 ἤδη
1263 395 1486 452 ἐμνήσθην,
1510 397 1656 453 Πέρσῃ

183 467 259 522 μὲν
277 466 323 509 τὸ
345 466 458 522 γένος
475 470 632 523 τροφῆς
662 466 705 508 δὲ
727 467 796 509 καὶ
824 466 1010 515 παιδείας
1026 463 1296 519 μεταλαχόντι
1317 463 1557 520 Ῥωμαϊκῆς,
1592 466 1660 507 ἐπί

185 552 276 578 τινα
301 538 439 592 χῶρον
468 528 502 593 ᾧ
536 533 698 590 Λόγγοι
737 533 868 588 ὄνομα
896 532 984 587 ἅμα
1024 532 1323 590 στρατεύμασιν
1363 532 1657 589 ε’λλοχήσοντας

152 603 390 655 δὲ’στελλεν,
426 602 656 658 ἐπισκήψας
689 603 849 654 αὐτοῖς,
889 601 1051 645 ἐπειδὰν
1079 607 1228 659 χειρῶν
1260 604 1411 645 ἀδίκων
1442 604 1510 645 καὶ
1536 601 1658 645 πάλιν

183 671 401 730 κατάρχειν
423 677 636 729 πειρῶνται
650 671 883 725 Ἀλαμανοί,
924 671 1189 720 ἄντεπεξιέναι
1207 673 1323 728 σφίσι
1341 672 1446 714 κατὰ
1465 671 1512 714 τὸ
1533 672 1660 727 ἐγχω-

185 746 297 800 ροῦν.
367 741 413 783 οἳ
433 743 500 783 καὶ
528 740 662 795 ἐπειδὴ
683 740 785 797 πρὸς
801 744 861 797 τῷ
876 738 1001 797 χώρῳ
1028 740 1204 795 ἐγένοντο
1215 771 1228 791 ,
1263 738 1338 794 τήν
1359 758 1401 782 τε
1417 741 1658 794 Ἀλαμανῶν
1682 745 1712 780 Β

185 808 400 853 κατενόουν
417 810 581 864 πληθὺν
599 811 666 851 καὶ
688 809 798 859 ὅπως
815 809 911 851 ποτὲ
929 807 1080 859 τάξεως
1099 807 1126 864 ἢ
1149 809 1318 859 ἀταξίας
1336 809 1387 851 τὰ
1407 808 1663 865 στρατόπεδα

183 877 344 929 τούτοις
363 879 445 932 ἴχοι
469 879 758 932 ἐπιμελέστατα
780 879 1076 920 διεσκοποῦντο.
1145 876 1198 920 τά
1220 895 1261 920 τε
1276 882 1374 934 γοῦν
1393 876 1565 931 σώματα
1586 878 1662 919 αἰ·-

130 954 175 988 10
187 955 269 998 τοῖς
284 946 443 1004 μεγάλα
463 965 504 990 τε
531 946 750 1004 ὑπερφυῶς
777 948 844 989 καὶ
867 947 1200 1003 τεθωρακισμένοι
1228 949 1269 997 ἐς
1289 946 1335 988 τὸ
1357 947 1521 1002 ἀκριβὲς
1541 964 1663 989 κατε-

183 1015 325 1068 νόουν,
367 1018 436 1059 καὶ
465 1016 538 1070 τὴν
563 1017 689 1058 ἵππον
719 1016 763 1058 δὲ
787 1014 933 1071 ἣκιστα
956 1015 1153 1072 δρομικὴν
1175 1010 1326 1067 οὖσαν,
1361 1015 1418 1058 ἔτι
1449 1033 1490 1058 τε
1514 1016 1661 1074 ἀταξίᾳ

185 1089 315 1142 πολλῇ
332 1086 372 1135 ἔς
397 1085 470 1140 τὴν
499 1083 595 1127 ὁδὸν
618 1085 886 1141 κεχρημένους
907 1083 1080 1136 ἰδόντες,
1118 1082 1353 1142 εὖχείρωτόν
1386 1102 1428 1127 τε
1445 1082 1661 1138 (Ριομαιόις

185 1154 259 1208 τὴν
276 1154 471 1211 στρατιὰν
499 1154 638 1204 αὐτοῖς
659 1154 827 1207 ἔσεσθαι
845 1151 1092 1210 ὑπειλήφασι
1113 1153 1188 1196 σὺν
1209 1147 1408 1210 ἐπιστήμῃ
1429 1157 1658 1207 συμπλεκο-

182 1223 342 1276 μένοις,
377 1224 445 1265 καὶ
468 1223 530 1264 ε’πὶ
548 1223 721 1277 βασιλέα
746 1224 981 1277 πέμψαντες
1000 1221 1129 1264 ταῦτά
1148 1240 1189 1265 τε
1208 1221 1378 1277 ἐδήλουν
1398 1225 1464 1266 καὶ
1486 1223 1657 1264 ἀνεπυν-

130 1296 173 1331 15
184 1289 361 1334 ‚fi-«imvm
390 1291 435 1333 τὸ
464 1293 675 1349 πρακτέον.
746 1290 768 1334 ὃ
801 1293 844 1334 δὲ
866 1292 912 1334 τὸ
932 1296 1012 1334 τῶν
1035 1290 1260 1349 βαρβάρων
1291 1293 1358 1334 καὶ
1378 1290 1434 1333 ἔτι
1457 1289 1658 1345 εὐλαβού-

181 1376 303 1414 μενος
323 1358 567 1416 πρόσχημα,
603 1364 709 1417 φημὶ
739 1360 789 1415 δὴ
814 1360 888 1415 τὴν
918 1361 982 1402 ἐπὶ
1006 1362 1288 1415 Παλαιστίνην
1317 1362 1444 1415 δῆθεν
1473 1362 1652 1417 πορείαν,
1677 1372 1708 1406 c

181 1428 299 1487 ᾤκνει
319 1429 388 1470 ὁιιὶ
415 1434 534 1471 τοῦτο
563 1429 636 1484 τὴν
655 1430 917 1484 ἐπιχείρησιν,
965 1428 1226 1486 ἒκὸηλότερόν
1256 1447 1294 1472 τι
1317 1431 1563 1486 νεωτερίσειν
1581 1429 1658 1470 αὗ-

182 1497 279 1547 voi-9
297 1497 630 1554 προσδεχόμενος.
696 1498 890 1553 βασιλεὺς
918 1498 992 1552 μὲν
1013 1492 1084 1539 οὖν
1111 1497 1217 1540 οὕτω
1241 1496 1404 1554 γνώμης
1435 1496 1550 1551 εἶχεν.
1619 1498 1658 1539 οἶ

185 1567 229 1608 δὲ
246 1564 454 1623 βάρβαροι
475 1565 557 1624 ὁδῷ
574 1565 724 1618 ἰόντες,
760 1567 896 1621 ἐπειδὴ
923 1568 965 1616 ἐς
994 1566 1069 1618 τὰς
1098 1569 1160 1609 ἐπὶ
1178 1566 1480 1623 Χοιροβάκχων
1498 1570 1660 1622 παρῆλ-

127 1639 265 1677 2οθον
299 1633 496 1686 πεδιάδας
524 1633 724 1691 (ὗπτιάζει
751 1635 831 1692 γὰρ
860 1637 1042 1677 ἐνταῦθα
1075 1633 1096 1677 ὃ
1121 1641 1258 1693 χῶρος
1283 1638 1350 1677 καὶ
1372 1634 1477 1677 πόαν
1501 1637 1661 1690 δαψιλῆ

182 1702 364 1758 μάλιστα
393 1705 435 1754 ἐς
458 1705 532 1756 τὰς
566 1706 703 1747 ἵππων
741 1705 958 1762 παρέχεται
995 1703 1168 1760 νομάς),
1211 1706 1395 1747 ἐνταῦθα
1436 1705 1659 1760 ηὐλίζοντο.

276 1858 311 1892 2.
346 1857 654 1904 Κωνσταντίνου]
686 1858 776 1894 eod.
815 1859 1015 1901 Κωνσταν,
1049 1859 1141 1905 quod
1174 1859 1247 1894 sive
1275 1860 1548 1905 Κωνσταντίνῳ
1585 1870 1662 1894 cum

275 1903 412 1948 Tullio,
440 1904 514 1938 sive
538 1905 826 1939 Κωνσταντίνου
853 1916 929 1940 cum
953 1906 1131 1950 Ducangio
1161 1906 1312 1949 scribas,
1337 1906 1422 1939 adeo
1439 1907 1590 1951 ineptum
1608 1911 1664 1961 est

277 1993 456 2039 hocloco,
480 1999 518 2029 ut
539 1996 734 2040 parenthesi
754 1996 955 2033 incluserim.
1097 1996 1150 2030 15.
1176 1994 1219 2030 τὸ
1242 1995 1453 2042 πρακτέον]
1483 1997 1569 2032 Cod.
1591 1964 1658 2032 τιον

274 2039 483 2086 πρακτέον,
506 2042 598 2076 unde
618 2042 752 2076 Tollius
773 2047 808 2076 et
822 2043 911 2076 Duc.
931 2042 1002 2078 τοῦ
1019 2039 1222 2087 πρακτέου.

182 2131 295 2177 tisque
313 2131 478 2167 adversus
493 2132 658 2167 barbaros
674 2133 732 2178 qui
746 2132 847 2167 isthic
861 2133 1030 2176 habitant,
1055 2133 1194 2179 praeliis
1205 2145 1362 2179 magnam
1377 2134 1520 2169 nominis
1536 2136 1659 2171 famam

185 2178 330 2223 adeptus
347 2184 442 2223 erat„
467 2190 535 2213 una
551 2191 625 2213 cum
642 2180 828 2223 Prosucho,
853 2180 946 2213 cuius
963 2180 1061 2214 modo
1080 2180 1222 2219 memini,
1247 2181 1384 2214 natione
1401 2181 1532 2226 quidem
1551 2182 1660 2216 Persa

184 2225 245 2259 sed
271 2225 328 2269 qui
351 2236 372 2257 a
394 2225 506 2270 pueris
531 2237 642 2259 mores
668 2226 837 2258 Romanos
862 2225 1043 2268 induerat,
1067 2226 1110 2259 ad
1125 2226 1236 2260 locum
1262 2227 1451 2272 quemdam,
1478 2227 1529 2260 cui
1546 2228 1659 2271 Longi

184 2282 323 2312 nomen,
354 2271 457 2305 mittit
479 2283 554 2305 cum
579 2271 703 2316 copiis,
726 2283 809 2315 quas
834 2271 868 2304 in
890 2271 1019 2314 insidiis
1035 2271 1259 2315 collocarent,
1282 2273 1362 2306 dato
1385 2273 1467 2318 ipsis
1496 2274 1658 2308 mandato

184 2322 223 2350 ut
237 2317 266 2350 si
280 2328 412 2351 rursum
435 2317 610 2351 Alemanni
626 2317 888 2362 praedarentur,
910 2318 985 2351 illos
1009 2323 1112 2363 prout
1135 2318 1230 2352 locus
1250 2326 1411 2364 posceret
1430 2319 1656 2353 adorirentur.

185 2367 223 2397 ut
246 2363 288 2396 ad
312 2363 423 2397 locum
448 2375 598 2406 venere,
622 2364 879 2397 Alemannorum
903 2364 1088 2399 advertunt
1108 2364 1372 2407 multitudinem,
1398 2370 1433 2399 et
1458 2365 1660 2400 ordinatone

185 2419 230 2442 an
256 2409 398 2443 confuso
423 2410 804 2454 agmine'procederent
830 2410 1006 2454 diligenter
1030 2411 1222 2455 explorant.
1267 2411 1333 2444 iam
1361 2422 1506 2456 corpora
1522 2412 1658 2455 quidem

185 2454 334 2499 ipsorum
349 2467 453 2500 supra
468 2456 599 2489 modum
615 2467 759 2500 procera
775 2455 891 2489 vident
905 2461 939 2490 et
953 2457 1054 2490 armis
1068 2457 1176 2501 probe
1190 2457 1366 2492 instructa.
1406 2463 1444 2490 ut
1458 2468 1542 2490 vcro
1558 2458 1656 2502 equi-

186 2504 293 2534 tatum
315 2501 422 2535 minus
447 2503 619 2543 velotem,
642 2501 802 2546 nulloque
816 2501 935 2535 ordine
949 2514 1065 2536 omnes
1090 2503 1124 2535 in
1143 2503 1200 2536 via
1215 2503 1334 2546 vagari
1349 2514 1577 2547 conspexere,
1603 2505 1657 2538 sa-

186 2546 251 2580 cilc
273 2558 294 2580 a
317 2547 477 2581 Romanis
502 2548 668 2581 debellari
684 2559 786 2592 posse
807 2548 993 2582 exercitum
1008 2549 1170 2590 credunt,
1200 2550 1298 2582 modo
1325 2549 1460 2582 militari
1476 2554 1551 2583 arte
1573 2562 1657 2583 con-

187 2593 427 2636 grederentur:
452 2594 495 2628 de
521 2594 571 2628 his
593 2594 726 2627 interim
750 2593 993 2628 admonendum
1018 2594 1218 2639 principem,
1240 2594 1398 2640 illiusque
1416 2595 1658 2640 explorandam

188 2638 398 2672 sententiam.
447 2645 485 2673 at
505 2639 563 2673 ille
591 2652 665 2674 cum
683 2640 905 2674 barbarorum
931 2640 1070 2674 consilia
1087 2651 1195 2685 aequo
1219 2641 1331 2675 adbuc
1349 2641 1457 2675 animo
1486 2642 1659 2686 expende-

188 2687 263 2727 ret,
286 2695 406 2730 nempe
433 2685 475 2719 de
497 2686 712 2730 expeditione
740 2697 839 2731 quam
861 2687 896 2720 in
920 2686 1148 2720 Palaestinam
1169 2693 1414 2732 susceperant,
1448 2699 1563 2721 eorum
1594 2700 1658 2730 ag-

187 2729 391 2771 grossionem
415 2731 639 2766 differendam
665 2743 742 2766 esse
764 2732 912 2770 censuit.
937 2732 1250 2777 expectandumque
1264 2734 1341 2767 dum
1354 2733 1561 2768 manifestius
1577 2733 1656 2777 quid

189 2774 395 2810 molirentur.
442 2788 483 2811 ea
508 2778 575 2811 suit
596 2778 812 2824 imperatoris
836 2790 941 2814 mens.
990 2779 1162 2823 progressi
1193 2779 1322 2813 interea
1353 2780 1512 2819 barbari,
1553 2785 1591 2812 ut
1613 2779 1658 2812 ad

189 2819 525 2858 Choerobacchorum
541 2835 680 2869 campos
695 2836 884 2870 pervenere
903 2825 1097 2870 (supinatur
1111 2830 1226 2859 autem
1246 2825 1314 2860 illic
1334 2826 1441 2870 regio,
1466 2826 1658 2868 herbasque

189 2865 355 2901 uberrime
370 2869 514 2913 praebet
529 2869 574 2905 ad
588 2881 752 2916 equorum
776 2871 940 2916 pabula),
971 2875 1084 2907 <astra
1097 2871 1220 2916 figunt.
1268 2871 1347 2907 dum
1362 2873 1419 2907 hic
1434 2871 1661 2920 com-siderentd
