1878 3262
670 217 1060 262 HISTORJARUM
1093 186 1142 262 ι’..
1169 219 1228 263 V.
1559 220 1656 265 235

346 328 420 376 12.
491 334 587 373 Τῶν
613 331 827 388 εἲρημένων
855 348 897 374 τε
927 330 1038 374 ἕνεκα
1072 329 1094 375 ὅ
1125 331 1330 387 Μανουὴλ
1359 331 1470 389 παρὰ
1498 334 1655 390 Πριμί-

206 401 392 453 σθλαβον
420 393 524 452 ἦλθε
554 402 620 442 καὶ
650 399 757 450 ὅπως
778 405 894 456 χεῖρα
926 401 1076 442 ἐκεῖθεν
1106 399 1320 455 σύμμαχον
1345 401 1406 442 ἐπὶ
1429 399 1651 455 Ῥωμαίους
1670 414 1702 448 Β

206 465 296 523 ἄξῃ.
362 467 576 510 ἐπέσταλτο
616 468 693 525 γὰρ
731 468 842 525 αὐτῷ’
861 469 928 509 καὶ
951 466 1242 527 Ῥωσισθλάβῳ
1266 473 1325 526 τῷ
1352 471 1419 511 καὶ
1450 469 1561 528 αὐτῷ
1591 471 1655 512 ἐπὶ

205 538 546 591 Ταυροσκυθικῆς
569 535 730 593 ἄρχοντι
759 537 848 591 περὶ
875 538 1107 590 συμμαχίας
1131 538 1364 591 διειλέχθαι.
1431 539 1497 579 καὶ
1518 539 1655 592 με’ντοι

170 605 271 645 ὁκαὶ
302 603 488 659 τετύχηκε
514 609 588 646 τοῦ
615 605 717 646 κατὰ
745 602 905 646 σκοπόν.
972 602 1189 661 ὑπερφυῶς
1213 606 1290 662 γὰρ
1311 604 1502 660 ’ἡσθέντες
1521 605 1580 648 ὅτι
1602 606 1653 661 δὴ

201 670 421 729 τηλικούτῳ
442 674 482 723 ἒς
500 673 646 723 αὖτοὺς
666 670 687 714 ὅ
708 673 899 726 βασιλεὺς
929 671 1124 729 ἐχρήσατο
1151 678 1398 730 πρεσβευτῇ,
1434 673 1654 728 ὑπέσχοντο

202 740 360 794 ἐπιτελῆ
376 739 505 783 πάντα
521 739 698 795 ποιήσειν
714 739 791 783 ὅσα
809 745 868 799 τῷ
884 745 1049 796 βασιλεῖ’
1059 741 1292 799 βουλομένῳ
1312 736 1428 796 ἦσαν.
1497 743 1544 784 οὗ
1572 743 1654 798 μὴν

202 808 296 850 οὐδὲ
311 806 596 865 Ἱερόσθλαβον
623 810 691 851 διὰ
716 814 843 852 ταῦτα
864 810 1054 865 βασιλεὺς
1079 812 1269 866 περιεῖδε·
1303 816 1504 863 μηχαναῖς
1524 804 1654 853 δὲκαὶ

198 880 342 918 τοῦτον
374 875 527 933 ἑτέραις
563 878 666 919 κατὰ
694 877 902 935 Στεφάνου
941 879 1250 932 ἐξεπολέμωσεν,
1289 879 1510 937 ἐπιστείλας
1542 879 1654 935 αὐτῷ’

145 952 190 987 10
201 942 359 986 οὗτωσί.
422 943 448 959 “
463 946 509 987 οὗ
541 944 805 1001 μιμησόμεθά
826 963 898 989 σου
921 947 993 1002 τὴν
1010 947 1244 1004 ἀστοργίαν,
1280 945 1329 1001 ἢν
1354 947 1469 988 οὐδὲν
1490 947 1578 988 δίον
1597 949 1652 996 εἲς

197 1011 309 1067 ἡμᾶς
335 1014 517 1064 ἐπεδείξω
528 1046 541 1066 ,
574 1013 703 1070 λόγων
725 1032 766 1056 τε
792 1017 859 1057 καὶ
889 1020 1102 1071 συνθηκῶν
1127 1019 1207 1057 τιΐίν
1226 1013 1365 1071 πρώην
1386 1014 1463 1070 ἤδη
1485 1014 1652 1068 ὀμωμο-

198 1082 354 1134 σμὲνων
397 1099 460 1124 σοι
492 1081 843 1140 κατωλιγωρηκώς.
914 1083 1018 1126 ἄλλά
1052 1101 1115 1126 σοι
1144 1084 1196 1126 τὰ
1230 1083 1379 1137 ἔσχατα
1413 1085 1652 1140 διυβρίσθαι

197 1147 461 1191 κινδυνεύοντι
481 1149 555 1191 ὕπ’
579 1150 675 1206 ὄψιν
693 1152 744 1193 τὰ
764 1156 836 1207 τῆς
851 1151 1007 1209 ὕβρεως
1026 1154 1203 1206 τίθεμαι.
1273 1152 1360 1194 ἴσθι
1383 1154 1515 1193 τοίνυν
1533 1152 1649 1208 ἀνδρὶ

196 1219 323 1259 παῖδα
342 1220 570 1271 συνοικίζων
587 1220 660 1274 τὴν
676 1220 750 1275 σὴν
762 1225 819 1278 τῷ
835 1220 922 1277 ῥηγὶ
941 1220 1132 1263 Παιάνιον
1149 1219 1342 1274 κακοήθει
1361 1237 1402 1262 τε
1421 1221 1487 1262 καὶ
1506 1221 1643 1270 δεινῶς
1665 1228 1696 1262 C

141 1291 185 1328 15
198 1286 377 1344 ἀβεβαίῳ
403 1286 476 1341 τὴν
506 1287 667 1343 γνώμην
698 1288 800 1331 ὄντι·
836 1291 948 1344 δίκης
974 1289 1050 1346 γάρ
1076 1306 1170 1332 ποτε
1190 1288 1217 1343 ἢ
1239 1289 1434 1343 ἀληθείας
1457 1288 1649 1345 ἐντροπὴν

193 1356 404 1409 πεποιήται
422 1356 624 1410 οὐδεμίαν.
693 1355 898 1415 ἀνθρώπῳ
918 1359 961 1399 δὲ
980 1357 1166 1416 ἀπολύτῳ
1185 1356 1344 1415 φύσεώς
1363 1375 1404 1400 τε
1425 1359 1491 1398 καὶ
1512 1356 1647 1411 νόμων

195 1421 252 1473 ὥς
286 1423 430 1465 ἐπίπαν
469 1426 675 1483 φερομένῳ
711 1424 842 1468 πάντα
868 1433 993 1468 ποιεῖν
1024 1425 1134 1481 οἶμαι
1161 1425 1313 1485 ῥᾴδιον.
1381 1425 1525 1467 οὐκοῦν
1556 1425 1650 1467 οὐδὲ

193 1490 414 1546 ξυνοικήσει
442 1509 506 1534 σοι
534 1495 741 1550 Στέφανος
769 1499 819 1551 τῇ
845 1497 1045 1551 θυγατρί,
1075 1497 1170 1537 οὐδέ
1186 1512 1223 1536 τι
1244 1494 1342 1536 ἄλλο
1361 1499 1440 1536 τῶν
1457 1494 1561 1535 κατὰ
1577 1492 1648 1535 νό-

192 1576 271 1613 μον
301 1561 364 1601 ἐπὶ
391 1559 517 1618 ταύτῃ
547 1561 819 1619 διαπράξεται.
888 1565 923 1605 εἴ
944 1564 987 1605 δὲ
1008 1565 1074 1605 καὶ
1099 1562 1342 1617 ξυνοικήσει,
1369 1563 1460 1604 ἀλλ’
1486 1562 1562 1604 ὅσα
1579 1563 1645 1604 καὶ
1668 1565 1702 1599 V
1726 1565 1792 1601 107

138 1630 400 1685 ΞΟτριοδίτιδι
425 1629 552 1687 ταύτῃ
576 1629 953 1688 προσενεχθήσεται.
1023 1630 1044 1673 ὅ
1070 1633 1148 1689 γὰρ
1179 1633 1220 1681 ἔς
1244 1632 1289 1674 τὸ
1322 1629 1512 1687 ἡμέτερον
1541 1630 1647 1672 οὕτω

192 1695 340 1752 κράτος
360 1696 551 1754 ἁμαρτὼν
568 1698 711 1755 ὅρκους
731 1717 773 1742 τε
795 1698 850 1749 ὥς
867 1701 908 1742 ἐν
925 1703 1090 1750 παιδιᾶς
1108 1699 1212 1758 λόγῳ
1232 1700 1326 1750 τοὺς
1344 1700 1508 1755 ἔναγχος
1534 1699 1646 1753 ὅμω-

190 1765 416 1818 μοσμένους
436 1765 545 1825 αὐτῷ
563 1770 790 1823 λογίζεσθαι
807 1768 1157 1823 ἀπαναισχυντιῦν,
1192 1767 1423 1824 συλλόγισαι
1446 1770 1488 1809 τί
1507 1768 1578 1809 οὐκ
1597 1767 1647 1809 ἂν

192 1833 256 1874 ἐπὶ
277 1833 321 1875 σὲ
339 1831 516 1888 ποιήσειν
534 1835 962 1894 ἄπανθρωπεῦσεται.”
1020 1836 1173 1880 τούτων
1193 1835 1214 1879 ὃ
1233 1839 1552 1894 Πριμίσθλαβος
1572 1835 1647 1878 σὺν

286 1985 339 2020 1Ξ.
384 1986 534 2033 Propter
556 1986 640 2021 haec
661 1987 765 2031 igitur
779 1999 865 2032 quae
880 1988 1021 2022 diximus
1035 1987 1174 2022 Manuffl
1189 1987 1230 2021 ad
1244 1986 1449 2022 Primislaum
1466 1987 1577 2029 venit,
1610 1990 1646 2021 et

192 2033 232 2065 ut
258 2030 438 2065 auxiliares
466 2033 579 2078 copias
600 2033 646 2067 ibi
661 2045 724 2079 pro
740 2034 899 2067 Romanis
914 2035 1139 2067 contraheret.
1184 2034 1244 2067 sed
1261 2039 1294 2068 et
1307 2034 1426 2067 missus
1442 2038 1495 2067 est
1509 2033 1553 2066 ad
1570 2033 1644 2066 Ro-

191 2076 325 2111 sislaum
338 2103 349 2120 ‚
382 2077 439 2122 qui
465 2083 500 2112 et
522 2079 596 2124 ipse
619 2080 910 2126 Tauroscythicae
930 2079 1160 2124 imperitabat,
1192 2079 1234 2113 de
1246 2079 1391 2113 ineunda
1406 2088 1569 2113 armorum
1584 2090 1645 2112 so-

190 2122 314 2156 cietate
341 2135 416 2156 cum
443 2135 483 2157 eo
511 2130 659 2161 acturus.
705 2136 826 2169 resque
839 2125 887 2158 ini
902 2137 945 2159 ex
960 2131 1042 2159 voto
1057 2125 1229 2159 successit.
1277 2125 1416 2160 maxime
1432 2125 1518 2158 enim
1533 2124 1644 2168 gavisi

189 2168 282 2212 quod
303 2172 369 2202 tam
385 2169 504 2204 illustri
521 2182 579 2204 eos
593 2171 752 2214 dignatus
767 2176 858 2204 esset
873 2172 1005 2214 legato,
1036 2171 1143 2204 omnia
1173 2182 1261 2216 quae
1289 2172 1394 2205 vellet
1422 2171 1577 2216 princeps
1604 2181 1643 2204 se

187 2215 340 2248 facturos
356 2215 443 2249 ultra
460 2216 600 2261 polliciti
617 2222 704 2251 sunt.
751 2227 861 2261 neque
875 2217 950 2250 ideo
966 2222 1076 2251 tamen
1092 2217 1303 2251 Hieroslaum
1326 2217 1482 2261 despexit
1496 2216 1643 2260 impera-

188 2265 264 2302 tor,
295 2261 353 2294 sed
383 2267 456 2296 arte
485 2262 550 2296 alia
580 2262 744 2296 adversus
774 2263 979 2307 Stephanum
1003 2262 1182 2297 concitavit
1194 2290 1204 2306 ,
1235 2262 1341 2296 missis
1356 2262 1582 2296 huiuscemodi
1597 2261 1642 2294 ad

186 2305 296 2351 ipsum
319 2306 434 2341 literis.
481 2308 581 2341 “non
602 2308 803 2342 imitabimur
823 2313 915 2342 tuam
931 2309 1200 2353 ingratitudinem
1213 2337 1223 2353 ‚
1253 2320 1351 2353 quam
1366 2309 1455 2342 nulla
1472 2308 1562 2341 adid
1578 2307 1643 2340 im-

186 2351 336 2397 pellente
364 2353 563 2387 necessitate
590 2365 673 2401 erga
698 2365 759 2388 nos
787 2354 981 2399 exhibuisti,
1012 2355 1175 2398 neglectis
1200 2355 1370 2399 promissis
1392 2354 1568 2399 pactisque
1591 2353 1643 2394 iis,

188 2409 278 2442 quae
292 2408 398 2442 nuper
412 2399 623 2433 sanciveras:
649 2401 706 2433 sed
723 2399 803 2443 tibi,
829 2400 944 2434 ultima
959 2412 1019 2434 nos
1034 2400 1154 2435 iniuria
1168 2401 1307 2434 afficere
1322 2399 1468 2445 paranti,
1497 2399 1540 2432 ob
1558 2409 1642 2432 ocu-—

187 2442 239 2477 los
267 2454 339 2476 eam
365 2445 589 2490 proponimus.
635 2446 722 2479 scias
737 2445 860 2489 igitur,
892 2446 967 2480 dum
984 2447 1084 2480 filiam
1100 2451 1189 2480 tuam
1206 2446 1400 2490 Hungariae
1415 2445 1487 2489 regi
1502 2455 1642 2478 uxorem

188 2488 316 2534 tradis,
348 2489 440 2523 illam
470 2495 506 2524 te
527 2491 668 2535 iungere
691 2491 763 2525 viro
788 2492 953 2536 maligno,
982 2492 1159 2537 animoque
1174 2492 1274 2525 valde
1290 2491 1447 2526 instabili.
1490 2490 1641 2524 iustitiae

188 2533 273 2568 enim
303 2546 362 2568 seu
392 2536 550 2570 veritatis
572 2537 696 2571 nullum
723 2548 867 2582 uuquam
888 2544 1078 2583 respectum
1101 2537 1230 2571 habuit.
1276 2537 1439 2571 hominem
1455 2541 1565 2570 autem
1580 2536 1639 2581 qui

188 2589 252 2613 nec
264 2586 416 2615 naturam
432 2593 496 2615 nec
509 2582 602 2627 leges
615 2589 792 2617 reveretur
802 2609 813 2625 ,
843 2595 972 2628 suoque
986 2595 1122 2629 prorsus
1137 2585 1246 2618 fertur
1262 2583 1400 2617 arbitrio
1412 2608 1422 2623 ‚
1454 2584 1561 2617 omnia
1577 2595 1640 2617 ex-

188 2625 284 2668 sequi
298 2637 397 2670 posse
411 2627 499 2662 haud
516 2639 618 2672 aegre
634 2629 797 2662 existimo.
845 2629 987 2674 proinde
1013 2641 1122 2673 neque
1147 2629 1249 2662 filiam
1263 2634 1352 2662 tuam
1370 2629 1472 2663 ducet
1488 2630 1639 2674 Stepha-

187 2679 268 2711 11118,
294 2682 402 2716 neque
416 2673 507 2707 aliud
521 2675 689 2720 quidpiam
703 2675 833 2719 legibus
849 2679 1107 2709 consentaneum
1117 2701 1128 2717 ‚
1155 2680 1315 2719 quantum
1329 2675 1372 2708 ad
1385 2675 1474 2708 illam
1492 2680 1638 2720 spectat,

188 2721 401 2760 exsequetur.
446 2720 535 2764 quod
566 2721 594 2754 si
621 2732 694 2754 eam
718 2721 838 2764 ducat,
865 2721 1015 2765 vulgaris
1034 2721 1205 2755 cuiusdam
1219 2725 1255 2755 et
1269 2721 1363 2754 velut
1379 2732 1398 2754 e
1413 2721 1514 2755 trivio
1531 2721 1636 2754 addu-

189 2764 266 2793 ctae
287 2762 427 2796 feminae
448 2764 537 2799 loco·
551 2766 699 2800 habebit.
744 2767 801 2811 qui
816 2767 901 2800 enim
915 2767 1121 2800 maiestatem
1136 2771 1282 2800 nostram
1300 2771 1479 2812 tantopere
1494 2767 1637 2800 offendit

190 2809 226 2838 et
238 2813 444 2842 sacramenta
458 2821 562 2855 nuper
575 2812 655 2846 data
670 2823 732 2857 pro
748 2812 830 2846 ludo
844 2813 969 2847 habere
983 2824 1049 2846 non
1065 2812 1216 2857 erubuit,
1243 2813 1356 2857 cogita
1370 2824 1470 2857 quam
1483 2813 1516 2845 in
1532 2818 1567 2845 te
1582 2812 1637 2844 in-

189 2851 427 2887 humanitatem
455 2865 523 2889 non
554 2857 600 2892 sit
628 2858 872 2895 commissurus,
880 2858 902 2875 ”
947 2858 999 2893 his
1021 2870 1095 2894 cum
1110 2859 1253 2894 barbara
1266 2859 1410 2904 quadam
1425 2857 1635 2903 simplicitate
