1878 3262
562 206 1108 251 COMMENTARIORUM
1142 209 1190 251 L.
1224 208 1279 252 Π.
1583 209 1648 254 55

177 319 298 364 πάλιν
334 319 502 379 ἀφορμὴ
533 319 782 379 πραγμάτων
813 325 873 379 τῷ
900 326 1068 376 βασιλεῖ’
1092 321 1268 378 γένοιτο,
1301 321 1552 367 ἓντὲλλονταί
1570 341 1647 367 τινι

177 391 246 433 διὰ
270 388 522 447 γραμμάτων
548 392 611 432 ἐπὶ
634 395 708 433 τοῦ
733 394 879 447 καιροῦ
905 389 1187 434 δυναστεύοντι
1207 389 1381 447 ἐκκόψαι
1401 391 1532 450 τούτῳ
1552 393 1647 443 τοὺς

175 458 434 517 ὀφθαλμούς.
504 458 527 501 ὃ
544 459 594 515 δὴ
617 461 684 502 καὶ
705 457 914 515 γενόμενον
929 458 1114 522 μεχάλως
1137 461 1275 515 ἠνίασε
1296 461 1366 503 τὸν
1378 460 1644 519 Ἀνδρόνικον,

174 529 242 570 καὶ
268 532 425 582 μᾶλλον
455 525 516 570 ὅτι
547 530 614 570 καὶ
636 529 872 585 πειρασθεὶς
892 526 1180 571 διασώσασθαι
1202 534 1346 572 τοῦτον
1367 530 1415 572 οὗ
1439 530 1645 586 δεδύνητο,

139 601 256 640 5τῶν
278 598 368 653 περὶ
389 596 459 638 τὸν
480 597 652 651 βασιλέα
675 595 951 654 σφοδρότερον
978 598 1222 652 ἐγκειμένων.
1291 600 1486 642 ἐπέστειλε
1511 601 1555 641 δὲ
1578 602 1646 642 καὶ

170 665 274 722 πρὸς
296 665 365 707 τὸν
386 667 542 723 πατέρα
564 665 634 708 τὸν
655 667 832 722 καίσαρα
843 698 857 718 ,
885 669 1133 723 παρακαλῶν
1156 666 1279 709 αὐτὸν
1301 668 1360 723 μὴ
1383 674 1641 725 συγχωρῆσαι

169 738 413 789 τελεσθῆναι
438 739 620 776 τοιοῦτον
645 733 971 791 ἀνοσιούργημα,
1012 733 1040 790 ἢ
1062 734 1144 789 μὴν
1166 740 1239 790 τῆς
1261 738 1381 786 θειάς
1406 738 1646 791 ἐκδέχεσθαι

171 804 285 857 δίκης
305 803 378 857 τὴν
397 807 543 860 ψῆφον
562 803 634 845 οὐκ
658 806 714 853 εἷς
733 804 897 860 μακρὰν
917 802 1243 858 ἆπαντήσουσαν.
1273 802 1295 845 ὃ
1316 800 1478 858 μὲνοῦν
1499 811 1643 858 ταῦτα,

170 871 209 912 οἳ
243 871 287 912 δὲ
317 871 370 913 τὰ
401 869 624 928 γράμματα
662 871 869 926 δεξάμενοι
902 874 1148 930 ἓκτυφλοῦσί
1173 890 1215 915 τε
1250 877 1414 926 τοῦτον,
1450 876 1518 915 καὶ
1541 878 1597 924 εἷς
1621 874 1644 917 ὃ

114 947 159 981 10
170 938 365 996 ἱδρύσατο
395 939 704 998 φροντιστήριον
731 943 773 983 ἐν
796 945 847 998 τῇ
871 939 981 999 νήσῳ
1001 940 1159 1001 Πρώτῃ
1182 942 1440 996 ἐκπέμπουσι.
1506 943 1643 999 βραχὺ

170 1009 217 1050 δέ
234 1026 273 1050 τι
296 1009 476 1062 ἐπιβιοὺς
497 1009 601 1064 μετὰ
622 1010 696 1064 τὴν
715 1014 797 1052 τῶν
817 1010 1052 1067 ὀφθαλμῶν
1074 1011 1259 1067 στέρησιν
1280 1009 1546 1066 ἐτελεύτησεν,
1579 1013 1645 1053 ἐπὶ

166 1079 298 1133 τρισὶν
321 1077 423 1119 ἔτεσι
445 1078 518 1132 τὴν
538 1080 750 1132 βασιλείαν
761 1077 972 1134 Ῥωμαίων
995 1077 1156 1129 Ζθύνας.
1212 1084 1395 1122 τοιοῦτον
1418 1079 1508 1133 ἴσχε
1530 1081 1643 1130 τέλος

166 1146 219 1188 τὰ
244 1146 349 1188 κατὰ
373 1146 444 1188 τὸν
464 1147 675 1203 Διογένην.

165 1264 306 1288 assensu
328 1254 452 1299 cupide
479 1255 631 1289 scribunt
657 1254 701 1288 ad
725 1253 903 1300 quemdam
928 1256 999 1288 tum
1019 1254 1054 1289 in
1080 1255 1233 1290 exercitu
1255 1254 1432 1310 plurimum
1454 1257 1640 1300 potentem,

166 1306 304 1334 erueret
317 1301 433 1334 oculos
449 1301 606 1345 Diogeni,
651 1301 743 1345 quod
758 1301 884 1334 factum
897 1300 1104 1346 iniquissime
1119 1301 1332 1335 Andromcus
1345 1301 1445 1335 tulit:
1483 1311 1641 1346 praeser-

163 1346 225 1379 tim
250 1346 339 1390 quod
362 1346 524 1392 impedire
550 1351 691 1381 conatus
718 1346 799 1380 nihil
814 1347 1027 1392 profecerat,
1059 1347 1100 1381 iis
1116 1347 1175 1392 qui
1190 1347 1385 1381 facilitatem
1401 1346 1579 1380 Michaelis
1598 1358 1640 1381 eo

163 1391 327 1425 inclinare
342 1398 526 1438 coeperant
540 1393 645 1437 magis
661 1404 703 1427 ac
718 1392 824 1436 magis
841 1398 993 1438 coeptum
1010 1394 1223 1438 urgentibus.
1270 1393 1455 1438 scripserat
1470 1398 1582 1426 autem
1599 1403 1641 1426 ea.

164 1437 209 1471 de
224 1448 263 1471 re
277 1438 487 1472 Andronicus
503 1439 546 1471 ad
562 1445 694 1483 patrem
709 1450 845 1483 quoque
861 1450 956 1472 suum
974 1439 1157 1473 Caesarem
1169 1467 1180 1483 ‚
1203 1439 1364 1473 maiorem
1381 1439 1413 1472 in
1430 1439 1564 1472 modum
1580 1450 1640 1472 ro-

163 1494 249 1527 gans
274 1495 318 1517 ne
343 1483 435 1517 istud
461 1484 651 1529 perpetrari
670 1484 836 1529 piaculum
865 1484 1018 1523 sineret:
1042 1485 1169 1530 alioqui
1185 1485 1320 1518 divinae
1336 1485 1404 1518 vim
1421 1485 1557 1518 ultionis
1575 1496 1639 1521 ex-

163 1534 358 1574 spectaret,
382 1541 590 1575 poenamque
605 1542 670 1564 non
688 1531 823 1575 longum
838 1535 1055 1565 moraturam.
1093 1542 1134 1564 ea
1148 1531 1207 1564 illo
1223 1530 1447 1575 nequicquam
1463 1531 1638 1574 moliente,

163 1575 222 1620 qui
246 1575 377 1609 litteras
404 1581 609 1621 acceperant
631 1576 819 1621 Diogenem
843 1582 1030 1610 excaecant
1055 1580 1092 1610 et
1115 1577 1152 1610 in
1167 1576 1427 1618 monasterium,
1454 1576 1546 1620 quod
1562 1576 1638 1621 ipse

164 1671 236 1701 stes
250 1667 308 1701 ille
323 1668 452 1702 interiit
462 1694 473 1710 ‚
510 1668 652 1713 imperio
667 1669 822 1706 Romano
838 1668 949 1704 tribus
964 1668 1060 1704 annis
1078 1668 1326 1704 administrato.
1372 1668 1462 1703 hunc
1476 1680 1532 1703 res
1548 1667 1637 1702 Dio·-

164 1713 260 1758 genis
274 1714 376 1749 finem
389 1715 589 1751 habuerunt.

520 1974 1131 2032 BIBAION
1201 1974 1277 2029 B.

170 2114 212 2158 1.
274 2087 288 2104 c.
303 2082 371 2154 Ο
390 2112 462 2166 μὲν
493 2112 543 2167 δὴ
574 2113 766 2167 βασιλεὺς
781 2112 988 2167 Ῥωμανὸς
1012 2112 1034 2155 ὅ
1058 2113 1254 2169 Διογένης
1275 2112 1563 2169 προθυμηθεὶς
1581 2111 1633 2154 τὰ

113 2180 371 2236 15Ῥωμαίων
391 2180 558 2236 ὖψῶσαι
590 2181 796 2237 ἀρξάμενα
817 2182 895 2238 ἤδη
922 2184 1088 2233 κλίνειν,
1124 2182 1197 2223 οὐκ
1231 2181 1391 2237 εὐφυῶς
1425 2181 1518 2223 οὐδ’
1547 2183 1632 2222 Sm-

165 2249 378 2306 στημόνως
412 2250 464 2294 τὰ
498 2255 569 2305 τῆς
602 2249 803 2305 ὑψώσεως
831 2249 1209 2308 μεταχειρισάμενος
1242 2248 1366 2299 αὐτός
1395 2267 1437 2292 τε
1464 2250 1629 2304 κατεβέ-

165 2323 291 2375 βλητο
316 2321 383 2372 καὶΙ
406 2319 459 2361 τὰ
476 2317 686 2374 Ῥωμαίων
704 2318 836 2379 ἑαυτῷ
853 2321 1123 2377 συγκατέβα7.ε
1142 2317 1374 2377 πράγματα.
1444 2317 1553 2374 ,ὅπως
1575 2319 1632 2371 δὲ,

260 2426 316 2465 14.
338 2427 629 2474 προθυμηθεὶς]
646 2428 700 2465 Ita
721 2428 763 2467 P.
786 2439 850 2478 pro
873 2426 1127 2474 προτιμηθείς,

621 2596 1009 2655 LIBER
1084 2596 1163 2654 ΙΙ.

170 2721 203 2755 1.
259 2688 310 2755 In
324 2719 413 2753 hunc
425 2720 557 2754 modum
571 2721 757 2766 imperator
771 2720 943 2754 Romanus
959 2718 1133 2762 Diogenes
1151 2729 1318 2764 generoso
1332 2718 1391 2752 ille
1406 2716 1540 2762 quidem
1557 2717 1630 2751 ani-

103 2795 106 2797 *
168 2776 222 2799 mo
240 2776 418 2809 aggressus
429 2767 609 2801 restituere
624 2768 659 2801 in
674 2760 777 2801 ‹lecus
792 2766 968 2811 pristinum
984 2766 1212 2799 collabescere
1226 2765 1441 2811 incipientem
1450 2764 1631 2797 Romanam

167 2822 239 2845 rem
252 2837 262 2853 ,
284 2810 373 2854 quod
387 2813 560 2857 proposito
577 2814 704 2859 optimo
720 2813 810 2847 haud
827 2823 942 2859 parem
961 2812 1083 2855 agendi
1100 2812 1342 2846 dexteritatem
1358 2809 1631 2861 administrandi-⁴

169 2868 238 2902 que
251 2856 404 2891 adiunxit
418 2858 653 2905 prudentiam,
673 2863 712 2895 et
725 2870 765 2894 se
785 2859 893 2906 ipsum
909 2858 1077 2906 perdidit,
1109 2863 1146 2895 et
1169 2869 1240 2897 rem
1254 2858 1443 2894 Romanam
1466 2864 1632 2891 commum

1665 669 1696 703 C

99 1630 105 1637 ‘
164 1626 402 1655 construxerat
415 1622 450 1655 in
465 1623 572 1657 Prota
586 1622 714 1667 insula,
738 1622 894 1667 relegant
905 1648 915 1664 ,
940 1622 998 1657 ubi
1013 1622 1246 1657 excaecationi
1261 1634 1343 1657 suae
1361 1633 1427 1656 non
1443 1622 1500 1655 diu
1515 1633 1637 1667 super-
1680 1648 1683 1650 .

1657 2100 1756 2134 P4o

1659 2147 1762 2183 V26

1660 2261 1694 2296 V
1715 2261 1761 2298 27
