1878 3262
237 247 300 292 52
718 237 942 285 IOANNIS
977 236 1207 281 CINNAMI

236 362 396 416 θαρρῶ.
452 354 498 399 τό
516 371 558 411 γε
578 354 659 409 μὴν
679 350 953 409 πεπραγμένον
972 349 1045 393 οὐκ
1065 350 1106 392 ἓν
1125 349 1360 401 ἓπαινετέοις
1379 348 1500 399 αὐτὸς
1517 350 1695 403 τίθεμαι.

236 427 381 469 οὔκουν
400 424 492 466 οὐδὲ
509 424 581 477 τὴν
601 419 863 477 Ἀλεξάνδρου
883 418 1037 474 τόλμαν
1057 419 1227 460 ἐπαινεῖν
1245 417 1322 472 ἔχω
1333 450 1347 471 ,
1385 416 1503 461 ὁπότε
1531 417 1589 471 μὴ
1622 417 1696 459 σὺν

235 494 334 550 τύχῃ
355 493 406 535 τὰ
425 492 528 534 κατὰ
546 491 615 532 τὸν
635 489 766 547 ἄνδρα
785 487 1043 542 ὁιεξετάζοιμι
1056 519 1069 539 ,
1108 489 1142 529 εἲ
1163 484 1282 541 μήτις
1300 488 1400 543 διδῷ
1418 503 1455 528 τι
1474 487 1542 528 καὶ
1561 483 1695 544 ἡλικία

235 561 440 616 νεότητος·
481 559 640 613 ἄμαχον
658 556 735 615 γάρ
756 575 794 599 τι
809 562 950 614 χρῆμα
967 553 1106 610 νεότης
1125 556 1251 607 ἐστίν,
1284 553 1396 608 ἰσχύϊ
1423 554 1466 596 δὲ
1495 555 1562 595 καὶ
1579 552 1694 611 ῥώμῃ

237 627 547 685 συνεργούμενον
566 624 877 682 δυσμαχώτερον
895 626 1055 681 γίνεται.
1118 623 1222 665 ἀλλὰ
1240 627 1368 665 ταῦτα
1386 623 1459 676 μὲν
1476 620 1531 672 ὣς
1550 640 1604 676 πη
1627 623 1727 678 qvi-5

185 701 215 735 Β
237 703 307 739 λον
327 695 481 754 ἑκάστῳ
501 696 731 753 φρονείσθω
749 711 791 736 τε
810 695 880 736 καὶ
895 694 1086 749 λεγέσθω.
1154 691 1343 746 βασιλεὺς
1374 691 1417 732 δὲ
1446 689 1577 732 πολλὰ
1598 689 1699 746 πρὸς

235 770 315 808 τῶν
338 765 444 822 ἀμφ’
470 763 591 805 αὐτὸν
622 762 754 820 ὥσπερ
783 762 935 820 εἷ’ρηται
965 758 1219 814 κακιζόμενος
1251 758 1330 801 “01³7
1358 759 1477 815 χρεία
1507 755 1698 799 τοιούτων

237 832 332 888 ήμῖν
361 834 401 875 ἓν
433 836 492 889 τῷ
522 829 724 888 παρόντι”
765 830 841 888 ἔφη
872 828 1120 885 “βουλητέον
1149 829 1188 870 δ’
1213 826 1268 878 ὥς
1287 827 1342 869 ἴνι
1361 825 1539 881 μάλιστα
1557 826 1698 880 μήκαὶ

237 903 398 951 πλειόυς
426 898 635 954 Ῥωμαίων
673 898 900 941 ἀπολέσθαι
937 898 1117 952 συμβαίη
1155 897 1196 947 ἒς
1224 897 1389 950 ταυτηνὶ
1419 895 1491 949 τὴν
1520 892 1697 951 ἡμέραν·

237 971 376 1012 πολλοὶ
396 969 473 1025 γὰρ
491 967 657 1010 κατόπιν
675 965 790 1022 ήμῶν
809 966 1134 1020 ἀπολελειμμένοι
1148 963 1392 1021 χιυροῧσιν.”
1465 961 1591 1004 ἐδόκει
1614 962 1698 1004 τοί-
1711 970 1754 1003 10

236 1055 308 1080 νυν
337 1035 456 1090 λόχον
486 1037 611 1078 αὐτοῦ
642 1053 719 1077 που
750 1037 817 1077 καὶ
846 1035 958 1092 παρὰ
985 1039 1034 1090 τῇ
1061 1033 1217 1089 ἔγγιστα
1240 1033 1490 1081 καθίσαντας
1509 1029 1699 1088 φάραγγι,

236 1104 293 1155 ’ὥς
311 1111 394 1155 τοῖς
412 1103 578 1147 κατόπιν
598 1107 724 1146 ιὀὕσιν
742 1105 974 1158 ἐπιβοηθεῖν
1001 1102 1148 1156 ἔχοιεν,
1183 1101 1278 1151 τοὺς
1304 1100 1452 1150 ἄλλους
1478 1098 1610 1155 ἠρέμα
1637 1099 1701 1140 ἐπὶ

237 1174 283 1216 τὸ
304 1171 575 1230 στρατόπεδον
594 1172 705 1214 ἰέναι.
761 1171 866 1214 οὕτω
887 1171 937 1226 δὴ
957 1175 1086 1212 ταῦτα
1105 1169 1195 1224 εἶχε.
1242 1171 1309 1211 καὶ
1326 1167 1518 1223 βασιλεὺς
1534 1167 1608 1221 μὲν
1627 1165 1700 1208 σὺν

237 1243 386 1297 ὀλίγοις
405 1245 484 1283 τιῦν
503 1242 590 1297 περὶ
615 1239 737 1282 αὐτὸν
765 1238 903 1297 πρόσω
930 1237 1092 1296 ἐχώρεν
1134 1235 1338 1287 Νικόλαος
1365 1237 1432 1288 δέ,
1469 1229 1590 1291 οὗπερ
1620 1234 1698 1289 ἤδη

239 1309 446 1364 ἐμνήσθην
457 1341 471 1361 ,
505 1306 746 1365 ἔνεδρεύσων
772 1308 898 1350 ὀπίσω
926 1309 1095 1364 ἐλείφθη
1127 1304 1324 1363 φάλαγξιν
1357 1304 1444 1358 ἅμα
1477 1305 1613 1355 δυσίν,
1653 1302 1701 1351 ἃς
1713 1311 1756 1347 15

239 1380 306 1420 καὶ
335 1378 407 1432 τὴν
435 1375 598 1432 πρώτην
627 1375 795 1431 ὁπηνίκα
827 1378 1002 1433 Περσῶν
1031 1375 1269 1431 κατεφέρετο
1287 1372 1359 1414 ὕπ’
1384 1373 1495 1429 αὐτῷ’
1511 1371 1702 1426 βασιλεὺς

189 1453 219 1486 C
243 1446 390 1496 ἔταξεν.
444 1445 539 1486 ἀλλ’
562 1443 674 1486 οὔπω
694 1446 757 1486 ἐπὶ
778 1448 962 1486 πλεῖστον
979 1443 1368 1500 βασιλεὺςπροῆλθε
1377 1473 1391 1493 ,
1427 1439 1594 1494 κάπειδὴ
1613 1439 1706 1496 περί

239 1532 329 1556 τινα
349 1512 539 1571 φάραγγα
561 1513 708 1568 ἐγένετο
725 1513 894 1569 Πέρσας
912 1511 1094 1561 ἐπιόντας
1114 1511 1210 1554 ῗὸιὺν
1228 1510 1333 1552 κατὰ
1355 1508 1450 1552 τάδε
1477 1509 1610 1551 ε’ποίει.
1679 1505 1701 1548 ὃ

239 1583 314 1635 μὲν
343 1583 407 1623 ἐπὶ
436 1579 595 1637 θάτερα
617 1585 690 1635 τῆς
709 1578 918 1637 φάραγγος
943 1580 1089 1636 ὃλίγοις
1109 1578 1195 1633 ἅμα
1218 1583 1299 1621 τῶν
1318 1578 1429 1635 ἄμφ’
1453 1576 1575 1619 αὐτὸν
1594 1575 1702 1630 ἵστη,

240 1650 335 1699 τοὺς
350 1651 375 1691 δ
380 1650 393 1665 ²
416 1648 564 1698 ἄλλους
580 1649 753 1690 ἐκέλευεν
768 1646 1023 1704 ὑπερβάντας
1042 1647 1143 1689 εὖθνὺ
1162 1651 1242 1689 τῶν
1255 1647 1454 1699 πολεμίων
1467 1646 1579 1687 ἴέναι.
1615 1643 1756 1698 ἅμαὲῦ

239 1735 281 1760 τε
301 1712 372 1759 οὖν
390 1718 526 1759 ἐκεῖνοι
545 1714 666 1770 ὁμόσε
685 1723 768 1766 τοῖς
783 1715 1010 1773 βαρβάροις
1027 1714 1203 1772 ἐχώρουν
1221 1717 1288 1757 καὶ
1307 1715 1345 1756 οἳ
1364 1715 1427 1755 ἐπὶ
1440 1718 1520 1755 τῶν
1534 1714 1704 1770 ἓνεδρῶν

240 1783 477 1839 αῗσθόμενοι
505 1783 707 1839 ἐβοήθουν
726 1783 878 1840 δρόμῳ.
946 1782 1152 1833 Νικόλαός
1178 1800 1219 1825 τε
1249 1777 1370 1839 οὗπερ
1394 1781 1473 1837 ’ἤδη
1494 1780 1702 1836 ἐμνήσθην

239 1854 406 1910 Πέρσην
433 1852 563 1909 ἄνδρα
591 1856 649 1909 τῷ
677 1850 817 1909 δόρατι
843 1852 961 1906 ἔβαλε
986 1853 1059 1906 μέν
1067 1884 1080 1903 ,
1127 1851 1174 1893 οὗ
1202 1851 1283 1905 μὴν
1310 1852 1376 1892 καὶ
1409 1850 1702 1906 ἇποσφαιρίσαι

240 1926 312 1976 τῆς
341 1922 461 1978 ἕδρας
490 1918 699 1975 ἠδυνήθη,
737 1919 804 1962 ἅτε
829 1920 933 1975 μηδὲ
963 1922 1149 1978 σφοδρᾶς
1177 1920 1243 1961 διὰ
1272 1919 1317 1961 τὸ
1336 1923 1408 1961 τοῦ
1422 1917 1559 1975 χώρου
1579 1918 1702 1960 ἄναν-

242 2095 343 2140 plane
363 2094 516 2129 definire.
562 2105 625 2139 ego
641 2093 773 2138 quidem
789 2097 827 2128 ut
840 2105 1050 2139 nequaquam
1064 2093 1098 2128 id
1115 2093 1217 2128 laudo
1232 2093 1364 2129 facinus
1375 2120 1384 2134 ,
1413 2094 1462 2128 ita
1477 2105 1540 2128 nec
1556 2093 1701 2127 Alexan-

244 2141 297 2174 dri
313 2140 544 2174 commendare
558 2140 663 2173 ausim
679 2140 852 2174 audaciam
863 2165 873 2181 ‚
893 2141 920 2174 si
938 2142 1067 2184 absque
1081 2142 1219 2174 fortuna
1233 2151 1461 2185 quaecumque
1474 2141 1517 2174 ab
1531 2139 1589 2173 illo
1603 2143 1702 2183 gesta

244 2190 322 2221 sunt
337 2190 552 2231 spectentur,
582 2185 730 2228 nihilque
744 2186 842 2219 detur
858 2185 1118 2220 adolescentiae.
1165 2197 1220 2219 res
1233 2187 1358 2231 quippe
1372 2185 1501 2220 invicta
1513 2190 1566 2218 est
1580 2184 1701 2218 iuven-

245 2236 324 2275 tus:
354 2235 390 2265 et
416 2241 503 2275 quae
523 2241 596 2263 cum
611 2230 739 2263 viribus
756 2237 790 2263 et
805 2232 905 2265 animi
918 2232 1118 2265 fortitudine
1133 2231 1270 2265 fulcitur
1280 2257 1290 2272 ‚
1323 2231 1454 2264 omnino
1469 2230 1585 2275 nequit
1598 2241 1701 2275 supe-

246 2276 331 2311 rari:
362 2275 424 2310 sed
438 2276 480 2309 de
495 2275 546 2308 his
560 2279 663 2319 prout
677 2275 805 2309 libitum
821 2277 923 2310 fuerit
940 2278 1083 2321 quisque
1097 2277 1222 2310 sentiat
1236 2277 1334 2310 velim
1348 2287 1387 2309 ac
1401 2276 1539 2310 scribat.
1587 2287 1608 2310 a
1633 2275 1703 2309 suis

246 2322 372 2367 igitur,
402 2324 441 2355 ut
465 2320 588 2354 dictum
611 2324 683 2361 est,
715 2321 910 2364 obiurgatus
926 2323 1082 2367 princeps
1109 2322 1219 2355 “nihil
1234 2320 1348 2355 haec”
1379 2320 1488 2366 inquit
1515 2322 1539 2339 ‘⁶
1551 2321 1584 2355 in
1600 2333 1702 2366 prae-

247 2378 326 2402 sens
351 2367 491 2401 iuvant:
523 2365 602 2410 quin
624 2364 738 2409 potius
753 2366 930 2399 videndum
944 2368 1104 2409 maxime,
1132 2378 1174 2400 ne
1191 2367 1302 2412 plures
1317 2366 1415 2400 hodie
1429 2371 1570 2411 pereant
1584 2378 1628 2405 ex
1644 2378 1704 2400 no-

248 2413 346 2452 stris,
377 2422 453 2446 cum
478 2411 574 2444 multi
598 2411 707 2444 adhuc
731 2421 752 2444 a
775 2415 874 2455 tergo
889 2412 1000 2446 relicti
1016 2412 1190 2446 veniant.'’
1235 2412 1349 2456 itaque
1363 2412 1491 2456 placuit
1504 2412 1551 2446 ibi
1564 2412 1599 2446 in
1613 2412 1704 2447 valle

246 2457 400 2502 proxima
424 2456 561 2490 insidias
585 2466 736 2500 ponere,
764 2467 854 2500 quae
868 2468 955 2500 pone
968 2458 1182 2491 venientibus
1205 2459 1334 2492 ferrent
1357 2469 1470 2502 opem,
1504 2458 1582 2492 dum
1597 2457 1703 2491 ceteri

249 2502 454 2548 pedetentim
470 2506 583 2535 castra
596 2505 800 2546 repeterent.
847 2502 896 2535 his
918 2502 969 2535 ita
993 2504 1203 2546 constitutis,
1235 2514 1307 2536 cum
1324 2503 1438 2547 paucis
1454 2514 1497 2536 ex
1511 2503 1583 2537 suis
1596 2503 1703 2548 impe-

248 2552 343 2582 rator
366 2547 507 2582 ulterius
530 2546 754 2591 progreditur.
798 2546 961 2581 Nicolaus
982 2559 1084 2590 vero,
1117 2549 1212 2582 cuius
1225 2559 1328 2593 supra
1343 2548 1494 2591 memini,
1526 2548 1646 2582 mansit
1666 2548 1702 2581 in

247 2592 376 2627 insidiis
405 2603 479 2626 cum
508 2592 637 2626 duabus
661 2590 853 2625 cohortibus
868 2619 877 2635 ,
907 2592 1028 2636 quibus
1044 2604 1065 2626 a
1082 2594 1255 2638 principe,
1285 2604 1358 2627 cum
1374 2593 1515 2638 primum
1528 2593 1562 2627 in
1577 2594 1702 2628 Persas

249 2638 373 2680 movit,
403 2638 598 2682 praefectus
612 2638 732 2671 fuerat.
778 2648 888 2682 neque
900 2637 945 2671 ita
961 2638 1097 2671 multum
1114 2645 1328 2683 perrexerat,
1360 2650 1434 2672 cum
1449 2639 1506 2672 ubi
1522 2639 1564 2672 ad
1581 2639 1702 2673 vallem

250 2683 415 2728 quandam
431 2682 586 2728 pertigit,
615 2682 836 2716 adventantes
851 2683 1015 2727 conspicit
1029 2684 1163 2718 Persas.
1209 2695 1314 2729 quare
1329 2684 1444 2729 paucis
1459 2696 1502 2718 ex
1516 2685 1558 2718 iis
1566 2685 1631 2729 .qui
1643 2695 1700 2720 se·

251 2740 326 2763 cum
349 2733 444 2762 erant
465 2726 666 2772 assumptis,
697 2733 827 2772 partem
855 2727 951 2762 vallis
975 2733 1140 2774 occupat=
1172 2735 1304 2764 ceteros
1321 2729 1439 2764 collem
1453 2741 1635 2775 superare,
1665 2733 1702 2764 et

250 2775 284 2808 in
300 2774 414 2808 hostes
428 2778 524 2807 recta
535 2772 694 2818 progredi
707 2773 810 2807 iubet.
855 2773 951 2807 simul
965 2777 1066 2819 atque
1084 2774 1130 2808 illi
1145 2775 1326 2808 conflixere
1342 2786 1415 2810 cum
1437 2775 1591 2810 barbaris
1602 2800 1613 2818 ,
1643 2775 1700 2821 qui

250 2819 286 2854 in
299 2818 426 2853 insidiis
440 2821 560 2857 erant,
591 2818 767 2852 confestim
783 2818 906 2853 auxilio
922 2825 1105 2853 venerunt:
1138 2819 1299 2854 Nicolaus
1323 2825 1455 2863 autem,
1487 2821 1530 2855 de
1552 2832 1619 2866 quo
1641 2832 1699 2855 su-

250 2876 312 2910 pra
326 2863 498 2900 retulimus
508 2888 518 2905 ‚
548 2863 687 2898 Persam
702 2863 833 2909 quidem
849 2863 1017 2910 percussit
1032 2865 1127 2900 hasta
1137 2889 1148 2908 ,
1179 2866 1240 2900 sed
1255 2876 1319 2900 non
1335 2866 1451 2911 potuit,
1460 2866 1503 2902 de
1517 2866 1601 2902 sella
1615 2865 1700 2902 deii-
