1878 3262
557 193 1098 244 COMMENTARIORUM
1123 201 1173 244 L.
1190 199 1272 243 ΠΙ.
1550 199 1575 245 1
1586 199 1609 245 1
1618 201 1642 246 1

149 330 155 337 ”
183 318 371 375 ’ἀδελφοῦ
395 333 438 359 τε,
465 316 532 358 καὶ
560 319 642 358 τῶν
668 312 873 371 ἀρχόντων
900 313 1043 373 ὁρμήν.
1113 313 1218 358 ἀλλά
1238 333 1276 358 τι
1297 314 1498 370 ξυμπεσὸν
1516 312 1644 359 ἔπεισε

187 391 330 429 τοῦτον
348 390 399 441 τῇ
417 383 581 441 ἐπιούσῃ
603 386 671 427 καὶ
690 383 839 427 ἄκοντα
859 383 1022 435 ὓπεΐξαι
1044 389 1103 442 τῷ
1122 385 1274 428 τούτων
1293 383 1508 439 θελήματι.

323 454 368 498 9.
441 458 529 509 Τῆς
548 453 626 510 γὰρ
651 453 1011 510 Τραϊανουπόλεως
1032 453 1467 510 στρατοπεδευσάμενοι
1488 452 1646 496 εἷῖνοιαν

187 520 365 580 φυλάξαι
393 522 494 579 πρὸς
524 522 594 564 τὸν
621 526 845 579 κρατοῦντα
873 521 1112 577 βουλόμενοι
1143 523 1217 572 τὰς
1248 521 1379 572 πύλας
1401 528 1473 578 τῆς
1493 521 1646 573 πόλεως

150 591 467 636 Εάπεκλείσαντο
499 593 566 633 καὶ
599 592 663 632 ἐπὶ
698 591 772 641 τὰς
803 590 984 642 ἐπάλξεις
1012 589 1184 647 ἀνῄεσαν
1217 595 1487 648 φρουροῦντες
1518 594 1645 646 δῆθεν

179 660 259 715 τὴν
280 659 409 702 πόλιν.
476 657 700 713 πυθόμενοι
729 660 773 701 δὲ
795 664 914 703 τοῦτο
944 662 1084 701 πολλοὶ
1110 665 1190 702 τῶν
1211 665 1468 716 στρατιωτῶν
1485 661 1646 711 ἐξέθεον

186 727 242 779 ὡς
265 729 366 786 πρὸς
384 727 458 783 τὴν
481 729 584 770 θέαν
610 727 752 770 ἄοπλοι
762 760 776 779 ,
821 729 858 770 οἱ
891 729 935 770 δὲ
964 733 1037 783 τῆς
1065 727 1218 779 πόλεως
1252 727 1448 781 ὠνείδιζόν
1477 747 1520 772 τε
1550 730 1645 779 τούς

179 796 367 847 ἐπιόντας
387 798 454 838 καὶ
478 799 533 846 εἷς
554 797 741 839 ἀπιστίαν
761 797 1039 848 ἀπέσκωπτον,
1074 799 1141 838 καὶ
1162 797 1200 838 οἱ
1223 798 1336 847 ἐκτὸς
1358 799 1642 851 ἀντωνείδιζον.
1663 805 1696 840 Β

185 864 268 908 εἶτα
297 868 364 907 καὶ
398 865 709 922 ἀκροβολισμοῖς
740 873 824 915 τοῖς
857 866 925 908 διὰ
958 864 1178 923 σφενδόνης
1210 867 1303 907 κατ’
1341 866 1525 920 ἀλλήλων
1557 868 1645 909 ε’κέ-

130 940 177 974 10
179 951 346 991 χρηντο.
415 933 559 976 τούτου
590 936 722 976 τοίνυν
752 934 1074 990 ἀπαγγελθέντος
1093 936 1149 984 εἷς
1171 934 1216 976 τὸ
1239 933 1510 991 στρατόπεδον
1534 938 1646 985 ξυνέ-

182 1007 282 1046 θεον
303 1004 498 1053 πλείονες·
535 1003 572 1045 οἳ
606 1004 650 1045 δὲ
683 1004 751 1045 καὶ
779 1005 955 1057 κλίμακα
977 1004 1203 1057 ἐσχεδίαζον
1229 1003 1302 1058 τὴν
1324 1002 1439 1045 πόλιν
1466 1003 1646 1060 αἱρήσειν

183 1072 368 1126 αὐτοβοεὶ
399 1072 662 1121 ἀπειλοῦντες.
744 1071 985 1128 φθάσαντος
1017 1073 1060 1113 δὲ
1088 1076 1161 1113 τοῦ
1193 1070 1313 1127 λόγου
1347 1074 1415 1113 καὶ
1449 1072 1550 1128 πρὸς
1574 1073 1645 1115 τὸν

182 1142 400 1198 Βρυέννιον
431 1140 558 1183 δεινὸν
587 1140 685 1197 ᾤετο
718 1142 753 1182 εἲ
784 1141 910 1182 αὐτοῦ
935 1142 1152 1194 μέλλοντος
1177 1139 1232 1181 ἔτι
1264 1141 1332 1181 καὶ
1367 1140 1642 1194 ἀναδυομένου

181 1209 283 1266 πρὸς
309 1209 382 1263 τὴν
403 1210 620 1266 τυραννίδα
642 1209 681 1250 οἱ
705 1214 947 1265 στρατιῶται
967 1209 1018 1251 τὰ
1041 1213 1113 1262 τῆς
1135 1210 1370 1265 τυραννίδος
1389 1210 1641 1262 ἐνδείξονται,

124 1276 171 1314 15
182 1280 248 1320 καὶ
279 1282 409 1320 ταῦτα
442 1280 498 1327 εἷς
527 1276 642 1319 πόλιν
674 1276 827 1333 ἄνδρας
856 1279 1059 1334 φέρουσαν
1084 1275 1292 1332 ἀγαθούς,
1328 1279 1393 1319 καὶ
1414 1279 1457 1319 ἐκ
1479 1277 1643 1335 πρώτης

181 1346 203 1388 ὅ
227 1364 328 1404 φασι
350 1348 546 1400 βαλβῖδος
577 1347 759 1403 ἐμφυλίῳ
787 1348 927 1400 αἵματι
956 1347 1030 1396 τὰς
1054 1353 1195 1402 χεῖρας
1223 1350 1446 1399 μιανοῦσιν.
1516 1347 1643 1398 εὐθὺς

181 1409 251 1457 οὖν
280 1415 468 1468 ἐξέπεμπε
499 1414 595 1465 τοὺς
629 1414 888 1471 ἀπείρξοντας
915 1415 988 1469 τὴν
1019 1412 1148 1470 ὁρμὴν
1177 1419 1258 1456 τῶν
1285 1420 1561 1471 στρατιωτῶν,
1597 1416 1691 1458 οἳΟ

182 1482 417 1541 φθάσαντες
438 1483 516 1540 πρὸ
538 1488 611 1524 τοῦ
633 1485 688 1532 εἷς
705 1485 807 1539 μέγα
824 1484 897 1537 τὴν
915 1482 1051 1538 μάχην
1073 1481 1222 1536 ἐξάψαι
1245 1483 1318 1533 τὰς
1338 1482 1468 1540 ὁρμὰς
1487 1486 1643 1539 ε’νεχαί-

180 1568 297 1594 τισαν
319 1552 464 1594 αὐτῶν.
534 1546 582 1593 οὗ
610 1554 820 1607 γενομένου
847 1542 983 1594 ἕδόκεί
1004 1552 1248 1607 ἀποχρῶσαν
1273 1552 1458 1609 φυλακὴν
1480 1552 1642 1609 ἔγγιστα

125 1625 266 1663 Ξῡτῶν
279 1625 419 1675 τειχῶν
438 1624 511 1675 τῆς
533 1619 686 1670 πόλεως
709 1625 1046 1678 καταλειφθῆναι,
1067 1618 1125 1675 μή
1146 1637 1231 1670 πως
1252 1620 1395 1670 νυκτὸς
1416 1621 1640 1678 ἐκδραμόν-

180 1707 245 1739 τες
260 1691 361 1740 τινὲς
376 1694 447 1745 τῆς
464 1687 617 1740 πόλεως
634 1689 678 1732 τὸ
696 1688 927 1747 στράτευμα
947 1687 1249 1747 θορυβήσωσιν.
1297 1687 1352 1740 ὡς
1372 1691 1415 1732 δὲ
1436 1692 1502 1732 καὶ
1520 1696 1638 1734 τοῦτο

271 1819 306 1854 3.
330 1816 750 1864 στρατοπεδευσάμενοι]
776 1820 874 1855 Fort.
900 1819 938 1855 οὶ
961 1818 1415 1863 ἐνστρατοπεδευσάμενοι.
1438 1821 1526 1855 cod.
1552 1833 1638 1866 σροι-

273 1862 604 1908 τοπεδευσάμενον,
629 1865 720 1909 quod
737 1877 823 1900 corr.
841 1867 879 1900 Ρ.
986 1867 1038 1901 12.
1054 1864 1123 1900 τὸν
1137 1864 1350 1911 Βρυέννιον]
1367 1868 1407 1901 P.
1425 1864 1543 1902 αὐτὸν
1557 1866 1637 1903 τόν.

180 1978 297 2014 fratris
320 1981 356 2012 et
378 1978 564 2024 principum
585 1978 723 2023 impetu.
770 1982 918 2012 ceterum
944 1978 1069 2023 aliquid
1093 1979 1257 2024 postridie
1281 1981 1422 2026 contigit
1446 1993 1513 2028 quo
1537 1983 1639 2028 plana
1696 1991 1702 1996 “

179 2031 317 2060 coactus
333 2030 384 2058 est
399 2025 610 2069 quantumvis
626 2024 750 2058 invitus
765 2024 928 2058 voluntati
946 2036 1060 2058 eorum
1076 2026 1301 2070 acquiescere.

271 2072 304 2106 9.
351 2071 430 2104 Hoc
445 2071 514 2104 tale
529 2070 686 2114 quiddam
703 2070 776 2104 fuit.
822 2070 1030 2115 praesidiarii
1052 2071 1198 2105 civitatis
1223 2072 1461 2118 Traianopolis
1488 2074 1636 2109 officium

181 2121 216 2151 et
230 2116 328 2150 fidem
345 2122 517 2161 praestare
530 2115 723 2161 imperatori
738 2115 911 2161 cupientes
929 2122 1043 2161 portas
1059 2117 1152 2151 urbis
1167 2118 1358 2152 clauserunt
1373 2120 1636 2165 insederuntque

180 2174 348 2197 murorum
364 2163 482 2207 pinnas
497 2168 665 2206 tamquam
680 2162 922 2207 propugnaturi
937 2162 1118 2197 civitatem.
1165 2163 1232 2197 hoc
1246 2164 1361 2198 audito
1377 2165 1471 2199 multi
1488 2177 1508 2199 e
1523 2166 1636 2200 militi-

179 2209 243 2242 bus
257 2208 420 2251 Bryennii
441 2208 555 2241 studio
579 2208 709 2241 visendi
732 2218 802 2241 rem
827 2218 945 2241 novam
964 2208 1105 2242 inermes
1120 2215 1350 2245 accurrerunt.
1396 2211 1640 2257 Traianopoli-

179 2253 253 2288 tani
275 2262 360 2287 vero
386 2254 506 2287 milites
527 2254 560 2287 in
585 2253 634 2287 sic
649 2254 847 2287 accedentes
863 2254 1014 2287 convicia
1028 2254 1196 2288 iaciebant
1209 2255 1440 2290 infidelitatem
1455 2258 1636 2303 increpan-

179 2303 245 2334 tes.
292 2299 496 2344 Bryenniani
522 2310 624 2344 porro
653 2305 688 2333 et
712 2299 776 2343 ipsi
803 2301 1055 2343 exprobrabant
1077 2300 1232 2342 inclusis,
1263 2307 1299 2335 et
1323 2308 1402 2346 post
1427 2305 1529 2337 verba
1552 2315 1635 2339 saxa

179 2345 347 2389 utrimque
373 2346 613 2379 mittebantur:
643 2345 758 2389 sicque
779 2345 902 2378 bellum
922 2345 1173 2379 velitationibus
1198 2347 1375 2381 fundarum
1401 2348 1633 2385 inchoabatur.

179 2391 245 2424 hoc
260 2402 342 2435 ergo
355 2390 389 2424 in
406 2397 517 2424 castra
533 2391 686 2424 nuntiato
703 2395 943 2423 concurrerunt
958 2391 1072 2435 plures
1083 2419 1093 2435 ,
1125 2403 1264 2437 quorum
1283 2399 1318 2426 et
1336 2394 1436 2438 aliqui
1451 2395 1556 2428 scalas
1571 2407 1632 2430 ex-

180 2436 380 2481 pedierunt,
410 2442 579 2481 tamquam
595 2445 672 2469 mox
689 2435 881 2479 aggressuri
896 2436 931 2469 vi
946 2445 1067 2481 aperta
1081 2437 1252 2471 civitatem
1269 2444 1304 2471 et
1318 2439 1422 2483 primo
1439 2440 1583 2475 clamore
1595 2453 1634 2476 se

180 2486 340 2526 capturos
355 2481 529 2517 minantes.
565 2483 630 2515 hoc
645 2481 788 2515 tumultu
803 2481 845 2515 ad
862 2482 1062 2527 Bryennium
1079 2484 1207 2526 perlato
1223 2495 1330 2527 grave
1343 2484 1392 2517 illi
1408 2496 1470 2519 nec
1483 2487 1635 2521 toleran-

179 2527 257 2561 dum
272 2528 449 2562 videbatur
465 2533 504 2561 ut
517 2539 555 2562 se
570 2527 680 2561 adhuc
695 2527 737 2560 de
746 2527 940 2572 sumptione
954 2527 1083 2572 imperii
1098 2534 1276 2562 cunctante
1289 2530 1410 2564 milites
1423 2531 1494 2565 eius
1507 2532 1556 2566 sic
1571 2545 1634 2578 pro

181 2584 222 2607 eo
237 2578 401 2618 tamquam
420 2574 622 2619 imperatore
647 2573 818 2606 declarato
845 2579 1054 2617 pugnarent,
1084 2579 1119 2606 et
1143 2573 1177 2607 in
1203 2586 1275 2608 eam
1303 2577 1417 2610 urbem
1442 2584 1632 2622 pugnarent

180 2629 266 2663 quae
288 2620 437 2653 virorum
461 2620 596 2653 fortium
620 2619 788 2652 foecunda
810 2625 863 2652 est
884 2629 926 2652 ac
949 2618 998 2652 sic
1023 2630 1044 2652 a
1061 2619 1172 2663 primis
1191 2621 1298 2665 (quod
1313 2621 1423 2667 aiunt)
1439 2625 1633 2660 carceribus

180 2663 270 2698 civili
284 2665 446 2709 sanguine
461 2666 668 2699 macularent
682 2675 808 2699 manus.
854 2664 967 2698 statim
994 2664 1098 2708 igitur
1125 2666 1214 2700 misit
1238 2666 1295 2712 qui
1321 2668 1460 2703 militum
1483 2670 1630 2716 impetus

180 2716 390 2744 revocarent.
436 2711 526 2745 missi
539 2711 584 2744 ad
599 2712 663 2745 hoc
678 2711 763 2745 satis
775 2714 906 2744 mature
921 2710 1114 2745 adfuerunt.
1161 2723 1234 2746 cum
1257 2713 1343 2748 enim
1368 2720 1532 2750 certamen
1548 2728 1634 2751 non·

182 2755 260 2789 dum
283 2756 383 2789 valde
406 2755 616 2800 incaluisset,
645 2761 880 2802 represserunt
905 2764 1053 2790 ruentes.
1099 2768 1164 2801 quo
1183 2758 1274 2792 sacto
1289 2759 1397 2794 visum
1414 2761 1634 2805 Bryennianis

182 2807 234 2835 est
258 2800 341 2835 satis
365 2802 439 2835 fore
462 2802 491 2836 si
510 2814 618 2848 prope
641 2813 754 2837 muros
778 2802 924 2836 civitatis
939 2802 1100 2836 militares
1115 2804 1277 2838 excubiae
1291 2813 1516 2850 ponerentur,
1547 2819 1589 2841 ne
1604 2808 1632 2842 si

180 2847 272 2882 forte
286 2857 349 2893 per
362 2851 496 2882 noctua
510 2854 724 2896 erumperent
734 2848 956 2895 Traianopoli
970 2848 1107 2895 qm’dam
1119 2850 1294 2886 tumultum
1307 2851 1343 2886 in
1357 2853 1478 2887 castris
1492 2853 1630 2889 cierent.
