1878 3262
354 229 414 273 IN
441 200 762 272 HISTORIAM
784 227 1010 272 IOANNIS
1034 224 1266 271 cmNAMI
1286 227 1487 271 NOTAE.
1560 227 1657 272 355

118 335 125 342 ’
181 337 226 382 τὸ
249 335 498 410 εὐαγγέλιον,
527 344 575 377 ut
603 345 663 378 est
688 338 794 392 apud
815 338 1012 377 Codinum
1039 352 1072 377 c.
1094 342 1114 381 1
1139 353 1179 378 ιι.
1201 341 1266 389 19,
1297 351 1366 377 seu
1384 340 1656 392 διεξηγεῖσθαι

182 413 231 438 τα
267 394 353 450 ἱερὰ
382 399 466 437 τοῖν
498 392 737 450 εὐαγγελίων
765 391 891 449 ῥητά,
921 402 969 433 ut
997 394 1120 434 habet
1149 396 1375 436 Cinnamus.
1435 409 1527 434 cum
1557 408 1654 434 vero

180 453 315 520 plures
339 459 469 491 essent
499 453 762 494 διδάσκαλοι
752 466 794 490 ιιι
821 451 982 490 ecclesia
1016 451 1477 504 Constantinopolitana,
1513 464 1655 520 nempe

182 506 422 558 διδάσκαλος
445 512 519 550 τοῦ
550 504 810 577 εὐαγγελίου,
843 505 1085 556 διδασκαλος
1109 512 1183 550 τοῦ
1209 505 1437 550 ἀποστόλου
1467 514 1508 547 et
1537 505 1655 550 dada·
1677 511 1706 546 Ρ
1730 511 1795 549 461

182 570 327 615 σκαλος
342 569 416 608 τοῦ
437 567 688 620 ψαλτηρίου,
718 561 959 613 διδάσκαλος
978 564 1205 617 simpliciter
1233 572 1274 603 et
1301 562 1392 606 κατ’
1425 560 1570 618 ἕξοχήν
1589 565 1654 604 di-

181 623 377 662 cebatur·
365 637 399 661 1s
423 623 493 674 qui
509 623 706 675 evangelia
721 622 1071 693 interpretabatur.
1129 622 1337 690 C'atalogus
1358 623 1481 662 Goari
1505 628 1546 661 et
1566 622 1654 661 Me-

181 680 315 719 donii:
346 678 371 721 ὁ
399 676 638 728 διδάσκαλός
666 675 876 733 ἓρμηνεύει
902 695 947 720 το
980 694 1112 748 αγιον
1124 675 1378 732 εὐαγγέλιον,
1422 680 1459 720 εἰ
1485 676 1653 728 δυνατός

181 737 288 786 ἐστι,
316 735 386 777 καὶ
415 734 460 778 τὸ
491 733 741 789 ψαλτήριον,
770 738 930 789 κρατῶν
960 735 1030 776 καὶ
1063 751 1111 775 τα
1144 739 1299 787 σχολεῖα
1323 738 1395 787 τῆς
1418 735 1653 789 ἐπισκοπῆς,

181 794 290 832 unde
319 793 517 844 colligitur
547 793 747 831 doctorem
774 793 974 845 evangelii
999 792 1310 844 interpretatum
1339 805 1420 830 esse
1449 793 1654 832 interdum

181 851 301 889 etiam
325 850 554 902 psalterium
592 851 880 902 praefuisseque
909 848 1054 887 scholis
1083 848 1430 901 patriarchalibus.
1499 850 1654 888 Basila-

181 908 266 946 cius
284 919 381 946 vero
401 904 646 948 διδασκάλου
665 910 748 947 ταῖν
769 907 987 949 ἐπιστολῶν
1005 906 1237 956 dignitatem
1253 905 1415 954 habuit,
1443 911 1493 943 ut
1513 912 1654 945 auctor

181 970 242 1002 est
268 977 489 1016 anonymus
515 964 756 1015 Annianus,
786 964 853 1015 qui
878 959 1120 1011 διδάσκαλος
1145 965 1219 1003 τοῦ
1250 958 1479 1004 ἀποστόλου
1505 962 1655 1002 dicitur

181 1020 354 1059 Codino:
397 1027 438 1060 et
467 1022 579 1060 cuius
602 1020 776 1059 officium
811 1020 1050 1058 describitur
1085 1033 1108 1058 a
1134 1020 1272 1058 Niceta
1301 1019 1410 1057 hisce
1438 1020 1655 1058 verborum

182 1078 428 1129 ambagibus.
458 1077 483 1120 ό
498 1075 738 1125 Βασιλᾶκιος
756 1073 995 1130 Νικηφόρος
1014 1092 1084 1125 τας
1099 1079 1173 1117 τοῦ
1194 1071 1362 1117 Παύλου
1384 1072 1656 1117 &vammum

181 1130 251 1176 ἐπ’
274 1134 460 1191 ἐκκλησία
475 1131 698 1183 ἐπιστολας,
728 1133 796 1174 καὶ
817 1134 1108 1175 διαλευκαίνων
1125 1136 1182 1203 τῷ
1194 1137 1268 1185 τῆς
1284 1129 1658 1186 καλλιρρημοσυνης

181 1192 307 1243 φωτί,
336 1188 429 1232 όσαι
452 1194 534 1232 τῶν
557 1188 832 1232 οἷποστολικῶν
858 1187 1014 1243 ῥήσεων
1034 1193 1085 1245 τῇ
1110 1175 1286 1245 οἶσαφεία
1305 1188 1657 1242 ὗπομελαίνονται,

178 1247 248 1288 καὶ
282 1250 342 1303 τῷ
371 1246 493 1300 βαθει
523 1251 598 1289 τοῦ
626 1244 853 1299 πνεύματος
883 1247 1178 1300 ἕπιφρίσσουσι.
1237 1231 1428 1285 ei‘usmodi
1446 1246 1658 1285 doctorum

178 1305 222 1342 in
250 1305 410 1342 ecclesia
440 1318 586 1343 munus
613 1305 895 1356 perantiquum
921 1305 1038 1343 fuisse
1066 1303 1261 1355 colligitur
1299 1316 1350 1342 ex
1386 1305 1426 1342 S.
1456 1304 1657 1355 Cypriano

180 1361 292 1412 epist.
313 1360 386 1409 24,
418 1362 487 1399 ubi
506 1361 684 1399 doctoris
704 1360 961 1399 audientium
988 1374 1058 1399 seu
1074 1360 1450 1400 catechumenorum
1468 1361 1659 1399 meminit.

179 1418 311 1456 Passio
337 1419 404 1457 SS.
434 1418 648 1470 Perpetuae
675 1424 713 1456 et
739 1418 975 1456 Felicitatis:
1003 1417 1186 1456 vidimus
1209 1419 1430 1468 anteferes
1459 1418 1659 1469 Optatam

180 1476 413 1526 episcopum
441 1474 500 1512 ad
524 1474 727 1513 dexteram
755 1483 792 1512 et
811 1474 1043 1527 Aspasium
1066 1475 1343 1527 presbyterum
1371 1473 1572 1512 doctorem
1602 1472 1663 1512 ad

179 1533 406 1572 sinistram.
467 1531 517 1570 de
552 1531 784 1570 doctoribus
812 1531 1188 1570 catechumenorum
1209 1532 1286 1582 agit
1302 1531 1419 1568 etiam
1438 1531 1661 1569 Amalarius

178 1587 426 1627 Fortunatus
452 1588 479 1627 1.
502 1592 522 1630 1
548 1588 597 1627 de
617 1588 729 1627 Offic.
751 1589 853 1626 Eccl.
879 1602 911 1626 c.
935 1591 1004 1630 19.v
1056 1588 1150 1628 vide
1184 1589 1452 1626 ssalsamonem
1477 1587 1570 1641 περὶ
1598 1589 1662 1628 δι-

180 1643 390 1686 δασκάλων
408 1645 451 1683 in
466 1645 554 1683 iure
570 1646 928 1684 Graeco-Romano
948 1645 973 1683 l.
994 1648 1021 1687 2
1042 1659 1080 1697 p.
1107 1644 1197 1687 143.

293 1716 332 1754 p-
366 1705 446 1744 177
476 1716 516 1741 v.
542 1702 580 1743 5.
637 1698 826 1743 Ἰωάννου
854 1705 927 1743 τοῦ
959 1698 1158 1756 θεολόγον
1187 1697 1315 1753 νεών]
1358 1699 1570 1751 Intelligit‚
1612 1706 1661 1738 ut

181 1770 286 1808 reor,
317 1758 508 1809 ternplum
524 1758 633 1797 istud
650 1759 759 1810 quod
775 1759 825 1796 ad
845 1758 1098 1797 Hebdomum
1117 1764 1368 1796 exstructum
1388 1762 1494 1804 erat,
1523 1756 1571 1798 D.
1587 1754 1660 1795 Io-

182 1814 278 1853 anni
298 1815 557 1865 evangelistae
582 1829 760 1864 sacrum,
792 1816 841 1853 de
865 1829 944 1866 quo
970 1815 1083 1853 Anna
1107 1815 1133 1853 l.
1154 1818 1193 1863 3,
1214 1813 1498 1852 Constantinus
1517 1812 1558 1850 in
1580 1812 1660 1849 Ba-

182 1871 241 1909 sil.
270 1885 302 1910 c·
327 1874 380 1912 63
397 1902 409 1922 ‚
468 1872 656 1923 Scylitzes
683 1878 723 1910 et
753 1872 898 1923 Glycas
921 1872 963 1910 in
991 1872 1304 1922 Bulgaroctono‚
1354 1875 1424 1907 aut
1452 1869 1552 1906 illud
1576 1869 1662 1906 for-

180 1934 306 1977 tasse,
344 1927 453 1978 quod
473 1928 524 1967 ad
543 1928 727 1968 Castrum
743 1928 979 1968 Rotundum
1000 1927 1142 1968 statuit
1161 1927 1393 1968 Guillelmus
1412 1924 1601 1966 Biblioth.
1618 1925 1662 1963 in

180 1984 358 2023 Adriano
377 1984 425 2023 11.

252 2052 256 2062 ¹
295 2054 336 2084 v.
357 2044 424 2084 16.
484 2039 598 2083 ου’πω
615 2041 671 2083 ε’τι
688 2038 1028 2096 ἐκεχειροτόνητο]
1057 2042 1208 2081 Auctor
1225 2054 1446 2093 anonymus
1462 2038 1570 2092 apud
1589 2037 1662 2076 Al-

181 2097 321 2137 latium
353 2098 441 2136 loco
475 2099 594 2136 citato
633 2099 682 2137 de
705 2100 841 2138 eodem
861 2100 1090 2141 Sotericho:
1136 2096 1368 2171 Σωτηριχός
1387 2096 1415 2136 o‘
1434 2091 1663 2149 Παντεῦγε-

182 2170 255 2204 νος
281 2151 528 2208 ὖποψηφιος
556 2158 630 2196 τοῦ
663 2157 942 2210 πατριαρχείου
973 2152 1230 2208 Ἀντιοχείας.
1288 2151 1480 2190 eiusmodi
1518 2151 1664 2190 electos

181 2210 452 2276 ὕποψηφίους
470 2213 670 2251 vocabant
690 2214 829 2252 Graeci
849 2213 1001 2265 nuperi.
1030 2213 1086 2251 ita
1103 2209 1460 2250 Bethleemitanum
1480 2208 1662 2256 electum,

182 2267 252 2318 qui
278 2268 463 2307 Balduini
484 2269 516 2307 F
517 2269 738 2308 landrens1s
768 2270 1013 2308 electionijn
1030 2270 1308 2318 imperatorem
1326 2265 1664 2318 Constantinopo-

181 2323 351 2365 litanum
379 2325 583 2374 interfuit,
615 2333 735 2365 vocat
757 2325 948 2373 Georgius
971 2323 1256 2374 Corcyrensis
1244 2337 1287 2360 m
1312 2323 1443 2361 Tract.
1471 2322 1520 2360 de
1541 2324 1663 2360 Com-

182 2381 370 2420 munione
406 2388 447 2419 et
483 2381 752 2419 Theodosium
786 2379 1108 2419 Villharduinum
1148 2380 1189 2417 in
1217 2378 1487 2432 patriarcham
1517 2379 1662 2416 Antio-

185 2435 355 2475 ebenum
383 2437 551 2475 electum
581 2436 842 2488 Pachymeres
868 2437 894 2476 1.
913 2440 939 2480 6
959 2450 994 2477 c.
1013 2437 1063 2485 5,
1100 2436 1210 2475 cuius
1231 2436 1341 2474 vocis
1361 2436 1445 2474 vim
1467 2435 1662 2487 expressit

185 2492 322 2531 eodem
343 2493 433 2532 loco
454 2493 560 2532 idem
581 2494 772 2545 scriptor,
802 2493 872 2532 ubi
893 2493 942 2531 de
963 2493 1207 2531 Theodosio:
1234 2490 1316 2544 ηδη
1343 2492 1400 2540 εἰς
1424 2495 1574 2545 ψῆφον
1601 2507 1662 2532 ων

185 2551 488 2603 πατριαρχείου·
515 2549 540 2592 ὁ
556 2548 631 2603 γὰρ
651 2546 872 2602 Ευθύμιος
891 2548 1101 2602 ἐτεθνήκει
1123 2565 1195 2601 της
1217 2545 1497 2600 Θεουπόλεως,
1522 2548 1565 2587 id
1587 2555 1659 2598 est,

186 2605 256 2655 qui
291 2606 506 2645 electorum
534 2606 727 2659 suffragiis
760 2607 812 2645 ad
840 2619 926 2645 eam
961 2606 1192 2658 dignitatem
1220 2611 1386 2644 vocatus
1412 2606 1544 2644 fuerat
1571 2611 1662 2655 post

186 2660 388 2712 Euthymii
414 2663 638 2702 decessum:
677 2661 757 2704 ὑπὸ
788 2659 897 2719 τόμῳ
926 2665 1053 2718 κοινῷ
1081 2659 1406 2716 ἀνακηρυχθεὶς,
1436 2668 1485 2700 ut
1509 2662 1611 2701 aitl.
1633 2661 1660 2703 4

187 2719 310 2766 c·‚13
338 2718 381 2756 id
399 2726 481 2769 est,
507 2735 579 2772 per
607 2719 807 2760 decretum
834 2721 964 2758 sactus
985 2720 1211 2772 episcopus,
1241 2719 1310 2757 sed
1329 2719 1509 2757 nondum
1530 2732 1660 2771 χειρο-

185 2774 379 2826 τονηθείς
406 2781 447 2813 et
474 2783 736 2817 consecratus.
794 2790 865 2830 per
894 2777 1098 2816 decretum
1126 2777 1255 2840 enim,
1297 2775 1406 2827 quod
1433 2772 1559 2828 τόμον
1585 2787 1661 2812 vo-

188 2835 252 2869 cat
280 2829 564 2882 Pachymeres‚
592 2833 679 2872 fieri
709 2841 780 2874 aut
807 2834 985 2874 ordinari
1019 2834 1166 2872 dicitur
1195 2832 1423 2884 episcopus,
1454 2832 1522 2882 qui
1548 2834 1662 2881 post-

187 2900 307 2938 quam
325 2900 347 2925 a
367 2887 473 2926 clero
492 2894 533 2927 et
550 2889 663 2941 plebe
681 2891 852 2944 legitime
872 2898 932 2930 est
951 2891 1119 2942 electus,
1150 2903 1172 2928 a
1190 2889 1499 2942 metropolitano
1519 2893 1559 2924 et
1579 2885 1662 2938 epi-
