1878 3262
279 214 340 262 12
702 213 1008 258 NICEPHORI
1033 210 1299 260 BRYENNII

275 347 399 386 μασιν
429 330 609 387 ἐρυθρᾶς
637 327 941 385 ὗποσημασίας,
985 328 1376 387 προμνηστευόμενος
1403 332 1587 376 ἐντεῦθεν
1615 330 1727 389 ming*

276 400 327 441 τὰ
349 402 532 455 σκῆπτρα
556 399 623 440 καὶ
645 403 805 440 σκοπῶν
823 399 954 441 τέλεον
975 403 1118 456 καιροῦ
1134 403 1350 451 καλοῦντος
1371 400 1579 457 ἀναγαγεῖν
1603 399 1727 443 αὐτὸν

277 469 332 516 εἰς
353 466 422 508 τὸν
447 470 518 521 τῆς
534 468 743 520 βασιλείας
759 464 931 524 θρόνον,
967 466 1136 522 ὁπηνίκα
1165 470 1231 510 καὶ
1260 468 1332 523 τὴν
1354 473 1426 510 τοῦ
1445 473 1595 511 πολλοῦ
1620 467 1724 523 πλή-

275 539 381 584 θους
410 536 600 590 δυνηθείη
627 537 716 592 περὶ
741 535 862 578 αὐτὸν
887 535 1049 592 ἀγαθὴν
1074 536 1200 593 ῥοπὴν
1228 535 1531 579 ἐπισπάσασθαι
1559 539 1625 579 καὶ
1651 537 1724 591 τὴν

277 603 474 660 προτέραν
504 608 623 658 μῆνιν
655 608 855 661 περιελεῖν.
923 606 989 646 καὶ
1017 603 1110 659 τάχ’
1148 604 1198 646 ἂν
1231 607 1287 655 εἷς
1315 604 1428 662 ἔργον
1460 605 1645 660 ἐκβέβηκε
1677 604 1759 651 τόὄ

222 672 255 707 D
279 670 621 726 οἷκονομούμενον,
642 674 676 715 εἳ
692 673 750 727 μὴ
768 677 913 729 βαρεῖα
933 671 1051 723 νόσος
1067 671 1259 730 πρότερον
1277 678 1335 731 τῷ
1352 671 1725 732 Πορφυρογεννήτῳ

275 739 551 797 εἶσφρήσασα,
570 740 628 795 μὴ
647 745 910 798 συγχωροῦσα
928 740 1056 798 τούτῳ
1076 746 1148 796 τῆς
1170 739 1358 797 τοιαύτης
1379 743 1563 796 ἐπιβῆναι
1585 741 1725 798 ἀρχῆς,

273 809 365 861 μετ’
394 809 441 850 οὗ
459 809 560 850 πολὺ
578 813 658 851 τῶν
677 811 855 851 ἐνταῦθα
875 809 1144 867 προήρπασεν.
1214 810 1319 852 ἀλλὰ
1350 812 1417 852 καὶ
1448 808 1616 865 ὁπηνίκα
1637 811 1726 852 Ko-

176 922 206 955 P
230 922 252 956 9
274 877 423 931 μνηνὸς
447 878 618 928 Ἀλὲξως
647 878 837 931 βασιλεὺς
870 877 960 935 ἄρτι
992 878 1160 934 γεγονὼς
1189 878 1369 932 ἐπέβαινε
1397 882 1469 933 τῆς
1497 876 1726 934 μεγαλοπό-

173 966 207 1002 v
229 967 251 1002 5
275 949 395 997 λεως,
429 946 522 987 οὐδὲ
547 945 615 987 τὸν
637 944 907 1001 Βοτανειάτην
927 945 1104 1004 εὕρισκεν
1134 948 1196 988 ἐπὶ
1226 947 1271 989 τὸ
1295 951 1462 1004 πρᾶγμα
1485 947 1595 1005 αὐτῷ
1613 947 1724 989 ἂντι-
1737 952 1782 988 10

272 1015 466 1056 πίπτοντα
502 1016 570 1056 καὶ
608 1012 1066 1071 ἀντιπαραταττόμενον·
1113 1015 1218 1057 ἀλλὰ
1248 1018 1314 1057 καὶ
1348 1010 1465 1065 οὗτος
1493 1020 1552 1072 τῷ
1585 1017 1725 1073 δικαίῳ

270 1080 578 1135 ὗπεξιστάμενος
599 1082 693 1139 ὅπερ
715 1085 757 1124 ἔκ
779 1085 1002 1138 συγγενείας
1029 1086 1085 1133 εἷς
1112 1083 1185 1137 τὴν
1206 1085 1416 1137 βασιλείαν
1441 1088 1499 1142 τῷ
1525 1085 1727 1142 Κομνηνῷ

270 1148 576 1206 προσαρμόττων
599 1145 671 1204 ἦν,
708 1151 966 1206 ἀφιλονείκως
986 1151 1058 1206 τὴν
1077 1151 1205 1207 ἀρχὴν
1227 1152 1485 1203 ἀποτίθεται,
1522 1153 1596 1205 οὐχ
1619 1150 1725 1194 ὅπλα

271 1219 398 1275 αἴρειν
412 1217 510 1274 ὑπὲρ
532 1218 656 1273 αὐτῆς
675 1219 826 1260 ἐθέλων
846 1221 912 1260 καὶ
935 1220 1225 1273 ἀντιπολεμεῖν,
1260 1219 1360 1261 ὅπου
1383 1220 1428 1262 τὸ
1446 1220 1625 1270 συνειδὸς
1643 1219 1722 1277 ἀφ’

272 1285 406 1336 ἱστίας
438 1284 537 1340 εἶχεν
566 1286 687 1329 αὐτὸν
716 1291 1019 1340 καταπολεμοῦν
1050 1289 1116 1329 καὶ
1142 1288 1433 1344 ἀμφοτέρωθεν
1455 1293 1649 1343 πλῆττον,
1680 1288 1724 1330 ἴκ
1736 1296 1784 1332 15

268 1372 310 1397 τε
338 1359 411 1409 τῆς
440 1357 527 1410 περὶ
548 1355 619 1410 τὴν
642 1357 851 1409 βασιλείαν
870 1354 1176 1412 ἀλλοτριότητος
1195 1354 1341 1398 ἑαυτοῦ
1364 1358 1430 1397 καὶ
1450 1361 1521 1410 τῆς
1540 1360 1612 1398 τοῦ
1637 1358 1725 1398 Κο-·

216 1429 248 1465 Β
268 1428 422 1478 μνηνοῦ
441 1423 615 1473 Ἀλεξίου
644 1426 732 1480 περὶ
760 1421 908 1477 ταύτην
933 1423 1200 1479 γνησιότητος.
1270 1423 1374 1466 οὕτω
1402 1425 1479 1480 γὰρ
1506 1426 1571 1466 καὶ
1593 1422 1614 1466 ὃ
1635 1426 1724 1466 Κο-

268 1491 418 1546 μνηνὸς
444 1493 510 1533 καὶ
537 1492 611 1544 οὐχ
640 1493 771 1547 ἕτερον
798 1491 945 1547 τρόπον
973 1492 1046 1546 τὴν
1071 1494 1275 1545 βασίλειον
1304 1493 1558 1534 ἀνακαλεῖται
1581 1491 1722 1549 ἀρχήν,

270 1561 412 1616 δικαίῳ
436 1576 477 1601 τε
496 1559 651 1613 δηλαδὴ
675 1564 746 1613 τῆς
767 1559 867 1615 πρὸς
887 1560 932 1601 τὸ
956 1560 1168 1614 Κομνηνὸν
1191 1562 1301 1615 γένος
1317 1562 1359 1610 ἒξ
1377 1562 1547 1613 αῆιιατος
1561 1559 1723 1616 γνησιό-

267 1644 387 1682 τητος
405 1629 472 1669 καὶ
491 1631 563 1681 τῆς
581 1627 682 1682 πρὸς
702 1627 747 1668 τὸ
766 1628 967 1669 Δουκικὸν
988 1630 1030 1677 ἐξ
1047 1628 1270 1683 ἀγχιστείας
1290 1627 1510 1683 ἓγγύτητος.
1547 1629 1590 1670 ἐκ
1607 1629 1721 1670 Δου·
1733 1638 1784 1672 20

269 1700 351 1738 κῶν
375 1695 451 1751 γὰρ
478 1693 757 1751 ἁρμοσάμενος
784 1699 857 1736 τοῦ
880 1697 971 1748 βίου
1002 1695 1074 1750 τὴν
1093 1696 1280 1738 κοινωνὸν
1299 1698 1354 1745 εἷς
1371 1697 1468 1749 μιάν
1485 1698 1723 1753 συμφωνίαν

218 1766 249 1802 C
271 1763 396 1822 ἄμφω
415 1763 466 1808 τὰ
486 1764 575 1822 γε’νη
597 1768 752 1820 συνῆψε
782 1765 849 1807 καὶ
876 1767 931 1814 εἷς
959 1761 1003 1806 (ἐν
1034 1764 1160 1821 φυτὸν
1191 1765 1526 1822 συνεὸένόρωσεν·
1561 1763 1648 1819 ἅμα
1678 1765 1722 1807 δὲ

362 1885 418 1920 19.
441 1880 659 1928 Κομνηνόν]
684 1883 914 1931 Κομνηνῶνὶ)
936 1880 1198 1930 Κομνηνικόνὶ)

269 1997 353 2022 rum.
399 1997 487 2031 quae
509 1997 563 2020 res
578 1986 624 2020 illi
640 1986 760 2034 pignus
773 1986 862 2020 haud
876 1985 1011 2020 dubium
1029 1988 1104 2019 erat
1118 1986 1237 2031 plenae
1251 1987 1355 2032 atque
1369 1984 1522 2030 integrae
1536 1985 1720 2020 successio-

268 2033 321 2067 nis
346 2031 474 2076 imperii
501 2037 659 2065 servatae
682 2032 764 2077 ipsi,
793 2032 852 2066 ubi
873 2032 1049 2077 aliquando
1074 2031 1298 2075 adolevisset,
1328 2036 1363 2065 et
1386 2032 1514 2065 invidia
1536 2031 1719 2078 popularis,

267 2089 357 2123 quae
372 2077 569 2121 gravissima
583 2078 616 2111 in
631 2078 702 2111 eius
717 2083 846 2122 patrem
862 2082 1033 2112 exarserat
1044 2103 1054 2118 ‚
1085 2077 1139 2111 vel
1154 2077 1263 2122 spatio
1277 2077 1352 2122 ipso
1367 2078 1548 2122 temporis,
1583 2077 1640 2112 vel
1658 2076 1718 2110 ad-

268 2123 381 2158 hibitis
396 2123 522 2156 artibus
534 2149 543 2165 ,
575 2129 610 2157 et
628 2129 708 2168 apte
723 2124 764 2156 ad
781 2124 972 2157 occasiones
987 2127 1174 2167 temperata
1189 2123 1393 2156 tractatione
1408 2123 1604 2157 refrixisset.
1636 2133 1718 2167 per-

268 2173 503 2214 peti-essetque
526 2169 642 2213 utique
665 2169 757 2214 quod
773 2169 1019 2209 destinaverat,
1050 2169 1111 2202 nisi
1126 2169 1240 2212 gravis
1256 2169 1415 2202 valetudo
1431 2169 1463 2202 in
1479 2169 1717 2213 Porphyroge-

267 2215 373 2248 nitum
399 2214 556 2257 ingruens
583 2214 730 2259 ineptum
743 2215 834 2248 illum
848 2215 940 2259 prius
955 2214 1159 2248 reddidisset
1174 2214 1345 2259 multiplici
1360 2219 1395 2247 et
1410 2214 1575 2248 laborioso
1592 2213 1717 2258 prinei-

266 2265 369 2306 patus
385 2260 521 2303 negotio
535 2260 708 2303 gerend03
740 2266 855 2305 postea
878 2260 976 2293 etiam
1001 2261 1101 2293 rebus
1126 2260 1274 2294 humanis
1296 2260 1420 2293 acerba
1436 2264 1541 2292 morte
1558 2270 1717 2303 praecer-

267 2310 361 2351 ptum
377 2305 565 2339 exemisset.
611 2306 690 2350 quin
718 2306 818 2339 etiam
843 2317 916 2338 cum
931 2305 1068 2339 Alexius
1085 2306 1273 2339 Comnenus
1299 2305 1427 2350 imperii
1442 2304 1505 2337 iam
1521 2309 1641 2348 potens
1657 2315 1717 2337 ur-

269 2352 344 2385 bem
358 2351 484 2394 regiam
500 2349 624 2384 invasit
635 2376 645 2392 ,
670 2351 880 2384 Botaniatem
896 2352 1002 2396 ipsum
1018 2351 1250 2384 reclamantem
1267 2355 1520 2384 recusantemve
1537 2361 1601 2382 non
1616 2361 1716 2395 repe-

268 2396 325 2430 rit.
373 2397 487 2441 itaque
502 2407 594 2429 arma
611 2397 789 2441 expedire,
819 2401 937 2430 contra
951 2397 1085 2441 vimque
1100 2397 1134 2430 vi
1149 2397 1313 2441 repellere
1328 2400 1464 2429 conatus
1480 2406 1544 2427 non
1560 2399 1630 2428 est:
1654 2396 1715 2430 sed

267 2441 320 2475 ius
334 2452 542 2486 agnoscenS‚
573 2452 638 2486 quo
663 2442 840 2475 manifesto
858 2443 1046 2475 comnenus
1070 2442 1113 2475 ad
1137 2441 1362 2486 imperandum
1388 2439 1576 2480 nitebatur,
1607 2441 1716 2475 obsti-

266 2498 350 2521 nare
366 2487 583 2533 pertinaciam
598 2499 662 2521 non
679 2487 790 2532 potuit
802 2513 811 2528 ‚
841 2487 1023 2520 deterritus
1042 2488 1201 2532 propriae
1220 2487 1379 2520 conviciis
1393 2485 1617 2520 conscientiae
1631 2486 1715 2521 iam-

265 2534 394 2578 pridem
411 2534 518 2566 surdis
534 2533 674 2575 flagellis
690 2533 919 2568 everberantis
937 2533 1006 2566 eius
1022 2533 1164 2566 animum
1181 2533 1315 2576 alteque
1329 2531 1564 2573 contestantis,
1579 2538 1613 2565 et
1628 2532 1714 2566 alie-

265 2589 343 2611 num
360 2589 434 2611 esse
450 2579 659 2613 Botaniatem
682 2590 702 2611 a
724 2590 850 2622 genere
864 2579 958 2623 regio
976 2584 1010 2612 et
1024 2579 1057 2612 in
1074 2579 1223 2613 Alexium
1240 2578 1442 2612 Comnenurn
1458 2576 1713 2612 haereditariam

265 2623 508 2658 successionem
535 2624 657 2657 Isaacii
679 2624 790 2668 patrui
812 2630 906 2658 recta
929 2625 1018 2658 serie
1041 2624 1256 2657 descendere.
1302 2633 1362 2666 per
1376 2622 1464 2655 hunc
1482 2622 1610 2656 modum
1627 2622 1713 2665 legi-

265 2669 345 2703 timo
362 2669 537 2712 ingressu,
569 2680 634 2702 non
657 2670 840 2703 rebellione
862 2674 922 2703 aut
939 2670 995 2713 vi,
1026 2669 1163 2703 Alexius
1189 2668 1229 2702 ad
1246 2667 1463 2712 principatum
1479 2668 1574 2701 venit
1587 2668 1712 2713 duplici

267 2714 331 2750 sibi
346 2715 417 2747 iure
434 2713 580 2747 debitum
594 2739 602 2754 ‚
634 2715 723 2759 quod
747 2719 782 2748 et
808 2721 909 2759 gente
924 2715 1095 2748 Comnena
1111 2713 1266 2747 oriundus
1282 2717 1318 2746 et
1334 2713 1498 2746 affinitate
1514 2713 1643 2747 iunctus
1658 2714 1711 2747 fa-

267 2761 379 2795 miliae
393 2760 560 2793 nucarum
578 2765 675 2792 esset.
725 2760 827 2794 ducta
843 2761 928 2794 enim
944 2772 987 2793 ex
1003 2761 1168 2793 Ducarum
1186 2759 1283 2792 domo
1300 2759 1440 2802 coniuge
1457 2760 1622 2792 ambarum
1637 2758 1712 2793 iura

267 2805 464 2841 familiarum
487 2804 615 2838 miscuit
641 2808 676 2838 et
698 2806 986 2849 genealogicarum
1008 2805 1144 2839 duarum
1161 2805 1316 2838 arborum
1332 2815 1440 2837 ramos
1455 2805 1549 2838 velut
1562 2804 1723 2838 nnumin·

269 2857 421 2886 truncum
444 2850 477 2885 in
502 2861 579 2886 sese
602 2850 738 2895 collegit
763 2857 798 2885 et
819 2850 990 2885 devinxit2
1024 2861 1111 2896 quae
1126 2860 1181 2885 res
1195 2861 1262 2884 non
1279 2850 1400 2895 exiguo
1418 2850 1448 2884 ei
1463 2850 1651 2885 adiumento
1667 2849 1721 2884 ad.
