1878 3262
563 226 956 270 HISTORIARUM
991 229 1038 270 L.
1072 228 1149 271 IV.
1504 231 1598 277 163

141 344 244 387 δέκα
262 342 306 385 αἳ
329 345 457 384 πᾶσαι
481 345 572 397 νῆες
594 336 700 398 ἦσαν
725 340 855 399 αὐτῷ)
880 339 1015 385 τοιάδε
1040 343 1131 386 τινὰ
1154 339 1314 385 ἐνενόει·
1343 341 1514 401 γράμμα
1538 344 1595 396 ὥς
1616 353 1648 389 C

140 414 183 455 ἐκ
200 411 400 467 βασιλέως
421 413 549 466 δῆθεν
569 410 661 469 ἄρτι
681 403 870 468 πεμφθὲν
890 411 1049 467 ἐχείριζε
1068 410 1226 462 τούτοις
1247 412 1467 468 ἐξενεγκών.
1501 413 1596 469 ἐδή-

140 476 213 523 λου
251 481 294 523 δὲ
327 480 375 522 τὸ
408 480 579 537 γράμμα
612 478 802 534 δυνάμεις
835 480 878 520 ἐκ
912 483 986 534 γῆς
1010 481 1076 521 καὶ
1102 479 1316 535 θαλάττης
1339 481 1446 538 ἀμφὶ
1471 484 1599 538 μέσην

138 547 293 606 ἡμέραν
318 548 456 599 αὐτοῖς
479 548 598 604 ἥξειν.
666 552 748 590 τῶν
773 548 818 589 δέ
841 547 1102 603 ἐπαρθέντων
1126 549 1203 603 ’ἤδη
1231 550 1333 606 πρὸς
1356 550 1430 604 τὴν
1455 552 1598 594 ἐλπίδα

106 616 159 661 5“
173 618 269 660 ἀλλ’
299 616 515 673 ηὗχόμην”
555 617 634 675 ἔφη
661 610 746 658 “oi
769 620 1091 673 συστρατιῶται,
1139 616 1386 673 φθάσαντας
1417 618 1599 676 ἁρπάσαι

137 687 212 742 τὴν
235 687 347 742 νίκην
372 684 502 742 ἡμᾶς,
536 684 593 736 ὥς
615 684 675 739 μὴ
701 684 817 727 αὐτοὶ
842 689 924 727 τῶν
949 686 1005 735 εἷς
1030 686 1148 742 δεῦρο
1180 685 1373 739 καμάτων
1399 688 1445 729 τὸ
1470 687 1601 745 βάρος

137 754 416 811 βαστάσαντες
448 753 532 797 εἶτα
557 758 639 796 τῶν
674 754 718 796 ἐκ
743 757 816 808 τῆς
851 755 963 809 νίκης
988 753 1159 809 ἀγαθῶν
1194 756 1262 796 καὶ
1287 761 1372 804 τοῖς
1397 755 1476 810 ὀψὲ
1501 758 1603 814 πρὸς

138 825 209 867 τὸν
244 825 379 880 ἀγῶνα
416 825 687 866 διαπαντῶσιν
723 823 988 865 ἐπικοινωνεῖν
1019 822 1205 877 ἕξομεν.”
1274 823 1393 865 ταῦτ’
1432 826 1552 866 εἶπιὺν
1578 824 1600 868 ὅ

139 892 363 950 στρατηγὸς
388 893 522 947 ἐπειδὴ
548 892 623 942 τὰς
647 895 728 934 τῶν
752 892 953 945 πολεμίων
976 895 1076 939 ναῦς
1101 891 1215 933 ἔνδον
1239 890 1319 946 ἤδη
1346 896 1420 934 τοῦ
1443 894 1603 947 λιμένος

86 963 398 1019 1ογεγενημένας
432 959 561 1013 εῗδεν,
604 960 721 1018 ἔργου
759 960 900 1002 λοιπὸν
944 961 1119 1003 ἐκέλευεν
1154 959 1371 1003 ἅπτεσθαι.
1450 964 1518 1004 καὶ
1551 962 1603 1017 δὴ

138 1032 368 1085 ναυμαχίας
399 1030 610 1086 γενομένης
645 1030 804 1071 Σικελοὶ
839 1028 941 1086 πρὸς
974 1029 1049 1079 τὰς
1086 1029 1167 1071 ἀπὸ
1192 1034 1265 1085 γῆς
1289 1031 1357 1072 καὶ
1381 1029 1599 1086 θαλάσσης
1621 1033 1656 1066 V
1681 1037 1726 1071 74

138 1105 220 1142 τῶν
240 1098 458 1153 “Ρωμαι’ων
484 1099 557 1140 οὐκ
582 1096 802 1153 ἐνεγκόντες
824 1096 967 1152 βολάς,
1001 1098 1296 1156 ἀμφοτέρωθεν
1321 1099 1603 1154 ἐπιτοξαζομέ-
1625 1103 1658 1138 D

131 1186 220 1211 νων
246 1167 379 1210 αὐτῶν
387 1199 400 1219 ,
434 1165 620 1224 πρύμναν
645 1165 902 1224 ἐκρούσαντο.
964 1165 1165 1222 “Ρωμαΐοι
1201 1168 1245 1209 δὲ
1279 1167 1407 1210 ὀπίσω
1434 1167 1605 1219 διώξαν-

137 1254 205 1287 τες
240 1236 415 1286 πολλοὺς
450 1237 584 1278 αὐτῶν
609 1235 805 1288 ἔκτειναν,
841 1237 1038 1293 τέτταρας
1063 1237 1107 1278 δὲ
1132 1238 1199 1278 καὶ
1225 1234 1478 1294 αὐτάνδρους
1503 1235 1609 1280 εἷλον

86 1317 128 1353 15
140 1310 191 1363 τῇ
211 1306 347 1363 χέρσῳ
372 1306 643 1359 ἐνσχεθείσας.
710 1304 851 1359 ἔτυχον
885 1305 963 1362 γὰρ
990 1305 1303 1362 προπετέστερον
1335 1305 1362 1361 ἢ
1388 1306 1510 1363 ἐχρῆν
1535 1311 1608 1362 τῆς

140 1377 313 1432 εἰρεσίας
336 1374 550 1430 γενομένης
576 1375 638 1415 ἐπὶ
664 1377 737 1427 τῆς
764 1373 888 1428 ἀκτῆς
913 1374 1069 1429 ἶζῆσαι,
1110 1378 1273 1432 στρατῷ
1296 1373 1499 1432 ἠπειρῶτῃ
1524 1374 1610 1430 θή-

141 1462 255 1501 ραμα
280 1441 550 1496 ἑτοιμότατον.
621 1443 662 1484 ἐν
696 1440 826 1500 τούτῳ
859 1447 918 1500 τῷ
954 1441 1064 1500 πόνῳ
1100 1443 1220 1484 πλέον
1254 1442 1281 1497 ἢ
1316 1445 1503 1497 δισχίλιοι
1527 1448 1610 1486 τῶν

140 1513 342 1566 πολεμίων
368 1511 532 1563 ἔπεσον,
553 1509 772 1564 (Ρωμαίων
799 1512 842 1552 δὲ
867 1515 1032 1560 πολλοῖς
1055 1512 1130 1564 μὲν
1156 1513 1223 1552 καὶ
1250 1510 1389 1561 ἄλλοις
1422 1512 1610 1568 ἀριστεῦ-

141 1599 210 1625 σαι
237 1582 411 1637 ἐγένετο,
457 1578 637 1634 μάλιστα
672 1579 716 1621 δὲ
754 1577 916 1621 πάντων
950 1571 1052 1636 ’ἀνὴρ
1080 1580 1230 1635 ἐγένετο
1259 1579 1419 1635 ἀγαθὸς
1443 1584 1525 1622 τῶν
1550 1598 1612 1631 τις
1646 1592 1649 1594 “

88 1651 216 1698 Ξοσῦν
248 1654 307 1707 τῷ
341 1647 487 1709 Δούκα
521 1648 774 1702 ταττομένων
810 1649 1014 1703 ἐπίκλησιν
1040 1651 1358 1704 Σκαραμαγκᾶς.
1425 1653 1507 1691 τῶν
1531 1649 1612 1706 γὰρ

142 1720 342 1772 πολεμίων
367 1716 525 1774 φεύγειν
549 1717 627 1772 ἤδη
654 1718 992 1771 ἐπιβαλλομένων,
1028 1717 1150 1766 αὐτὸς
1173 1715 1372 1767 ἐπελάσας
1395 1717 1466 1759 τὸν
1486 1719 1613 1760 ἵππον

143 1784 380 1844 πρυμνόθεν
417 1784 582 1839 ἐλάβετο
616 1790 715 1839 μιᾶς
747 1784 952 1828 θέλοι-σάν
989 1803 1030 1828 τε
1058 1786 1242 1841 ἀπαίρειν
1268 1787 1395 1839 ἐπεῖχε
1423 1787 1498 1828 σὺν
1523 1788 1610 1844 βίᾳ,
1634 1794 1665 1828 Ρ
1687 1796 1732 1830 95

144 1855 261 1912 ἔργον
295 1855 444 1896 ἐκείνου
479 1855 719 1911 Κυνεγείρου
756 1855 801 1896 τὸ
836 1853 1115 1908 πολυλάλητον
1150 1852 1170 1895 ὅ
1209 1852 1403 1908 γεννάδας
1436 1858 1616 1910 πληρῶν.

241 1985 297 2040 165
333 1983 478 2029 ὶζῆσοιι]
514 1983 613 2019 Fort.
649 1980 828 2028 ἱζήσασαι.
979 1984 1036 2019 23.
1069 1981 1318 2029 Κυνεγείρου]
1354 1982 1444 2018 eod.
1477 1983 1617 2019 Κυναι-

238 2041 376 2075 γειρου.

148 2146 264 2180 decem
289 2156 397 2180 naves
423 2145 539 2191 erant)
568 2146 647 2180 talia
679 2144 906 2190 excogitasse.
951 2145 1070 2181 literas
1094 2145 1188 2180 velut
1211 2147 1257 2180 ab
1276 2144 1481 2192 imperatore
1503 2145 1621 2179 missas

149 2192 309 2226 militibus
325 2192 486 2236 ostendit,
510 2192 630 2236 quibus
646 2192 701 2225 ille
715 2197 808 2226 terra
825 2192 974 2236 marique
1000 2193 1091 2226 circa
1107 2191 1251 2226 medium
1267 2192 1354 2226 diem
1370 2192 1546 2226 adfuturas
1561 2203 1620 2224 oo-

148 2238 224 2283 pias
238 2238 426 2272 nuntiabat.
460 2249 526 2283 qua
540 2250 604 2283 spe
620 2238 742 2271 erectis
756 2237 797 2271 iis
814 2238 908 2273 “sed
925 2249 987 2271 nos
999 2237 1021 2252 '⁷
1042 2238 1152 2282 inquit
1175 2239 1199 2256 “
1209 2237 1343 2283 potius,
1366 2237 1621 2281 commilitones,

149 2283 324 2318 victoriam
341 2285 437 2318 nobis
452 2284 536 2329 ipsis
553 2290 750 2329 expetamus
761 2311 771 2328 ‚
796 2295 838 2317 ne
854 2295 928 2317 cum
945 2288 1050 2317 totam
1068 2284 1220 2317 laborum
1234 2283 1353 2317 molem
1376 2285 1410 2317 in
1427 2283 1622 2328 praesentia

149 2330 426 2371 sustinuerimus,
446 2330 503 2375 qui
525 2331 634 2363 serius
651 2330 693 2362 ad
712 2330 872 2375 praelium
888 2330 1045 2374 venient,
1065 2330 1230 2364 victoriae
1244 2330 1384 2373 gloriam
1403 2331 1620 2372 fructumque

150 2376 322 2410 nobiscum
348 2375 570 2421 partiantur.''
617 2376 667 2409 his
690 2375 790 2408 dictis
816 2376 954 2420 Ducas,
977 2375 1034 2409 ubi
1058 2375 1122 2409 iam
1147 2381 1282 2421 portum
1306 2375 1452 2409 subiisse
1475 2374 1620 2409 hostium

152 2421 290 2455 classem
308 2421 414 2467 vidit,
440 2433 518 2455 suos
541 2422 699 2467 occipere
712 2432 797 2466 opus
823 2422 928 2455 iubet.
976 2421 1105 2467 praelio
1119 2422 1236 2466 itaque
1251 2421 1362 2455 navali
1376 2421 1459 2454 inito
1471 2448 1481 2464 ,
1514 2418 1621 2453 Siculi

153 2478 227 2500 cum
242 2474 335 2502 terra
351 2468 502 2513 marique
518 2468 618 2501 missa
632 2469 674 2500 ab
691 2473 835 2511 utraque
850 2473 951 2511 parte
974 2479 996 2501 a
1013 2468 1174 2502 Romanis
1190 2468 1258 2501 tela
1273 2468 1366 2500 ferre
1386 2478 1452 2500 non
1467 2470 1622 2510 possent,

153 2518 244 2547 retro
260 2525 404 2548 cessere.
450 2513 636 2548 caeduntur
659 2513 790 2547 interea
811 2524 833 2546 a
848 2513 1010 2547 Romanis
1033 2514 1090 2558 qui
1106 2525 1127 2547 a
1141 2519 1239 2556 tergo
1255 2513 1456 2546 insistebant
1472 2512 1623 2556 complu-

153 2569 228 2601 res,
261 2566 448 2605 captaeque
470 2565 616 2604 quatuor
632 2570 704 2592 cum
720 2558 805 2592 viris
819 2559 900 2604 ipsis
918 2570 1043 2600 naves,
1066 2571 1155 2604 quae
1180 2559 1224 2592 ad
1248 2559 1372 2592 vadum
1397 2558 1622 2592 offenderant.

155 2604 279 2650 quippe
293 2606 404 2640 acrius
421 2617 520 2650 quam
544 2617 607 2651 par
623 2611 698 2639 erat
713 2605 814 2638 remis
827 2605 992 2650 impulsae
1015 2605 1191 2649 littorique
1206 2604 1321 2638 allisae
1335 2604 1438 2638 facile
1461 2604 1496 2637 in
1510 2608 1624 2637 terre-

155 2649 232 2683 stris
249 2652 416 2685 exercitus
432 2656 636 2697 potestatem
654 2656 830 2685 venerunt.
878 2663 919 2684 eo
944 2651 978 2684 in
1001 2650 1184 2684 certamine
1199 2651 1265 2684 duo
1281 2650 1426 2684 bostium
1441 2649 1543 2684 millia
1562 2649 1623 2682 de·

154 2694 302 2729 siderata
317 2703 413 2732 sunt:
450 2698 594 2732 Romani
619 2709 703 2731 vero
719 2709 786 2730 non
804 2698 903 2742 pauci
919 2697 1097 2742 praeclara
1117 2697 1253 2730 edidere
1268 2696 1429 2730 facinora.
1478 2695 1622 2730 maxime

155 2746 268 2774 tamen
287 2742 325 2775 in*
342 2743 383 2776 iis
411 2743 546 2777 emicuit
568 2743 666 2776 unius
690 2755 734 2776 ex
758 2743 876 2777 Ducae
901 2743 975 2777 acie
1001 2743 1111 2776 virtus
1126 2768 1138 2783 ‚
1162 2743 1216 2776 cui
1231 2754 1352 2776 nomen
1368 2743 1621 2776 Scaramancas.

155 2788 275 2830 fugere
290 2787 378 2821 enim
393 2788 458 2822 iam
471 2789 711 2833 incipientibus
728 2789 882 2823 hostibus
894 2817 904 2832 ‚
927 2789 1003 2834 ipse
1018 2789 1140 2822 adacto
1164 2800 1251 2834 equo
1268 2788 1406 2834 puppim
1421 2788 1528 2822 altera
1545 2797 1623 2830 pre-

156 2831 276 2865 hendit
299 2844 396 2866 manu
421 2838 457 2866 et
479 2836 628 2868 evadere
650 2835 822 2869 volentem
837 2836 873 2868 vi
897 2835 1029 2869 tenuit:
1054 2835 1108 2868 vir
1122 2846 1308 2879 generosus
1323 2836 1449 2868 sactum
1465 2839 1624 2876 repetens

155 2877 244 2911 illius
262 2878 424 2924 Cynegiri
439 2879 548 2913 multis
563 2880 766 2926 scriptorum
782 2881 937 2915 laudibus
952 2881 1166 2916 celebratum.
1205 2881 1266 2915 sed
1283 2880 1378 2914 illata
1393 2891 1414 2913 a
1430 2876 1626 2912 vectoribus
