1878 3262
637 184 1033 228 HISTORIARUM
1065 185 1115 229 L.
1147 185 1228 228 VI.
1573 183 1672 228 267

214 303 354 356 χρῆμα
385 298 517 355 θηρὸς
547 296 729 358 ὑπαντᾷ,
765 298 878 341 οὔπω
903 299 976 352 μὲν
1003 299 1181 350 λέοντος,
1216 297 1264 341 οὗ
1280 298 1357 355 γὰρ
1377 294 1586 355 ξυνεχιόρει
1607 296 1674 340 λε’-

215 385 299 425 γειν
330 366 357 423 ἦ
387 370 597 425 παρὸαλῆ,
630 372 748 411 τοῦτο
780 369 822 410 δὲ
853 361 905 409 αὖ
933 367 1126 424 ἀφῃρεῖτο
1154 367 1200 410 τὸ
1230 369 1403 423 μέγεθος
1427 369 1494 409 καὶ
1519 364 1545 422 ἦ
1574 366 1676 423 πρὸς

217 438 359 482 λέοντα
389 434 595 491 ὁμοιότης·
634 431 683 492 ἦν
716 431 788 479 οὖν
810 438 932 490 διπλῆ
959 452 1019 485 τις
1047 438 1113 478 καὶ
1143 437 1515 494 ἐπαμφοτερίζουσα
1537 434 1672 492 φύσις,
1694 439 1725 474 Ρ
1750 439 1816 475 156

218 504 420 562 πάρδαλις
438 507 480 548 ἓν
500 507 626 548 λέοντι
647 507 714 547 καὶ
731 506 831 547 λέων
849 506 891 546 ἓν
907 502 1118 561 παρδάλει,
1134 503 1342 561 τεράστιόν
1361 523 1399 547 τι
1413 512 1544 560 μῖγμα
1560 521 1676 546 ποιο-

185 584 208 620 5
223 573 351 629 τήτων
362 606 374 625 ,
402 576 443 616 ἓν
462 580 519 631 τῷ
537 576 702 631 γενναίῳ
721 574 766 616 τὸ
785 571 950 630 γοργόν,
975 572 1021 615 τὸ
1043 573 1220 626 θυμικὸν
1241 575 1283 615 ἓν
1301 578 1358 630 τῷ
1371 578 1581 631 βλοσυρῷ,
1606 575 1675 615 καὶ

217 641 413 694 καθάπαξ
441 642 572 686 πάντα
600 643 660 685 δι’
688 641 872 696 ἀλλήλων
900 640 1049 696 ἥκοντα
1077 641 1127 683 τὰ
1159 642 1311 698 ἀμφοῖν
1333 643 1429 684 ἴδια.
1498 641 1519 684 ὃ
1535 643 1608 696 μὲν
1624 642 1675 696 δὴ

217 711 303 767 θὴρ
333 717 514 762 τοιοῦτος
537 707 609 767 ἦν,
640 715 720 754 τῶν
741 712 784 753 δὲ
802 714 967 765 βασιλεῖ
982 709 1205 764 ἑπομένων,
1240 711 1374 764 ἐπειδὴ
1394 715 1535 752 τοῦτον
1554 709 1672 762 εἶδον,

218 779 476 836 ἀπερρύησαν
506 781 543 822 οἶ
567 781 738 830 πλείους.
807 774 856 834 ἦν
886 780 963 836 γὰρ
994 780 1086 821 οὐδὲ
1108 781 1204 821 ι’ὁέἴν
1220 786 1304 828 τοῖς
1318 783 1480 828 πολλοῖς
1499 778 1674 830 ἀνεκτός.

218 846 276 898 ὡς
305 849 348 890 δὲ
378 851 445 890 καὶ
467 849 593 904 ἀγχοῦ
612 849 690 903 ἤδη
714 849 862 904 ἐγένετο
873 880 886 899 ,
922 848 1052 898 οὐδεὶς
1070 842 1119 902 ἦν
1137 848 1182 890 τὸ
1201 847 1340 890 λοιπὸν
1356 847 1400 897 ὃς
1420 846 1549 905 τούτῳ
1566 851 1674 898 ξυνί-
1704 905 1706 907 ¹

166 923 210 961 10
220 933 356 958 στατο.
426 918 530 959 ἀλλὰ
546 917 738 971 βασιλεὺς
752 915 978 975 φευγόντων
997 916 1020 959 ὃ
1036 915 1268 973 παρήρτητο
1287 917 1403 973 ξίφος
1420 915 1591 966 {zai-aug
1607 917 1676 959 τὸν

218 989 333 1042 θῆρα
353 985 542 1036 πατάξων
561 987 721 1043 ἐφέρετο
730 1019 744 1038 ,
770 985 923 1041 πληγήν
943 1003 984 1028 τε
1006 985 1116 1042 αὐτῷ
1134 990 1207 1028 τοῦ
1227 983 1413 1039 μετώπου
1434 985 1676 1041 κατενεγκὼν

219 1053 315 1110 ἄχρι
336 1056 403 1096 καὶ
422 1056 483 1096 ἐπὶ
503 1056 647 1111 στέρνα
666 1054 865 1110 διήλασεν.
934 1053 955 1096 ὅ
979 1055 1052 1108 μὲν
1072 1055 1121 1109 δὴ
1144 1054 1335 1108 βασιλεὺς
1351 1052 1506 1096 τοιόσδε
1528 1072 1588 1104 τις
1608 1055 1671 1096 ἐπὶ
1695 1055 1724 1090 Β

218 1125 503 1179 θηροκτονίαις
525 1124 687 1179 ἐγένετο.
748 1124 921 1173 Ἀλέξως
949 1124 991 1165 δὲ
1026 1122 1234 1179 (ἐπάνειμι
1255 1123 1332 1179 γὰρ
1353 1122 1451 1165 ὅθεν
1469 1123 1542 1178 τὴν
1555 1125 1674 1178 ἔκβο-

219 1190 294 1245 λὴν
320 1195 393 1233 τοῦ
420 1190 540 1247 λόγου
570 1190 846 1247 ἐποιησάμην)
892 1190 1044 1234 τούτων
1076 1192 1274 1249 ἀφέμενος
1305 1192 1378 1242 τὰς
1406 1196 1478 1233 τοῦ
1502 1192 1677 1235 σουλτὰν

164 1265 209 1302 15
221 1258 438 1314 ἀνεστήλου
474 1263 736 1317 στρατηγίας,
780 1259 920 1314 νήπιος
949 1260 1048 1318 ἅπερ
1079 1261 1120 1302 ἓν
1147 1259 1278 1318 σκότῳ
1307 1259 1528 1317 φυλάσσειν
1555 1262 1677 1318 ἐχρῆν

217 1332 348 1371 ταῦτα
366 1330 428 1369 ἐπὶ
449 1327 647 1382 δωμάτων
669 1329 791 1379 αὐτὸς
810 1328 1057 1383 δημοσιεύων
1074 1330 1178 1371 κατὰ
1197 1329 1268 1383 τὴν
1285 1328 1459 1386 γραφήν.
1527 1324 1583 1371 ὧν
1609 1332 1675 1371 αῖ-

219 1395 423 1450 σθόμενος
440 1397 631 1451 βασιλεὺς
652 1399 692 1439 ἓν
714 1397 959 1450 ἰδιαζούσαις
979 1397 1172 1448 πολλάκις
1195 1397 1527 1454 παραλαμβάνων
1555 1398 1678 1440 αὐτὸν

183 1470 187 1472 ’
221 1466 449 1521 διατριβαῖς
467 1467 718 1523 παραινέσεις
735 1471 956 1523 προσῆγεν,
991 1465 1100 1516 ὅπως
1124 1466 1174 1508 ἂν
1198 1466 1332 1523 ἀπάγῃ
1355 1471 1435 1508 τιῦν
1452 1467 1679 1520 μελετωμέ-

218 1550 301 1575 νων
321 1534 442 1575 αὐτὸν
460 1534 809 1590 προθυμούμενος.
878 1533 898 1576 ὃ
920 1536 962 1577 δὲ
979 1540 1052 1598 τοῦ
1073 1539 1226 1577 σκοποῦ
1248 1538 1315 1577 καὶ
1338 1534 1459 1577 πάλιν
1481 1536 1602 1591 ἀπρὶξ
1622 1536 1679 1578 εἶ’-

164 1610 310 1656 2οχετο
319 1634 334 1654 ,
358 1604 425 1644 καὶ
445 1603 495 1657 δὴ
515 1603 644 1660 ἄνδρα
662 1605 848 1646 Λατῖνον
865 1604 938 1658 μὲν
953 1605 1064 1660 γένος
1081 1603 1205 1659 γόητα
1225 1605 1267 1646 δὲ
1284 1606 1350 1646 καὶ
1369 1604 1495 1646 πολὺν
1514 1604 1566 1646 τὰ
1588 1607 1680 1646 δαι-

219 1669 341 1724 μόνια
365 1670 584 1728 πράγματα
612 1673 734 1726 θαμὰ
758 1677 968 1728 συγκαλῶν
996 1671 1051 1723 ὡς
1082 1671 1224 1715 ἑαυτὸν
1256 1672 1480 1727 ὃιωμιλεΐτό
1505 1691 1546 1715 τε
1569 1674 1682 1731 αὐτῷ

219 1738 470 1794 γνησιώτατα
487 1743 555 1782 καὶ
574 1740 812 1798 ἀπορρήτων
829 1740 1022 1784 ἐκοινώνει
1045 1741 1297 1796 σκεμμάτων.
1365 1742 1417 1784 τὰ
1443 1743 1485 1783 δὲ
1505 1737 1554 1797 ἦν
1573 1741 1682 1792 ὅπως
1704 1748 1735 1782 C

220 1806 272 1849 ἂν
291 1808 483 1862 βασιλεῦς
500 1809 690 1851 ἀπαιδίαν
707 1811 747 1860 ἐς
764 1810 823 1851 ἀεὶ
843 1812 1079 1865 δυστυχοίη·
1116 1809 1315 1867 φάρμακά
1335 1828 1376 1853 τε
1397 1810 1498 1866 πρὸς
1515 1815 1589 1852 τοῦ
1603 1828 1680 1852 κα-

220 1914 316 1949 venit
330 1914 476 1959 ingentis
490 1915 726 1959 magnitudinis
738 1916 832 1958 fera,
860 1928 927 1950 non
941 1917 995 1951 leo
1010 1917 1161 1962 quidem;
1190 1929 1301 1962 neque
1315 1917 1400 1952 enim
1415 1918 1449 1951 id
1465 1918 1530 1952 dici
1545 1918 1679 1954 sinebat

220 1961 408 2007 pantherae
422 1961 590 1994 maculosa
605 1961 691 1995 cutis
705 1974 714 1994 ε
742 1973 840 2006 quam
867 1962 971 2007 ipsam
986 1974 1102 1997 rursus
1121 1964 1376 2008 appellationem
1391 1964 1486 1998 molis
1502 1965 1676 2009 granditas

221 2013 259 2040 et
274 2007 453 2040 similitudo
470 2007 576 2040 leonis
589 2008 777 2041 auferebat.
824 2008 949 2052 duplex
965 2014 1038 2042 erat
1051 2009 1154 2053 igitur
1164 2035 1174 2050 ‚
1206 2016 1239 2042 et
1253 2010 1385 2054 utrique
1399 2011 1599 2044 conveniens
1612 2022 1674 2045 na-

220 2057 315 2096 tura,
345 2054 511 2097 panthera
532 2053 567 2086 in
587 2052 708 2093 leone,
737 2060 771 2086 et
795 2053 849 2086 leo
872 2054 906 2087 in
923 2055 1108 2099 panthera,
1139 2060 1335 2099 portentosa
1350 2057 1515 2100 quaedam
1529 2057 1678 2102 qualita-

221 2104 292 2132 tum
307 2098 510 2132 commixtio.
555 2099 776 2142 generositati
791 2099 909 2133 aderat
922 2100 1080 2134 ferocitas
1093 2125 1104 2142 ‚
1127 2100 1298 2134 ira‘cundia
1314 2102 1522 2146 crudelitati,
1546 2103 1674 2137 omnia-

221 2155 289 2189 que
304 2144 408 2187 adeo,
439 2156 526 2189 quae
540 2144 674 2178 diversa
689 2144 769 2178 licet
784 2145 872 2178 inter
886 2157 924 2179 se
935 2170 946 2186 ‚
975 2146 1108 2191 utrique
1123 2147 1261 2192 propria
1276 2154 1354 2180 sunt
1368 2148 1538 2183 animanti.
1585 2149 1675 2183 eius-

221 2190 310 2225 modi
336 2190 440 2234 igitur
466 2195 539 2224 erat
562 2190 636 2224 fera
660 2190 744 2224 ista:
774 2202 874 2235 quam
899 2191 1051 2225 simulac
1066 2192 1220 2227 viderunt
1233 2193 1291 2238 qui
1306 2193 1541 2238 imperatorem
1554 2196 1676 2229 subse-

222 2237 430 2280 quebantur,
463 2236 671 2280 diffugerunt
683 2236 844 2282 plerique.
891 2249 987 2271 nemo
1003 2237 1128 2283 quippe
1144 2239 1249 2272 ferme
1264 2245 1356 2282 erat,
1382 2240 1439 2285 qui
1454 2240 1488 2274 in
1505 2252 1576 2274 eam
1593 2253 1678 2275 ocu·

221 2281 274 2316 los
299 2282 453 2322 inferres
477 2288 537 2316 aut
551 2293 623 2316 cum
641 2294 747 2327 prope
761 2283 824 2316 iam
842 2282 966 2325 adfuit,
998 2285 1143 2318 cumina
1158 2285 1317 2329 congredi
1331 2287 1481 2320 auderet.
1527 2287 1588 2321 sed
1613 2288 1678 2321 im-

221 2334 361 2373 perator
383 2328 424 2361 iis
446 2328 669 2372 fugientibus,
697 2328 816 2362 stricto
839 2340 905 2374 quo
929 2330 1117 2364 succinctus
1133 2336 1226 2375 erat,
1260 2331 1373 2375 gladio
1387 2359 1398 2376 ‚
1429 2332 1473 2366 ad
1488 2333 1678 2377 percutien-

210 2373 299 2407 ssdam
321 2374 425 2407 seram
451 2373 600 2407 accurrit
612 2401 623 2417 ‚
652 2374 821 2419 ictumque
835 2375 938 2420 capiti
950 2375 1077 2410 illatum
1093 2376 1135 2410 ad
1154 2383 1272 2422 pectus
1288 2389 1394 2422 usque
1408 2379 1533 2422 adegit.
1578 2379 1678 2413 talem

209 2429 262 2454 se
285 2419 418 2464 quidem
445 2420 599 2465 princeps
626 2419 659 2453 in
674 2421 821 2454 ferarum
838 2421 997 2455 caedibus
1012 2433 1054 2456 ac
1067 2423 1301 2457 venationibus
1328 2425 1481 2467 gerebat.
1530 2429 1680 2459 ceterum

222 2465 361 2499 Alexius
387 2466 513 2510 (redeo
530 2466 614 2499 enim
629 2466 720 2499 unde
738 2477 828 2500 eram
843 2467 1038 2511 digressus)
1064 2468 1113 2501 his
1130 2469 1278 2510 omissis,
1308 2481 1364 2502 res
1382 2480 1403 2502 a
1418 2469 1561 2503 Sultano
1578 2482 1678 2516 prae-

225 2510 316 2544 clare
334 2517 451 2555 gest-as
463 2539 474 2555 ,
504 2523 655 2556 quasque
671 2512 755 2545 adeo
774 2514 978 2557 oportuisset
989 2514 1121 2548 silentio
1135 2515 1241 2559 premi
1256 2541 1266 2557 ,
1295 2515 1416 2548 stolide
1430 2515 1470 2548 iis
1483 2515 1517 2549 in
1535 2517 1678 2550 aedibus

225 2562 365 2590 exarata
393 2568 435 2590 ac
458 2557 501 2590 de
525 2558 592 2591 icta
616 2558 758 2592 omnium
778 2559 882 2592 oculis
895 2561 1098 2604 exponebat.
1144 2560 1176 2593 id
1194 2560 1250 2593 ubi
1264 2560 1403 2593 rescivit
1417 2561 1616 2606 imperator,
1642 2563 1678 2596 in

223 2607 356 2636 secreta
371 2613 444 2637 eum
461 2570 625 2648 colloquia
639 2609 841 2649 assumptum
860 2607 995 2651 saepius
1017 2605 1208 2647 admonuit,
1240 2606 1289 2639 uti
1318 2607 1361 2640 ab
1380 2606 1514 2652 incepto
1534 2608 1678 2642 desiste-

224 2650 291 2680 ret.
336 2652 374 2682 at
400 2649 456 2682 ille
484 2660 551 2683 non
579 2650 676 2683 modo
707 2651 906 2685 obstinatius
930 2652 1096 2697 prioribus
1111 2651 1230 2685 institit
1245 2653 1411 2693 consiliis,
1442 2654 1503 2687 sed
1520 2659 1555 2687 et
1568 2655 1677 2688 virum

225 2696 326 2735 gente
339 2693 492 2730 Latinum
503 2720 513 2738 ‚
540 2696 853 2741 praestigiatorem,
876 2697 980 2742 inque
995 2697 1131 2741 magicis
1145 2697 1275 2731 artibus
1289 2698 1370 2732 mire
1385 2705 1555 2733 versatum
1567 2728 1578 2742 ‚
1602 2713 1678 2733 cre-

227 2739 289 2771 bro
315 2738 358 2771 ad
386 2750 424 2774 se
445 2752 591 2783 vocans,
623 2753 696 2776 cum
722 2754 761 2776 eo
783 2743 992 2777 familiariter
1011 2749 1231 2777 conversatus
1245 2750 1317 2786 est3
1349 2752 1383 2778 et
1397 2744 1439 2779 de
1454 2746 1594 2779 secretis
1608 2746 1678 2778 suis

228 2784 374 2818 consiliis
395 2787 665 2821 communicavit:
690 2800 831 2834 quorum
848 2789 928 2823 illud
949 2796 1022 2824 erat
1036 2790 1269 2835 praecipuum,
1300 2795 1337 2823 ut
1352 2790 1534 2835 imperator
1547 2791 1580 2825 in
1597 2802 1677 2835 per-

228 2834 367 2877 petuum
385 2830 501 2867 liberis
520 2838 672 2868 ear-eret:
701 2840 805 2881 atque
818 2835 851 2870 in
867 2847 942 2870 eum
957 2836 1056 2871 finem
1071 2836 1173 2871 multa
1185 2836 1229 2872 ab
1244 2837 1410 2871 scelerato
1426 2837 1557 2872 homine
1579 2848 1678 2870 acce-
