1878 3262
636 211 1033 256 HISTORIARUM
1065 212 1116 255 L.
1150 212 1209 255 V.
1564 206 1663 256 243

198 328 395 372 πλείστων
424 323 524 371 εἶναι
556 323 750 382 οῗόμενος.
815 326 874 382 μὴ
900 326 1057 379 τοίνυν,
1087 325 1222 382 ἐπειδὴ
1254 325 1300 370 τὸ
1333 322 1452 377 ἔθνος
1474 327 1592 370 τοῦτο
1616 324 1660 368 ἔκ

196 395 431 455 παραλόγου
466 396 574 447 τινὸς
612 396 774 439 ἄνωθεν
808 394 933 450 τύχης
968 395 1219 452 εὖημερῆσαν
1246 397 1583 449 δυσαντίβλεπτον
1607 398 1659 451 τῇ

192 464 406 520 Ῥωμαίων·
430 465 600 520 κατέστη
634 465 742 522 ἀρχῇ
749 496 764 516 ,
800 464 868 506 διὰ
894 467 1024 505 ταῦτα
1050 464 1232 520 ἀποχρῆν
1248 463 1344 519 ἡμῖν
1361 466 1587 519 οἰηθῶμεν,
1624 464 1659 505 εἰ

195 533 322 588 μόνον
347 535 411 576 ἐπὶ
435 538 510 590 γῆς
534 532 818 590 στρατεύοιμεν
844 535 918 587 τῆς
943 531 1090 574 αὐτῶν.
1158 533 1253 574 ἀλλ’
1275 533 1544 587 ἄπονεμητέον
1563 529 1660 574 ἑκά-

162 607 280 660 ὅστῳ
316 607 446 660 καιρῷ
474 602 520 644 τὸ
554 606 756 659 προσῆκον
787 602 854 643 καὶ
885 600 1104 642 ἀποδοτέον
1132 599 1375 643 καταστάσει
1398 605 1450 657 τῇ
1471 598 1659 658 παρούσῃ

194 674 341 729 πρᾶξιν
369 671 443 725 τὴν
469 671 652 713 δέουσαν.
720 668 768 711 οὗ
794 669 871 726 γὰρ
900 667 1029 711 ταύτὰ
1051 668 1312 725 εὐημεροῦσιν
1335 668 1447 723 οἶμαι
1466 671 1534 711 καὶ
1556 670 1658 711 δυσ-

192 744 416 797 πραγοῦσιν
436 737 654 795 ἆρμόσαιεν
675 737 724 779 ἂν
742 737 983 795 πράγματα·
1007 738 1074 779 καὶ
1092 740 1143 793 τῇ
1156 735 1366 790 Ῥωμαίων
1382 738 1515 779 τοίνυν
1534 737 1654 794 ἀρχῇ,
1676 738 1708 774 P
1732 740 1798 777 141

194 810 230 851 εἲ
260 810 327 850 καὶ
354 812 426 863 τῆς
454 811 631 864 παλαιᾶς
657 806 769 848 οὔπω
798 805 1008 861 τετύχηκεν
1036 806 1265 861 εὖκληριάς,
1299 805 1405 847 ἀλλὰ
1440 806 1543 860 (σὺν
1568 809 1658 863 θεῷ·

193 875 348 934 φάναι)
377 879 515 933 πολλῷ
541 876 713 930 βελτίονι
740 873 817 932 ὕφ’
847 873 943 930 ἡμῖν
973 874 1222 931 ἅναφανείσῃ
1252 880 1569 930 προασπισταῖς,
1599 876 1656 924 εἷς

138 949 184 985 10
194 945 376 995 εὐδοξίαν
393 942 671 1001 περιστήσεται
688 941 847 994 πάντως
865 945 908 986 ἐκ
929 945 1066 985 ποδῶν
1082 947 1141 1000 τῷ
1163 941 1328 985 Οὕννων
1342 942 1531 998 γενέσθαι
1551 941 1655 999 ῥηγί,

191 1013 267 1056 σὺν
285 1017 422 1070 πολλῷ
437 1014 510 1066 μὲν
522 1011 583 1063 ὥς
601 1029 703 1069 φασι
721 1014 788 1054 καὶ
807 1016 866 1070 τῷ
886 1010 1106 1066 αὖτόχθονι
1127 1009 1274 1053 ἐπιόντι
1295 1014 1458 1068 στρατῷ
1466 1042 1478 1062 ,
1506 1012 1657 1052 πλείονι

192 1083 237 1124 δὲ
256 1083 323 1124 καὶ
345 1086 404 1139 τῷ
421 1081 499 1123 ἀπὸ
523 1083 778 1135 συμμαχίδος
796 1081 1124 1137 συγκροτουμένῳ
1140 1077 1288 1136 χειρός.
1356 1078 1464 1129 ὅπως
1483 1073 1553 1121 οὖν
1573 1079 1656 1133 ἆμ-

189 1148 344 1207 φότερα
359 1148 486 1206 ταύτῃ
509 1151 777 1206 περισωθείη,
808 1148 907 1200 δόξα
926 1167 966 1192 τε
987 1148 1037 1205 ἢν
1056 1151 1112 1198 εἷς
1133 1148 1178 1190 τὸ
1196 1149 1354 1202 βέλτιον
1369 1147 1448 1202 ἤδη
1471 1152 1656 1202 μεταβαω

189 1222 341 1260 λοῦσαν
366 1218 475 1272 ἴσχε,
511 1220 578 1260 καὶ
606 1217 776 1272 δύναμις
802 1217 828 1273 ἢ
858 1218 983 1272 αὐτῆς
1015 1217 1241 1273 ἀκραιφνὴς
1262 1217 1446 1259 ἐντεῦθεν
1467 1216 1656 1258 ἀπαλλα-

136 1291 180 1328 15
193 1288 298 1343 γειή,
323 1287 561 1341 βουλευτέον
588 1285 644 1337 ὥς
669 1287 724 1329 ἔνι
751 1285 974 1340 pem-com?
1043 1285 1236 1340 βασιλεὺς
1264 1285 1337 1339 μὲν
1361 1289 1540 1327 τοσαῦτα
1560 1283 1656 1327 εἶπε.

181 1354 392 1410 (Ρωμαίων
422 1356 464 1397 δὲ
495 1360 575 1397 τῶν
603 1356 646 1397 ἔκ
675 1359 828 1410 βουλῆς
849 1361 933 1405 τοῖς
947 1354 1020 1408 μὲν
1041 1351 1572 1409 μεταστρατοπεδεύσασθαι
1590 1354 1656 1395 ἒν-

187 1429 331 1467 τεῦθεν
355 1425 417 1466 ε’πὶ
439 1422 549 1465 §adv
576 1441 618 1466 τε
652 1423 722 1466 τὸν
742 1423 909 1480 χάρακα
934 1421 1167 1478 πήγνυσθαι
1197 1420 1346 1473 ἐδόκει,
1382 1421 1492 1472 ὅπως
1520 1423 1653 1464 ἓντεῦ-
1674 1424 1707 1460 Β

186 1496 263 1535 θεν
279 1493 353 1535 σὺν
369 1498 426 1550 τῷ
444 1493 623 1549 ἀσφαλεῖ
635 1499 718 1542 τοῖς
735 1494 939 1546 πολεμίοις
956 1491 1244 1548 ἀντιφέρεσθαι
1265 1489 1450 1532 δύναιντο
1462 1522 1474 1541 ,
1497 1491 1592 1540 τοὺς
1610 1491 1655 1532 δὲ

185 1566 305 1604 τοῦτο
321 1562 395 1615 μὲν
415 1561 576 1615 οὐδαμῆ
594 1560 734 1617 ἤρεσκε
745 1592 757 1611 ,
784 1565 856 1615 τῆς
876 1561 1109 1616 πολιορκίας
1124 1559 1165 1600 δ’
1190 1559 1413 1616 ἀφεμένους
1429 1557 1555 1601 ἐδόκει
1579 1560 1654 1600 δυ-
1678 1573 1681 1575 ’

131 1628 303 1684 ΞΟνάμει
330 1634 381 1687 τῇ
411 1627 520 1686 πάσῃ
551 1630 660 1671 ἓπιδν
679 1628 983 1684 ὑποστήσεσθαι
1002 1628 1047 1670 τὸ
1067 1628 1270 1682 πολέμιον.
1340 1627 1445 1669 ἀλλὰ
1461 1627 1654 1681 βασιλεὺς

186 1698 400 1757 ἀμφότερα
431 1698 503 1741 οὐκ
534 1696 689 1756 ἐπῄνει·
724 1698 770 1741 τὸ
800 1699 873 1753 μὲν
897 1697 974 1755 γὰρ
1007 1698 1180 1748 δειλίαν,
1214 1696 1260 1739 τὸ
1294 1696 1337 1738 δὲ
1368 1697 1435 1738 καὶ
1455 1696 1654 1751 ἀβουλίαν

282 1829 314 1864 1.
340 1825 529 1873 οἰόμενος]
553 1828 641 1865 Duc.
665 1825 780 1873 οἶμαι.
815 1828 950 1862 videtur
972 1826 1097 1872 aliquid
1121 1826 1297 1861 excidisse.
1435 1826 1468 1862 6.
1491 1825 1653 1871 πρᾶξιν]

278 1873 368 1909 eod.
392 1872 577 1917 πράσσειν.
619 1875 767 1908 correxit
790 1874 935 1908 Tollius.
1075 1875 1128 1909 10.
1150 1870 1347 1915 εὐδοξίαν]
1372 1870 1458 1904 cod.
1485 1868 1654 1915 ἀδοξίαν.

274 1917 638 2009 Ξῗὶέὲῗοῖολέμιον]
671 1920 760 1957 eod.
793 1918 862 1956 τὸν
884 1917 1085 1964 πολέμιον,
1115 1918 1203 1953 unde
1224 1918 1314 1953 Duc.
1337 1914 1492 1952 ἐπιόντα
1514 1937 1560 1944 -
1582 1915 1653 1954 τόν

183 2078 340 2128 prudenti
354 2078 594 2115 attendendum
608 2077 768 2112 arbitror.
813 2088 857 2112 ne
869 2076 998 2122 igitur,
1028 2076 1106 2123 quia
1122 2088 1206 2121 gens
1220 2075 1286 2112 ista
1297 2102 1308 2118 ‚
1337 2075 1387 2111 sic
1401 2087 1522 2122 nempe
1537 2075 1652 2112 divina

185 2128 363 2162 ordinante
380 2125 593 2173 providentia
604 2152 613 2169 ,
641 2125 744 2158 rebus
759 2123 850 2158 elata
866 2123 1037 2169 prosperis
1051 2123 1084 2157 in
1101 2123 1287 2158 Romanum
1302 2120 1475 2169 imperium
1490 2122 1653 2157 terribili·-

185 2178 240 2208 ter
260 2173 407 2218 ingruit,
438 2177 622 2217 propterea
647 2171 727 2203 satis
749 2170 845 2203 nobis
858 2181 932 2203 esse
947 2170 1167 2211 arbitremur,
1198 2170 1228 2203 si
1243 2170 1278 2203 in
1293 2181 1406 2203 eorum
1421 2169 1652 2203 tantummodo

183 2220 259 2254 solo
275 2219 396 2254 bellum
412 2228 579 2263 geramus.
625 2227 742 2250 verum
755 2215 834 2260 quid
849 2215 1057 2260 temporibus
1076 2215 1262 2260 quibusque
1278 2215 1456 2250 conveniat
1468 2214 1652 2269 inspicien-

184 2266 264 2300 dum
279 2270 351 2306 est,
382 2271 418 2299 et
431 2263 585 2298 facienda
599 2273 687 2306 quae
701 2272 861 2306 praesens
877 2261 930 2295 bic
945 2265 1052 2295 status
1071 2260 1304 2306 postulaverit.
1351 2273 1462 2306 neque
1484 2272 1571 2295 enim
1591 2273 1653 2295 ea-

184 2311 262 2345 dem
273 2336 284 2353 ,
313 2316 352 2344 ut
373 2310 542 2351 arbitror,
570 2312 605 2341 et
621 2319 784 2353 prospere
798 2307 997 2341 habentibus
1016 2310 1052 2340 et
1066 2304 1213 2341 adversa
1229 2306 1400 2341 utentibus
1417 2308 1555 2340 fortuna
1569 2312 1651 2352 apta

184 2362 274 2392 sunt.
319 2357 548 2390 Romanorum
562 2354 677 2398 itaque
693 2353 851 2399 imperio,
881 2353 948 2386 etsi
970 2350 1140 2406 pristinam
1155 2350 1300 2387 nondum
1317 2352 1511 2387 felicitatem
1527 2364 1650 2386 conse-

185 2407 284 2446 cuto,
318 2402 379 2436 sed
409 2401 527 2447 (quod
553 2399 754 2446 praefiscine
776 2397 942 2443 dixerim)
972 2410 1007 2433 ιη
1030 2398 1197 2433 meliorem
1210 2403 1323 2432 tamen
1338 2403 1464 2432 statum
1478 2396 1574 2431 nobis
1590 2397 1651 2435 de-

184 2448 374 2483 fensoribus
398 2449 542 2482 adducto
554 2474 564 2490 ‚
595 2456 804 2490 nequaquam
827 2444 986 2478 dedecori
1002 2443 1087 2487 erit,
1117 2445 1146 2478 si
1159 2443 1307 2478 universi
1322 2445 1561 2487 Hungarorum
1576 2443 1653 2488 regi

186 2494 330 2539 cedant,
359 2494 415 2538 qui
441 2504 514 2527 cum
541 2490 690 2536 ingenti,
722 2496 761 2524 ut
782 2490 875 2524 aiunt
887 2516 897 2533 ,
926 2489 1154 2535 indigenarum
1170 2490 1322 2524 exercitu
1337 2487 1489 2531 accedit,
1525 2493 1561 2522 et
1576 2500 1652 2523 ma-

185 2538 314 2574 ioribus
334 2539 444 2574 adhuc
467 2539 634 2573 sociorum
660 2537 763 2582 copiis
784 2541 902 2570 auctus
919 2541 972 2570 est
988 2547 1028 2570 ac
1042 2536 1238 2570 instructus.
1286 2539 1494 2580 quapropter
1507 2535 1651 2570 maxime

186 2585 384 2630 prospicere
410 2585 552 2630 quisque
577 2583 680 2617 debet
707 2594 772 2627 qua
795 2582 927 2616 ratione
950 2586 1092 2626 utraque
1105 2581 1154 2615 illi
1169 2586 1435 2622 conserventur,
1469 2585 1504 2615 et
1527 2581 1652 2624 gloria,

186 2641 274 2674 quae
288 2631 352 2664 iam
367 2631 400 2664 in
416 2631 532 2664 melius
543 2629 595 2663 ire
611 2628 741 2673 coepit,
766 2633 799 2663 et
814 2627 983 2673 potentia,
1006 2638 1094 2672 quae
1108 2627 1185 2661 inde
1200 2630 1276 2660 tota
1289 2627 1332 2660 ab
1346 2624 1422 2671 ipso
1437 2625 1650 2661 recederet.'’

185 2675 222 2709 in
237 2676 323 2709 hunc
337 2677 467 2711 modum
483 2675 640 2710 disseruit
653 2675 850 2718 imperator.
894 2672 1027 2718 quidam
1041 2679 1152 2707 autem
1169 2683 1211 2706 ex
1226 2671 1405 2716 Romanis,
1431 2673 1490 2717 qui
1506 2672 1648 2706 concilio

186 2721 236 2754 illi
259 2721 466 2765 intererant,
496 2721 730 2756 transferenda
750 2719 830 2754 inde
851 2717 895 2753 ad
917 2719 1041 2752 Savum
1066 2723 1178 2752 castra
1196 2718 1399 2762 censebant,
1430 2723 1470 2752 ut
1483 2718 1588 2752 tutius
1604 2729 1648 2751 ex

187 2777 230 2800 eo
246 2766 321 2800 loco
337 2767 486 2802 hostibus
499 2771 617 2813 posset
632 2764 762 2801 obsisti.
807 2765 881 2799 aliis
895 2765 931 2799 id
947 2763 1077 2799 minime
1092 2763 1236 2809 placuit:
1267 2764 1329 2799 sed
1342 2763 1460 2798 relicta
1476 2764 1649 2797 obsidione

189 2823 264 2846 cum
290 2812 440 2846 omnibus
464 2813 592 2847 viribus
617 2813 840 2847 imminentem
866 2812 997 2845 hostem
1010 2810 1168 2844 sustineri
1181 2810 1306 2845 debere
1320 2809 1556 2844 existimabant
1612 2813 1652 2842 at

188 2857 348 2904 princeps
362 2862 539 2904 utrumque
553 2869 717 2904 respuens
731 2856 923 2903 consilium,
953 2856 1037 2892 illud
1059 2861 1189 2902 metus,
1216 2857 1281 2892 hoc
1305 2861 1427 2892 contra
1449 2853 1650 2891 temeritatis
