1878 3262
268 211 315 243 vt
793 197 963 258 PETRi
989 196 1208 246 POSSINI

274 311 585 352 christianarum
622 311 820 352 virtutum
868 312 1055 353 omnium
1072 345 1083 364 ,
1136 319 1258 368 atque
1304 312 1492 370 inprimis
1539 310 1731 354 heroicae

274 379 504 430 religionis,
541 379 769 434 speciosius
790 381 1017 422 eminentes
1035 380 1202 437 quidam
1222 394 1268 420 ac
1287 383 1414 422 mutto
1432 382 1732 439 splendidiores

275 449 489 488 obstruunt
507 447 656 503 apices.
723 449 828 501 isto,
862 450 1053 505 inquam,
1088 449 1171 490 Tui
1196 457 1311 490 tanto
1338 457 1503 505 tamque
1523 452 1732 508 praeclaro

274 516 355 556 frui
392 517 621 572 spectaculo
662 518 750 557 vult
779 516 1024 571 Bryennius.
1092 532 1138 557 ac
1174 525 1385 574 praeterea
1415 519 1506 560 Tuo
1546 518 1735 560 eiusdem

273 584 502 641 praesentis
533 598 579 623 ac
607 598 745 625 coram
765 588 1046 638 cognoscentis
1069 586 1236 627 arbitrio
1257 585 1551 642 dirempturum
1572 602 1617 628 se
1638 602 1735 645 spe-

276 660 340 693 rat
367 651 638 693 domesticam
664 654 797 705 litem,
835 669 939 710 quae
971 653 1128 712 dudum
1155 655 1294 711 ipsum
1323 669 1415 705 cum
1443 656 1666 696 lectissima
1695 663 1737 697 et

275 722 430 775 alioqui
449 722 659 762 carissima
680 724 898 763 committit
915 725 1100 775 coniuge.
1169 725 1348 778 queritur
1377 724 1573 764 nimirum
1597 725 1666 764 illa
1695 732 1738 765 et

275 790 414 837 verbis
439 789 596 850 acribus
618 793 851 847 expostulat
863 791 917 846 *),
947 793 1028 833 viri
1051 791 1116 832 sui
1133 790 1262 832 nimia
1282 790 1737 845 modestiacontigisse,

275 865 322 899 ut
349 858 514 915 imperii
541 849 744 900 successio
774 869 868 917 post
899 875 1113 901 excessum
1138 860 1273 901 Alexii
1301 862 1427 917 patris
1458 860 1511 901 ad
1539 860 1740 902 Ioannem

275 927 414 983 potius
442 929 629 980 fratrem,
683 929 778 968 licet
804 929 1010 970 iuniorem
1041 943 1086 969 ac
1119 935 1215 985 post
1243 943 1288 970 se
1317 944 1402 970 non
1427 931 1562 970 solum
1586 938 1740 982 natam,

279 994 355 1036 sed
391 996 519 1036 etiam
554 995 608 1036 ad
649 997 871 1053 imperium
908 996 1165 1050 designatam
1204 998 1407 1050 genitum,
1467 997 1742 1050 delaberetur3

279 1064 388 1114 iure,
425 1063 534 1118 quod
560 1079 613 1105 ex
640 1066 926 1121 praerogativa
957 1067 1129 1116 aetati53
1165 1081 1258 1122 spe,
1292 1081 1416 1121 quam
1442 1081 1465 1107 e
1483 1067 1627 1107 matris
1655 1074 1743 1107 stu-

280 1130 351 1172 dio
382 1139 422 1171 et
444 1141 707 1184 cognatorum
724 1137 801 1189 'pro
826 1148 871 1174 se
891 1135 1190 1175 coniurantium
1208 1136 1420 1176 voluntate
1444 1143 1596 1176 certam
1614 1135 1759 1195 habe-—

279 1201 370 1250 bat,
404 1200 694 1257 intempestiva
712 1202 851 1242 mariti
870 1198 1133 1259 philosophia
1153 1204 1350 1260 corruptis
1371 1218 1417 1243 ac
1434 1202 1622 1260 proditis.
1667 1202 1745 1243 ad-

280 1282 425 1310 versus
441 1269 548 1308 hanc
569 1259 897 1310 criminationem
912 1271 987 1311 vix
1003 1279 1066 1311 est
1083 1279 1128 1311 ut
1146 1271 1246 1312 satis
1263 1271 1541 1329 Nicephorum
1562 1285 1635 1312 sua
1656 1273 1745 1313 vir-

280 1344 346 1377 tus
370 1344 550 1377 tueatur:
584 1339 847 1394 popularibus
878 1340 946 1380 vel
977 1338 1238 1395 praeiudiciis
1267 1342 1335 1381 vel
1358 1339 1505 1381 studiis
1531 1340 1748 1381 ambitioni

282 1405 468 1445 mulieris
489 1407 647 1461 potius,
684 1421 808 1462 quam
840 1408 920 1449 viri
950 1406 1226 1449 moderationi
1245 1409 1537 1461 suffragaturis.
1605 1422 1651 1448 ac
1671 1421 1749 1465 pa-

282 1487 375 1513 rum
407 1475 522 1514 abest
551 1475 649 1529 quin
680 1476 763 1532 ipsi
797 1476 923 1516 etiam
951 1477 1157 1528 historici,
1207 1492 1310 1533 quos
1333 1478 1561 1533 sapientiae
1583 1490 1751 1518 causam

283 1541 491 1596 suscipere
518 1541 706 1594 decebat,
752 1543 967 1585 socordiae
988 1545 1243 1598 Bryennium
1276 1560 1322 1585 ac
1355 1546 1533 1601 stuporis
1566 1546 1645 1585 hoc
1670 1560 1751 1586 no·-

283 1609 396 1649 mine
428 1610 679 1651 insimulent.
746 1612 826 1653 ille'
848 1620 987 1653 tamen
1026 1613 1137 1652 haud
1174 1613 1392 1654 concidens
1433 1614 1594 1664 animo,
1643 1614 1751 1652 hanc

287 1679 550 1732 quantumvis
590 1677 801 1721 difficilem
842 1694 889 1720 ac
929 1680 1188 1737 desperatam
1234 1682 1461 1723 evicturum
1503 1695 1549 1722 se
1572 1694 1753 1721 causam

286 1747 409 1802 plane
435 1745 623 1798 confidit,
659 1747 721 1788 Te
743 1750 884 1803 utique
905 1750 1079 1801 arbitra,
1109 1751 1222 1790 cuius
1252 1751 1322 1805 qui
1351 1763 1497 1790 sensus
1525 1750 1579 1790 sit
1594 1751 1753 1790 futurus

286 1814 330 1854 in
355 1815 426 1854 tali
447 1817 749 1867 controversia,
786 1825 882 1873 post
916 1831 965 1857 ea
999 1832 1103 1873 quae
1132 1817 1288 1859 mundo
1315 1817 1469 1858 dudum
1493 1817 1756 1874 applaudenti

282 1883 391 1923 mira
425 1883 651 1939 specimina
680 1884 847 1926 edidisti
881 1887 1109 1942 sapientiae
1154 1895 1405 1943 sceptrorum
1442 1887 1757 1943 contemptricis,

290 1950 475 1991 dubitare
497 1966 621 1994 nemo
642 1962 792 2008 potest.
856 1962 977 2010 atque
1001 1955 1115 1996 idem
1137 1957 1333 1996 hactenus
1354 1963 1515 1996 tantum
1535 1956 1600 1996 sui
1621 1954 1759 1996 meriti

289 2020 540 2059 conscientia
570 2022 732 2073 nititur,
776 2030 821 2062 ut
852 2037 897 2063 se
931 2023 1251 2075 absolvendum,
1302 2024 1365 2065 Te
1393 2023 1548 2075 iudice,
1603 2031 1758 2063 certum

289 2087 458 2138 habeat3
493 2090 666 2130 minime
693 2105 792 2131 vero
822 2099 867 2131 ut
897 2094 1077 2148 aspirare
1109 2094 1216 2133 ausit
1237 2091 1291 2132 ad
1313 2093 1601 2147 aequalitatem
1623 2090 1758 2131 laudis

292 2155 422 2196 Tuae.
491 2171 641 2213 nempe
666 2159 758 2215 ipse
783 2160 1006 2216 imperium
1037 2162 1124 2202 filio
1157 2175 1181 2201 a
1208 2169 1322 2217 patre
1352 2161 1534 2213 legitime
1562 2159 1759 2200 traditum

292 2224 495 2265 violenter
524 2225 767 2282 intercipere
800 2242 925 2280 gener
951 2231 1217 2286 temperavit:
1253 2244 1376 2285 quam
1405 2230 1483 2269 hoc
1510 2229 1617 2268 infra
1637 2227 1759 2268 decus

294 2292 453 2343 Tuum,
482 2292 756 2335 Serenissima
772 2296 955 2349 Regina!
1003 2298 1069 2339 Tu
1091 2299 1202 2338 enim
1224 2312 1396 2350 regnum
1417 2298 1599 2353 amplum
1618 2304 1659 2336 et
1678 2296 1760 2336 flo-

295 2375 390 2400 rens
422 2362 562 2402 multis
594 2364 711 2403 annis
728 2366 1062 2419 tranquillissime
1084 2381 1347 2422 possessum,
1382 2367 1426 2406 in
1445 2378 1604 2406 summa
1624 2378 1761 2404 rerum

296 2430 483 2469 omnium
513 2431 705 2471 felicitate
734 2440 775 2472 et
804 2447 908 2487 quae
931 2433 1029 2474 inde
1050 2436 1228 2475 nascitur
1246 2435 1489 2491 populorum
1510 2433 1762 2474 benevolen-

296 2497 372 2547 tia,
410 2499 714 2553 sapientissime
736 2502 1026 2553 gubernatum,
1062 2516 1286 2555 generosae
1305 2503 1454 2542 mentis
1479 2501 1646 2542 heroico
1663 2515 1763 2557 pro-

297 2565 435 2619 posito
456 2575 602 2621 sponte
627 2568 839 2610 abdicasti.
906 2571 1191 2623 magnificum,
1225 2572 1400 2620 illustre,
1435 2569 1582 2621 ingens
1612 2577 1653 2610 et
1681 2570 1762 2609 alte

300 2645 420 2686 supra
442 2632 664 2676 mediocria
686 2645 794 2678 recte
815 2640 922 2678 facta
939 2640 1126 2680 eminens
1142 2637 1319 2680 facinus!
1351 2637 1460 2693 quod
1482 2646 1619 2678 tamen
1635 2631 1763 2689 augu-

301 2700 401 2741 stius
425 2699 686 2759 diviniusque
704 2720 791 2758 reS,
815 2707 928 2749 cuius
948 2708 1078 2760 gratia
1101 2714 1333 2763 susceptum
1353 2713 1435 2759 est,
1455 2706 1592 2748 efficit.
1635 2719 1765 2758 agno-

327 2867 329 2869 ·
360 2907 361 2910 Ἰ
393 2853 428 2897 *)
452 2853 552 2901 Apud
574 2853 730 2890 Nicetam
755 2855 954 2891 Choniatem
978 2854 1036 2890 lib.
1062 2856 1094 2891 1.
