1878 3262
261 194 326 242 48
474 235 478 238 .
740 195 962 241 IOANNIS
996 194 1226 239 CINNAMI

262 309 373 366 αὐτῷ
409 311 687 364 κατεφαίνετο,
727 313 807 350 τῶν
843 326 931 351 τινα
955 307 1162 362 Ῥωμαίων
1193 309 1555 364 μεταπεμψάμενος
1578 327 1705 366 στρα-

261 381 434 427 τιωτῶν,
460 377 624 433 Πέρσην
648 378 720 431 μὲν
744 376 789 418 τὸ
813 377 924 432 γένος
943 375 1168 431 Πουπάκην
1190 376 1338 431 ὄνομα,
1365 378 1544 435 ἀνδρεῖον
1564 379 1606 420 δὲ
1629 377 1702 420 ἄλ-

261 450 340 493 λως
364 446 430 485 καὶ
455 445 555 485 πολὺ
581 446 625 486 τὸ
653 443 891 501 δραστήριον
917 444 1080 499 ἔχοντα,
1119 445 1267 487 ἐκέλευε
1306 447 1543 502 προσωτέρω
1563 444 1702 502 χωρή<

261 529 382 554 σοντα
417 512 526 554 εἵπου
550 515 733 569 Περσῶν.
759 529 869 562 τινας
893 512 1073 563 ἐπιόντας
1097 515 1278 570 προσίδοι
1305 513 1585 566 ἐπιμελέστατα
1613 515 1702 555 δια-

142 582 170 614 Ρ
193 582 239 619 27
261 584 510 622 σκοπεῖσθαι.
559 579 579 622 ὃ
605 581 677 634 μὲν
702 575 772 622 οὖν
798 580 934 636 ἀπῄει,
961 584 1027 623 καὶ
1052 586 1184 638 μικρῷ
1207 580 1372 637 ὕστερον
1397 581 1566 623 ἐπανιὼν
1589 583 1737 637 Περ-5

258 652 340 690 σιῦν
366 648 412 689 οὐ
439 650 620 699 πλείονας
643 653 722 691 τῶν
747 649 850 690 ὀκτὼ
878 651 973 691 ἰδεῖν
999 651 1243 706 ἰσχυρίσατο.
1283 647 1304 690 ὁ
1331 649 1374 690 δὲ
1396 649 1587 702 βασιλεὺς
1610 650 1705 698 τούς

259 715 405 764 ἄλλους
441 716 541 772 πρὸς
574 724 662 766 ταῖς
694 718 890 773 ἐνέδραις,
928 717 1113 773 καθάπερ
1141 718 1315 773 εἴρηται,
1340 716 1559 758 «ἀπολιπών
1585 716 1720 777 αὐτὸς

258 784 331 825 σὺν
356 788 413 841 τῷ
439 784 602 842 ἀδελφῷ
628 787 692 826 καὶ
718 790 775 843 τῷ
801 788 1018 842 δομεστίκῳ
1043 790 1115 827 τοῦ
1138 783 1338 839 Πουπάκη
1361 784 1432 839 τὴν
1454 782 1548 826 ὁδὸν
1569 785 1706 841 σφίσιν

256 850 557 903 ὑποδεικνύντος
580 848 606 910 ᾗ
632 852 778 907 τάχους
801 852 898 907 εἶχεν
911 855 976 895 ἐπ’
994 855 1162 903 ἐκείνους
1174 853 1332 908 ἤλαυνε.
1364 857 1561 909 γαμβροῖς
1572 853 1708 906 μέντοι

258 927 342 969 τοῖς
368 920 492 962 αὐτοῦ
517 922 578 962 ἐπὶ
604 926 792 963 τοσοῦτον
819 923 1089 977 ἀγανακτῆσαι
1115 925 1411 978 περιοραθεῖσιν
1436 921 1583 975 ἐγένετο
1596 951 1610 972 ,
1650 918 1705 969 ὥς
1718 925 1763 959 10

260 990 326 1029 καὶ
366 986 498 1044 ὅρκοις
536 988 870 1046 φρικωδεστάτοις
907 988 1038 1032 αὑτῶν
1074 1007 1114 1032 τε
1149 991 1314 1031 ἕκαστον
1339 990 1404 1030 καὶ
1430 987 1581 1037 πάντας
1606 986 1708 1040 ὅμοῦ

262 1058 454 1110 ξυνδῆσαι
480 1059 546 1098 καὶ
572 1061 832 1111 καταλαβεῖν,
867 1052 893 1112 ἦ
918 1058 998 1112 μὴν
1022 1058 1124 1112 μηδὲ
1147 1057 1377 1113 βουλομένῳ
1404 1055 1453 1097 ἂν
1479 1055 1582 1098 οὕτω
1608 1054 1710 1111 τύχῃ.

262 1123 411 1178 ταύτην
437 1124 688 1182 ξυνάρασθαι
720 1130 884 1180 βασιλεῖ
902 1127 973 1180 τὴν
997 1124 1144 1180 μάχην.
1208 1124 1397 1180 βασιλεὺς
1423 1125 1465 1165 δὲ
1491 1123 1601 1165 οὔπω
1626 1130 1710 1172 τοῖς

263 1190 470 1248 ὃραθεῖσιν
496 1193 725 1248 ἀνεμίγνυτο
750 1198 829 1235 τῶν
853 1197 1047 1251 Περσῶν,
1080 1195 1146 1235 καὶ
1173 1195 1228 1243 εἷς
1252 1194 1518 1235 ὀκτωκαίδεκα
1542 1190 1709 1240 τούτους

262 1260 490 1316 ἠθροῖσθαι
515 1263 753 1316 συνέβαινεν.
786 1261 907 1316 ἤθελε
933 1263 1006 1315 μὲν
1031 1256 1101 1303 οὖν
1126 1264 1191 1303 καὶ
1219 1259 1441 1318 ἐσφάδαζεν
1466 1259 1532 1301 ἐπ’
1562 1259 1708 1308 αὐτοὺς
1720 1263 1763 1298 15

265 1329 390 1369 ἴέναι·
429 1327 536 1378 ὅπως
571 1330 705 1382 μέντοι
742 1330 798 1383 μὴ
837 1329 903 1371 ἅτε
930 1328 1178 1385 εὖζωνότεροι
1205 1328 1313 1378 ὄντες
1338 1328 1559 1384 ἀποδρᾶναι
1587 1329 1709 1381 δυνη-

211 1402 242 1436 Β
266 1400 374 1438 θεῖεν
395 1396 471 1452 (οὗ
488 1398 564 1453 γὰρ
583 1395 681 1450 εἶχεν
701 1399 743 1439 ἐκ
762 1402 833 1439 τοῦ
852 1398 992 1452 σχεδὸν
1009 1398 1140 1440 αὐτῶν
1159 1395 1499 1439 καθιππάσασθαι
1519 1395 1711 1452 ἀπωτέρω

263 1464 318 1506 ἔτι
348 1463 520 1519 ἑστώς),
557 1465 690 1508 τοιάδε
718 1465 807 1507 τινὰ
835 1465 987 1508 ἐνενόει.
1055 1466 1202 1508 ἐκέλευε
1225 1465 1292 1507 τὸν
1309 1462 1534 1518 Πουπάκην
1553 1462 1717 1519 ἔγγιστα-

262 1532 395 1574 αὖτῶν
418 1531 627 1588 γεγονότα,
661 1534 819 1575 ἐπειδὰν
844 1532 1088 1590 προσιόντων
1116 1534 1325 1584 αἴσθοιτο,
1358 1530 1514 1588 φεύγειν
1545 1530 1711 1584 δυνάμει

260 1605 311 1656 τῇ
341 1599 450 1657 πάσῃ
478 1601 552 1650 ἕως
569 1600 647 1656 ἤδη
675 1602 774 1658 παρ’
799 1602 919 1643 αὐτὸν
940 1603 1101 1657 γένοιτο.
1171 1600 1191 1642 ὃ
1210 1602 1283 1654 μὲν
1302 1595 1372 1641 οὖν
1389 1599 1491 1641 κατὰ
1509 1599 1553 1641 τὸ
1574 1603 1765 1640 nsaw-20

262 1669 361 1710 σθὲν
392 1670 511 1711 ἐποίει
522 1701 535 1720 ,
572 1670 656 1711 ἐπεί
682 1687 722 1711 τε
758 1668 975 1712 διώκεσθαι
993 1669 1094 1725 πρὸς
1113 1673 1191 1711 τῶν
1208 1667 1429 1724 βαρβάρων
1448 1667 1596 1723 ἤρξατο
1616 1666 1709 1722 ἤδη,

263 1735 402 1792 ἔφευγε
428 1735 586 1778 λοιπόν
618 1737 663 1779 οὗ
695 1738 828 1791 μέντοι
861 1736 1111 1779 παντάπασιν
1129 1735 1335 1789 κατετάχει
1357 1735 1426 1777 τὸν
1445 1733 1615 1791 δρόμον,
1649 1735 1710 1776 ἀεὶ

263 1805 307 1846 δὲ
340 1806 481 1846 ἐλπίδα
513 1810 586 1847 τοῦ
619 1804 1011 1862 καταληφθήσεσθαι
1046 1806 1183 1862 σφίσιν
1219 1802 1537 1860 ἒμπαρεχόμενος
1563 1802 1721 1845 ἔλαθεν.

354 1899 387 1933 4.
420 1899 613 1944 προσίδοι]
647 1899 761 1933 Malim
791 1898 951 1942 προΐδοι.
1089 1901 1143 1934 12.
1177 1892 1203 1943 ἧ
1234 1897 1306 1942 μὴν
1337 1895 1454 1944 μηδὲ]
1488 1897 1573 1934 Cod.
1604 1892 1628 1942 ἢ
1657 1895 1707 1941 μὴ

352 1943 426 1988 μὴν
450 1944 504 1979 δέ.
644 1947 697 1980 18.
721 1943 847 1980 τοιοίδε
869 1942 973 1990 τινὰ]
998 1945 1084 1981 Cod.
1106 1944 1231 1979 τοιάδε
1254 1957 1300 1979 τι.

261 2035 297 2069 in
321 2041 535 2079 conspectum
558 2035 665 2076 venit,
695 2036 832 2070 militem
860 2040 961 2069 vocat
980 2036 1024 2070 ad
1046 2048 1102 2076 se,
1131 2036 1269 2070 Persam
1285 2035 1415 2080 quidem
1430 2044 1574 2078 genere,
1600 2031 1709 2068 virum

262 2080 459 2123 ceteroquin
498 2081 756 2124 magnanimum,
799 2093 963 2126 manuque
1001 2086 1186 2123 strenuum,
1230 2082 1361 2114 nomine
1398 2081 1586 2125 Pupacem,
1633 2078 1710 2111 huic

262 2125 447 2171 praecipit,
476 2130 514 2159 ut
530 2127 764 2170 progrediatur
778 2127 910 2171 longius
921 2155 931 2170 ‚
962 2128 1219 2172 speculeturque
1233 2125 1497 2170 diligentissime,
1530 2135 1604 2157 num
1620 2124 1710 2157 forte

263 2171 487 2204 adventantes
513 2171 645 2203 aliunde
669 2172 789 2205 Persas
817 2173 1033 2217 conspiceret.
1082 2173 1153 2206 abit
1167 2173 1243 2214 isse,
1271 2178 1307 2205 et
1322 2172 1441 2214 exiguo
1457 2174 1532 2214 post
1544 2173 1709 2213 tempore,

263 2216 352 2250 haud
370 2216 507 2260 amplius
522 2221 597 2249 octo
613 2226 651 2249 se
665 2217 788 2250 vidisse
803 2218 980 2252 renuntiat.
1026 2222 1095 2251 tum
1109 2229 1190 2252 vero
1207 2218 1379 2262 princeps,
1401 2214 1551 2259 reliquis,
1575 2220 1614 2247 ut
1628 2219 1709 2248 ante

264 2262 386 2295 dictum
417 2266 491 2301 est,
522 2261 556 2294 in
585 2261 713 2294 insidiis
743 2263 890 2303 relictis,
922 2275 993 2296 cum
1014 2265 1123 2298 fratre
1140 2268 1175 2297 et
1190 2262 1392 2302 domestico,
1423 2265 1709 2304 praemonstrante

263 2308 353 2341 viam
375 2307 528 2351 Pupam,
560 2311 684 2351 quanta
699 2307 808 2351 potuit
823 2308 995 2342 celeritate
1008 2309 1042 2342 in
1058 2320 1115 2343 eos
1131 2308 1310 2342 contendit.
1357 2311 1394 2340 at
1407 2306 1494 2339 iilius
1509 2304 1709 2349 consangui-

266 2352 338 2391 nei,
371 2352 459 2396 quod
486 2351 575 2384 nullo
603 2352 674 2384 loco
701 2352 806 2386 habiti
827 2353 891 2386 visi
914 2359 1043 2396 essent,
1074 2358 1169 2387 tanta
1184 2358 1380 2387 exarserunt
1394 2350 1639 2394 indignatione,
1669 2355 1709 2384 ut

266 2397 441 2432 horrendis
459 2397 672 2431 sacramentis
689 2408 743 2440 se,
769 2402 804 2430 et
817 2403 981 2442 quotquot
995 2400 1136 2433 aderant
1151 2409 1280 2440 omneS,
1306 2396 1587 2439 constringerent,
1604 2395 1721 2429 etiam'

267 2444 297 2477 si
318 2443 470 2484 iuberet,
502 2442 659 2487 deinceps
674 2453 740 2476 una
755 2454 827 2476 cum
843 2443 1041 2488 imperatore
1056 2457 1120 2478 non
1136 2457 1173 2478 se
1191 2443 1330 2488 amplius
1344 2448 1538 2477 certaturos,
1581 2440 1639 2474 iile
1654 2440 1707 2473 vi-

265 2500 320 2522 sos
346 2489 467 2521 Persas
494 2499 559 2521 non
583 2494 661 2521 ante
680 2492 732 2521 est
747 2488 904 2528 adortus,
934 2500 1029 2533 quam
1046 2489 1223 2523 coivissent
1238 2499 1373 2522 numero
1389 2486 1586 2520 octodecim.
1632 2496 1707 2519 cum

264 2534 367 2576 igitur
397 2534 498 2567 vellet
529 2533 737 2578 gestiretque
759 2533 833 2567 illos
856 2533 964 2567 statim
987 2534 1167 2575 invadere,
1198 2546 1239 2567 ne
1255 2545 1326 2567 cum
1343 2538 1455 2566 essent
1470 2531 1707 2576 expeditiores,

264 2579 346 2621 fuga
374 2590 412 2612 se
443 2580 675 2624 proriperent3
706 2590 768 2612 nec
790 2584 906 2623 posset
930 2590 1002 2612 cum
1021 2579 1060 2612 iis
1077 2580 1196 2614 collato
1237 2579 1298 2612 ede
1312 2577 1484 2623 praeliari,
1518 2576 1608 2621 quod
1634 2576 1707 2620 ipse

264 2625 374 2658 adhuc
389 2623 531 2657 distaret
546 2624 680 2668 procul,
704 2623 836 2658 tandem
850 2623 884 2658 id
900 2625 1162 2659 comminiscitur.
1242 2635 1367 2668 upacae
1382 2623 1544 2666 imperat,
1569 2627 1606 2654 ut
1621 2621 1708 2654 Per-

262 2670 309 2703 sis
324 2669 502 2703 accederet
516 2680 611 2714 quam
631 2669 778 2714 proxime
793 2695 802 2709 ‚
835 2674 870 2703 et
884 2669 978 2702 simul
994 2681 1034 2702 ac
1049 2670 1120 2703 ilios
1139 2675 1292 2703 cerneret
1309 2669 1484 2710 advenire,
1516 2667 1630 2710 fu‘gam
1651 2677 1708 2700 ar-

262 2715 408 2759 riperet,
439 2725 502 2748 nec
533 2714 722 2756 desisteret,
754 2714 859 2748 donec
888 2714 949 2748 sibi
979 2715 1226 2759 adiungeretur.
1274 2714 1428 2748 mandata
1452 2712 1508 2746 iiie
1533 2717 1708 2755 executus,

261 2759 416 2794 barbaris
445 2760 715 2804 insequentibus,
745 2760 900 2804 paulatim
932 2760 1054 2802 cessit,
1084 2771 1150 2794 non
1179 2766 1291 2794 tamen
1314 2760 1362 2793 ita
1383 2757 1563 2792 maturavit
1580 2758 1708 2800 fugam,

262 2810 300 2840 ut
314 2805 366 2840 sui
379 2804 565 2850 attingendi
579 2817 671 2851 spem
685 2805 894 2851 praeriperet
906 2805 1072 2840 hostibusz
1105 2817 1178 2840 cum
1193 2816 1275 2840 vero
1291 2804 1314 2839 ii
1329 2803 1456 2839 fraudis
1471 2802 1576 2838 nescii
1588 2805 1631 2837 ad
1644 2802 1726 2837 ini--
