1878 3262
629 193 1022 241 msTomARUm
1053 196 1102 240 L.
1134 196 1188 240 11.
1507 177 1510 179 ’
1573 197 1636 243 35

181 302 364 358 ἅπαίρειν
401 305 693 363 προύτρέπετο·
743 308 848 352 ἀλλὰ
886 310 998 368 παρὰ
1035 307 1165 361 πόδας
1202 309 1338 362 αὐτοῖς
1375 309 1398 354 ὅ
1429 308 1637 365 Ῥωμαίων

178 373 352 429 στρατὸς
375 373 557 417 ἐπελθὼν
581 376 780 433 ἐτρέψατό
804 395 846 420 τε
871 381 938 420 καὶ
962 377 1086 435 φόνον
1108 379 1241 422 αὐτῶν
1261 379 1386 422 πολὺν
1407 378 1633 436 εἷργάσατο,

165 443 244 482 ’καὶ
267 442 385 498 μέχρι
410 448 491 486 τῶν
507 444 746 499 Ἀντιοχείας
777 450 913 488 πυλιῦν
938 444 964 502 ἦ
991 449 1124 498 δίωξις
1148 449 1312 504 ἐγένετω
1371 446 1630 501 Ῥαὶμοῦνδος
1650 449 1683 484 D

177 511 244 551 καὶ
279 509 400 561 αὐτὸς
433 510 551 565 μόλις
583 513 678 563 τοὺς
710 515 923 568 πολεμίους
959 515 1129 572 διαδρὰς
1162 517 1304 567 νυκτὸς
1329 516 1392 558 ε’πὶ
1418 515 1490 571 τὴν
1516 514 1632 558 πόλιν

141 576 393 632 σεῖσήλασεν.
430 581 468 622 οἱ
491 581 564 635 μὲν
590 581 640 636 δὴ
667 582 772 639 ἀμφὶ
797 582 867 625 τὸν
890 583 1088 640 Προσούχ
1113 588 1240 626 ταῦτα
1260 583 1520 638 Ῥαιμοῦνδον
1545 587 1627 641 εἶρ-

169 648 361 701 γασμένοι
396 649 459 690 ε’πὶ
492 649 564 704 τὴν
598 651 776 692 Κιλίκων
813 650 1095 708 ἀνεχώρησαν,
1134 651 1371 708 Δημήτριος
1404 653 1448 694 δὲ
1473 653 1546 695 σὺν
1571 658 1630 711 τῷ

125 714 127 718 ’
170 713 302 772 στόλῳ
326 716 507 760 ε’πελθών
530 717 604 772 τὴν
623 720 822 775 περίοικον
843 721 911 762 καὶ
932 718 1126 777 θαλάσσῃ
1148 722 1303 776 γείτονα
1323 721 1508 774 ε’ληΐσατο
1519 753 1531 772 ,
1558 723 1626 763 καὶ

169 787 329 837 πλῆθος
365 783 593 842 ἀνθρώπων
625 787 972 843 ἠνδραποδίσατο,
1010 793 1123 843 ναῦςΙ
1145 806 1187 831 τε
1222 793 1302 831 τῶν
1336 788 1537 845 ἐγχωρίων
1571 787 1626 839 ὥς

167 855 355 902 πλείστας
379 853 491 910 παρὰ
515 853 588 909 τὴν
612 853 827 911 θαλάσσης
852 856 1159 911 ἀνειλκυσμένας
1181 856 1304 911 ἀκτὴν
1325 858 1420 913 πυρὶ
1442 855 1626 914 ἔφλεξεν·

114 930 159 965 10
170 918 233 962 ὅτε
261 920 311 975 δὴ
337 923 403 963 καὶ
429 920 450 963 ὃ
476 922 522 964 τὸ
545 922 737 978 δημόσιον
757 926 895 981 σφίσιν
918 923 1250 982 εἰσπραττόμενος
1270 923 1447 979 νόμισμα
1473 914 1624 979 αἰχμά-

165 991 294 1039 λωτος
325 987 537 1044 Ῥωμαίοις
571 992 733 1047 ἐγένετο.
794 991 1053 1046 Ῥαὶμοῦνδος
1086 995 1130 1036 δὲ
1162 994 1296 1048 ἐπειδὴ
1322 998 1449 1036 ταῦτα
1474 992 1618 1047 ἤκουσε
1642 997 1673 1033 Ρ
1696 999 1742 1035 20

164 1060 291 1114 θυμῷ
313 1057 474 1117 μεγάλῳ
499 1058 644 1111 sna-521,
683 1059 738 1110 ὥς
772 1061 846 1111 τὰς
864 1060 1090 1115 Ῥωμαϊκὰς
1114 1067 1212 1112 ναῦς
1238 1062 1515 1116 ἆποσχομένας
1538 1061 1616 1117 ἤδη
1640 1069 1673 1103 V
1700 1072 1743 1105 16

163 1129 236 1179 τῆς
263 1127 413 1182 χέρσου
450 1126 645 1180 κατενόει,
686 1128 891 1185 ἄπρακτος
920 1131 1072 1173 ε’κεῖθεν
1098 1129 1299 1187 ἀνεχώρει.
1362 1128 1551 1184 Ῥωμαῖοι
1578 1131 1622 1174 δὲ

160 1197 234 1248 τῆς
267 1192 482 1250 θαλάσσης
517 1196 564 1238 οὗ
602 1196 888 1255 συγχωρούσης
919 1198 1055 1249 αὐτοῖς
1079 1197 1248 1256 ἡμέραις
1274 1198 1370 1241 δέκα
1395 1198 1465 1240 τὸν
1484 1203 1622 1256 χῶρον

106 1270 150 1306 15
162 1261 307 1304 ἐκεῖνον
345 1263 719 1320 παραπλεύσαντες,
757 1267 892 1322 ἐπειδὴ
917 1269 1226 1324 λειψυδροῧντες
1249 1261 1375 1322 ἦσαν,
1414 1271 1465 1323 τῇ
1484 1267 1620 1325 χέρσῳ

157 1325 282 1380 αὖθις
307 1333 500 1388 αἰφνίδιοι
526 1335 852 1390 προσοκείλαντες
875 1334 970 1385 τούς
994 1353 1035 1378 τε
1061 1337 1275 1389 πολεμιόυς
1299 1335 1518 1391 ἐτρέψαντο
1549 1337 1617 1377 καὶ

157 1397 230 1440 δύο
255 1404 335 1441 τῶν
355 1401 699 1444 ἕπιθαλασσιδίων
719 1402 1042 1460 ἔκπορθῆσαντες
1065 1402 1241 1460 φρούρια
1261 1403 1369 1445 οἷ’νου
1383 1420 1424 1445 τε
1439 1401 1493 1453 ὥς
1506 1404 1616 1445 πλεί-

155 1482 253 1509 στου
288 1470 356 1510 καὶ
392 1471 591 1523 ποταμίου
627 1471 702 1520 τὰς
732 1476 832 1521 ναῦς
856 1470 1129 1526 ἐμπλήσαντες
1152 1471 1302 1521 ὕδατος
1325 1469 1550 1525 πνεύματός
1574 1488 1615 1514 τε

152 1534 348 1592 ἐπιφόρου
374 1536 559 1591 τυχόντες
583 1539 624 1588 ές
653 1537 820 1596 Κύπρον
845 1538 1097 1594 ἀνήχθησαν.
1131 1545 1260 1582 ταῦτα
1286 1539 1336 1594 δὴ
1360 1538 1616 1592 συμπεσόντα

97 1602 407 1658 ΞΟῬαὶζιιοῦνδον
431 1606 504 1660 τὴν
529 1607 570 1656 ἐς
595 1605 815 1659 Βυζάντιον
841 1610 1078 1651 στείλασθαι
1102 1607 1355 1663 ἠνάγκασαν·
1382 1608 1614 1665 ἀφικομένῳ

153 1674 196 1714 δὲ
222 1673 269 1714 οὗ
295 1672 487 1730 πρότερον
510 1675 702 1727 βασιλεὺς
725 1683 913 1732 προσχεῖν
938 1677 1080 1731 ἠξίωσε
1092 1707 1106 1727 ,
1137 1678 1230 1733 πρὶν
1256 1677 1296 1726 ές
1319 1675 1365 1718 τὸ
1391 1680 1464 1717 τοῦ
1486 1681 1608 1730 βασι-
1633 1681 1662 1715 Β

150 1740 251 1790 λέως
274 1743 340 1782 καὶ
366 1742 518 1797 πατρὸς
543 1743 670 1785 ἀπιὼν
693 1749 834 1797 μνῆμα
859 1746 1044 1786 ἐντεῦθεν
1069 1744 1119 1799 δὴ
1146 1744 1218 1800 τὴν
1241 1742 1502 1798 συμπάθειαν
1522 1745 1612 1787 ἔκο-

148 1809 296 1862 μίσατο
323 1811 390 1851 καὶ
417 1812 537 1861 λίζιον
563 1810 704 1852 λοιπὸν
728 1810 851 1854 αὑτὸν
875 1811 1106 1866 ἐποιήσατο.

237 1928 273 1963 9.
300 1924 604 1974 ἄνειλκυσμένας]
630 1928 717 1963 Cod.
743 1927 1015 1974 ἅνειλκομένας.

145 2040 319 2076 celerrime
337 2040 514 2076 excedant.
562 2045 598 2076 at
614 2042 888 2087 supervenientes
902 2054 922 2076 e
937 2041 1082 2086 vestigio
1100 2041 1240 2076 Romani
1258 2042 1416 2086 fugarunt
1430 2041 1606 2076 fuderunt-

144 2098 212 2131 que
226 2098 376 2131 magnam
397 2094 524 2133 partem
536 2115 546 2131 9
578 2088 618 2121 ad
643 2094 760 2133 portas
777 2100 883 2132 usque
900 2088 1095 2122 Antiochiae
1110 2088 1278 2132 fugientes
1294 2087 1474 2133 persecuti.
1519 2088 1606 2122 Rai-

144 2133 286 2167 mundus
301 2133 374 2178 ipse
389 2145 431 2166 ex
448 2133 590 2167 hostium
606 2134 754 2167 manibus
771 2145 873 2177 aegre
888 2134 1035 2178 dilapsus
1046 2162 1056 2174 ,
1088 2134 1131 2167 de
1155 2138 1254 2167 nocte
1280 2133 1311 2166 in
1335 2134 1505 2167 civitatem
1522 2145 1604 2178 per-

142 2179 248 2213 venit.
293 2190 333 2212 ea
363 2179 460 2212 clade
490 2180 615 2213 affecto
649 2179 860 2219 Raimundu,
900 2179 1064 2214 Prosuchi
1094 2179 1214 2213 milites
1245 2178 1394 2212 Ciliciam
1421 2179 1603 2224 repetiere.

142 2223 273 2258 interea
298 2225 487 2258 Demetrius
509 2236 583 2259 cum
611 2225 718 2258 classe
742 2225 942 2266 adveniens,
972 2225 1046 2259 loca
1061 2225 1225 2259 maritima
1243 2224 1412 2267 incursat,
1442 2235 1603 2269 oramque

141 2273 250 2303 totam
277 2270 519 2314 depopulatur,
551 2271 706 2315 captivos
730 2270 868 2304 abducit
889 2272 1096 2315 complures,
1127 2281 1298 2314 navesque
1313 2270 1404 2315 ipsas
1419 2270 1602 2304 incolarum

141 2326 261 2359 magno
288 2326 423 2349 numero
454 2316 490 2349 in
519 2316 632 2350 littore
663 2322 793 2350 stantes
819 2316 978 2349 incendit.
1023 2316 1082 2350 sed
1099 2321 1134 2350 et
1150 2316 1274 2361 publici
1289 2315 1376 2359 apud
1391 2315 1465 2349 illos
1482 2316 1602 2349 tributi

140 2365 279 2394 exactor
307 2361 339 2394 in
370 2365 571 2406 potestatem
602 2362 695 2395 venit
727 2363 962 2396 Romanorum.
1010 2362 1094 2395 haec
1124 2367 1300 2407 postquam
1316 2361 1358 2394 ad
1376 2361 1599 2394 Raimundum

140 2406 270 2452 perlata
299 2413 395 2443 sunt.
429 2418 554 2440 summo
586 2407 686 2440 animi
717 2407 857 2449 ardore,
884 2407 927 2440 ad
947 2406 1086 2440 classem
1103 2407 1254 2440 hostilem
1271 2406 1466 2449 contendit,
1500 2417 1599 2451 quam

139 2452 196 2485 ubi
212 2453 371 2495 cognovit
384 2452 448 2486 iani
462 2464 483 2485 a
498 2452 644 2486 statione
657 2458 805 2486 avectam
817 2480 827 2496 ‚
858 2453 958 2486 rebus
981 2452 1114 2486 infectis
1130 2452 1205 2485 inde
1221 2462 1395 2495 regressus
1412 2457 1474 2485 est.
1521 2452 1597 2485 Ro-

139 2494 224 2531 mani
247 2504 358 2531 nutem
370 2524 380 2539 ,
412 2498 555 2532 reflante
579 2503 680 2532 vento
694 2525 704 2542 ‚
735 2498 853 2532 diebus
870 2498 983 2532 decem
1000 2509 1199 2543 percurrere
1214 2509 1286 2530 eum
1304 2502 1446 2530 tractum
1461 2509 1470 2530 :
1503 2507 1597 2531 cum-

139 2554 204 2587 que
220 2554 377 2587 aquarum
394 2543 533 2590 penuria
548 2549 798 2588 premerentur,
823 2555 950 2577 rursum
969 2556 1010 2577 ex
1025 2544 1195 2587 insperato
1212 2542 1396 2587 applicatos
1411 2542 1452 2575 ad
1468 2547 1593 2577 terram

138 2587 252 2622 hostes
279 2589 312 2622 in
344 2589 455 2632 fugam
487 2589 669 2629 dederunt,
703 2589 908 2635 direptisque
929 2589 1098 2622 maritimis
1121 2588 1251 2621 duobus
1274 2587 1444 2635 castellis,
1473 2599 1594 2632 magna

138 2632 230 2675 vini,
260 2640 296 2667 et
312 2634 456 2667 fluvialis
471 2646 579 2679 aquae
595 2635 691 2680 copia
707 2634 850 2680 impletis
866 2635 1008 2668 navibus
1021 2661 1030 2676 ‚
1061 2639 1197 2667 ventum
1213 2633 1302 2666 nacti
1318 2633 1496 2668 secundum
1508 2658 1518 2674 ‚
1550 2633 1594 2667 ad

139 2677 289 2723 Cyprum
317 2679 457 2713 insulam
487 2680 656 2726 appulere.
703 2691 789 2724 quae
810 2680 855 2714 ibi
876 2686 975 2724 gesta
986 2684 1063 2713 sunt
1079 2679 1300 2712 Raimundum
1317 2680 1503 2721 coe‘gerunt
1519 2678 1593 2723 By-

137 2723 282 2757 zantium
312 2724 490 2768 proficisci.
536 2725 767 2759 advenientem
791 2737 872 2759 vero
892 2726 934 2758 ad
949 2724 1149 2769 colloquium
1167 2725 1344 2758 admittere
1358 2724 1468 2757 renuit
1483 2724 1591 2769 impe-

135 2773 250 2810 rator,
280 2777 455 2814 autequam
487 2770 531 2804 ad
560 2771 710 2816 parentis
739 2771 950 2816 imperatoris
980 2776 1247 2815 monumentum,
1276 2769 1375 2804 venia
1395 2769 1589 2815 impetrata,

134 2813 199 2847 sibi
213 2813 247 2846 in
266 2820 436 2859 posterum
449 2816 549 2850 fidem
566 2822 602 2851 et
615 2816 802 2852 clientelam
816 2817 991 2863 professus
1006 2820 1109 2852 esset.
