1878 3262
222 176 316 223 134
697 175 922 219 IOANNIS
957 175 1184 220 CINNAMI
1231 219 1234 222 .

218 289 528 344 τουςῬωμαίων
548 287 770 333 ἀποδώσειν
796 287 939 329 αὐτίκα
959 285 1143 343 ἐπήγγελε
1170 291 1238 331 καὶ
1258 289 1450 336 εἷσέπειτα
1474 290 1518 334 δὲ
1536 289 1668 334 πάντα

220 361 330 417 αὐτῷ
346 354 606 413 ὑπηρετήσειν
616 388 629 407 ,
666 355 815 412 ὅσαπερ
840 354 889 397 ἂν
903 356 1135 414 βουλομένῳ
1156 355 1280 400 ἔσται.
1347 359 1537 412 βασιλεὺς
1557 360 1600 401 δὲ
1616 359 1668 400 τὰ

219 428 291 481 μὲν
323 429 463 481 πρῶτα
487 422 715 466 ἄνανεύοντι
739 427 912 480 ἰσχυρῶς
938 422 1048 480 ἐῴκει
1077 426 1143 466 καὶ
1163 425 1258 474 τοὺς
1277 427 1365 481 περὶ
1384 425 1540 483 εἰρήνης
1565 427 1668 469 ἄπο,-

220 493 545 551 προσποιουμένῳ
570 491 713 547 λόγους
721 524 733 543 ,
778 492 910 534 ἔπειτα
935 490 1163 548 προσήκατό
1193 510 1234 535 τε
1262 494 1471 548 δεομένους
1498 497 1565 536 καὶ
1596 495 1668 550 τὴν

222 562 436 618 πρεσβείαν
455 562 517 605 ἐπὶ
533 567 616 610 τοῖς
642 561 858 617 εἰρημένοις
876 560 1072 616 ἓπὲρανεν.
1139 559 1328 615 ’ἤχθησαν
1348 555 1418 602 οὖν
1439 562 1480 603 ἓν
1501 561 1703 620 τῷῬω-5

219 631 352 684 μαίων
369 629 624 686 στρατοπέδῳ
635 630 675 670 οἵ
684 646 724 670 τε
746 627 997 684 ὁόρυάλωται
1012 626 1123 684 μάχῃ
1142 633 1192 685 τῇ
1210 630 1516 686 προηγησαμένῃ
1535 630 1672 673 καθά-

106 714 131 746 p
154 714 199 748 77
224 715 295 754 περ
329 697 481 754 εἴρηται
511 697 776 752 γεγενημένοι,
813 697 879 738 καὶ
908 695 1013 737 ὅπλα
1041 698 1108 738 καὶ
1129 698 1246 739 ἵπποι
1269 699 1336 739 καὶ
1363 698 1458 740 εἶ’τί
1476 715 1553 739 που
1572 697 1672 741 ἄλλο

221 766 395 819 πολέμου
413 763 596 821 λάφυρον
615 759 676 819 ἦν.
741 766 874 806 ἵππων
891 765 1026 818 μέντοι
1052 766 1119 807 καὶ
1135 758 1357 821 ὗποζὺγίων
1377 770 1458 808 τῶν
1474 764 1674 811 πεσόντων

222 834 346 886 ζωοὺς
366 834 408 875 ἐκ
434 836 513 875 τῶν
531 839 613 883 τοῖς
643 831 811 882 Οῧννοις
840 833 1147 886 ἀντεκομίσαντο
1169 832 1441 887 αὐτοχθόνων.
1511 833 1616 876 οὕτω
1633 851 1675 877 τε

221 902 290 945 τὸν
307 899 480 955 πόλεμον
499 899 690 950 λύσαντες
707 901 772 942 ἐπ’
795 899 901 942 οἶκον
922 901 1257 955 ἀνεκομίσθησαν.
1325 904 1392 944 καὶ
1416 902 1461 944 τὸ
1491 903 1675 946 ἐντεῦθεν
1687 912 1732 946 10

221 969 274 1012 τὰ
292 973 372 1012 τῶν
386 970 588 1013 Ἰταλικῶν
606 970 789 1022 πολέμων
819 969 947 1025 ἀρχὴν
972 968 1021 1023 ἢν
1053 969 1131 1023 ἤδη
1155 968 1471 1029 ε’φηνιὲσχήκοτα
1488 970 1677 1028 λαμπρό-

222 1055 337 1094 τερον
358 1036 450 1094 ἄρτι
468 1041 666 1080 κινεῖσθαι
686 1037 849 1096 ἤρξατο.
902 1037 1076 1092 λέγωμεν
1100 1038 1143 1079 δὲ
1163 1037 1432 1092 ἀναλαβόντες
1449 1037 1608 1096 μικρόν.

224 1189 347 1224 stribus
358 1216 368 1232 ‚
393 1189 549 1235 captivos
565 1190 737 1225 Romanos
752 1190 907 1224 continuo
923 1200 961 1224 se
983 1190 1189 1224 redditurum
1199 1217 1210 1231 .‚
1233 1190 1371 1237 insuper
1384 1192 1482 1226 etiam
1498 1202 1679 1237 quaecum-

225 1247 292 1281 que
314 1236 516 1281 imperaret,
553 1237 844 1281 suppeditaturum
863 1236 1030 1281 pollicitus
1054 1241 1116 1270 est.
1174 1242 1211 1270 at
1234 1238 1390 1283 princeps
1413 1238 1476 1272 etsi
1499 1238 1605 1283 primo
1621 1249 1680 1271 re-

206 1302 214 1309 ·
224 1281 341 1315 nuenti
364 1281 477 1314 similis
503 1282 609 1314 verba
623 1292 862 1326 sermonesque
887 1281 930 1314 de
945 1292 1031 1325 pace
1046 1281 1236 1324 reiecisset,
1257 1283 1389 1317 admisit
1403 1283 1536 1316 tandem
1551 1283 1682 1328 suppli-

226 1337 282 1361 ces
300 1331 335 1360 et
350 1338 423 1360 cum
448 1326 569 1370 legatis
593 1327 627 1360 in
643 1338 744 1371 supra
761 1327 869 1360 dictas
885 1326 1096 1360 conditiones
1112 1328 1288 1361 concessit.
1335 1328 1471 1362 adducti
1486 1328 1588 1372 igitur
1604 1331 1682 1363 sunt

223 1371 259 1405 in
276 1376 389 1405 castra
406 1373 558 1405 Romana
574 1372 633 1416 qui
653 1373 824 1417 superiore
836 1397 846 1414 ‚
869 1376 908 1405 ut
921 1372 1174 1407 memoravimus
1187 1398 1197 1414 ‚
1220 1373 1349 1418 praelio
1366 1374 1456 1419 capti
1470 1374 1622 1416 fuerant,
1645 1377 1681 1410 et

223 1428 315 1451 arma
334 1421 369 1450 et
383 1418 461 1462 equi
477 1424 510 1451 et
534 1423 649 1451 cetera
664 1418 746 1451 belli
763 1417 895 1463 praeda.
944 1417 987 1451 ad
1002 1418 1087 1451 haec
1101 1430 1164 1462 pro
1181 1419 1334 1452 iumentis
1351 1419 1511 1464 equisque
1527 1419 1584 1464 qui
1600 1430 1682 1464 per-

222 1462 333 1496 ierant
357 1463 428 1497 vivi
453 1468 488 1496 et
512 1463 546 1496 in
569 1463 643 1507 ipsa
666 1463 845 1507 Hungaria
859 1462 966 1506 geniti
990 1463 1068 1507 equi
1084 1469 1162 1498 sunt
1177 1465 1336 1499 restituti.
1383 1466 1433 1498 ita
1457 1465 1566 1499 soluto
1591 1465 1681 1499 bello

223 1507 357 1541 domum
373 1508 516 1542 rediere.
563 1509 710 1542 Italicum
733 1509 812 1542 inde
839 1509 960 1541 bellum
982 1508 1171 1543 inchoatum
1189 1510 1253 1544 iam
1268 1517 1348 1544 ante
1370 1510 1550 1544 maioribus
1565 1510 1683 1544 animis

223 1554 297 1597 geri
310 1553 435 1598 coepit.
481 1554 517 1587 id
542 1557 652 1588 autem
668 1565 729 1588 nos
750 1553 919 1602 paululum
942 1553 1096 1605 repetitis
1110 1557 1213 1591 rebus
1235 1567 1420 1590 memorare
1434 1555 1683 1601 aggrediamur,

577 1847 1184 1906 BIBAION
1255 1845 1329 1903 A.

103 1975 135 2069 Ξ
158 1977 204 2071 ἐξ
235 1983 275 2027 1·
345 1965 615 2064 Φξδὸἕρῖκος
644 1994 665 2037 ὅ
694 1995 915 2055 Κορράὸου
941 2002 1014 2040 τοῦ
1031 1998 1268 2052 Ἀλαμανῶν
1297 1995 1493 2053 ἄρξαντος
1514 1996 1682 2053 ἀδελφι-

230 2063 349 2113 ὁοῢς,
395 2064 516 2119 οὗπερ
551 2064 696 2114 ἱκανῶς
735 2066 775 2107 ἓν
811 2073 895 2115 τοῖς
925 2065 1154 2123 ἔμπροσθεν
1185 2063 1499 2119 ἐπεμνήσθημεν
1535 2063 1681 2120 λόγοις,

226 2127 446 2186 Κορράὸου
464 2130 509 2171 τὸ
525 2131 657 2187 χρεών
677 2132 982 2188 ἅναπλήσαντος
1001 2134 1123 2184 αὐτὸς
1141 2133 1212 2188 τὴν
1232 2133 1359 2190 ἀρχὴν
1377 2133 1501 2187 ἴσχεν.
1565 2127 1682 2182 οὗτος
1696 2145 1737 2180 15

228 2196 361 2252 ἐπειδή
388 2214 482 2239 ποτε
513 2196 631 2253 λόγον
659 2200 852 2255 εὐγενείας
884 2203 973 2258 πέρι
1000 2200 1235 2255 ποιούμενος
1265 2196 1334 2256 (ἦν
1363 2201 1439 2256 γὰρ
1462 2200 1572 2257 αὐτῷ
1593 2203 1684 2257 περὶ

226 2266 412 2308 πλείστου
444 2268 598 2321 γυναικὶ
630 2267 901 2322 ξυνοικήσοντι
931 2270 1004 2325 τὴν
1030 2271 1166 2326 εὐγενῆ
1182 2268 1360 2324 μάλιστα
1378 2269 1421 2310 ἐκ
1439 2272 1580 2310 πασῶν
1598 2266 1683 2310 ἕλε’-

319 2371 374 2408 15.
397 2369 440 2407 τὸ
464 2370 607 2418 χρεῶν]
634 2373 687 2408 Ita
709 2374 855 2410 Tollius.
889 2376 977 2410 Cod.
993 2377 1045 2424 τῷ
1067 2374 1195 2422 χρεών.

637 2510 1078 2567 LIBER
1167 2511 1280 2567 lV.›

235 2653 266 2687 1·
311 2628 540 2697 Fredericus
565 2665 713 2699 Com-adi
737 2665 991 2701 Alemannorum
1014 2667 1174 2712 principis
1191 2677 1234 2700 ex
1249 2667 1357 2701 fratre
1382 2676 1499 2711 nepos,
1532 2665 1625 2700 cuius
1650 2666 1685 2701 in

232 2707 462 2750 superioribus
486 2709 579 2743 libris
605 2712 738 2745 abunde
761 2712 983 2755 meminimus,
1017 2717 1149 2746 mortuo
1175 2711 1332 2746 Conrado
1350 2711 1568 2756 principatum
1592 2712 1684 2746 obti-

232 2751 316 2785 nuit.
363 2754 417 2788 hic
441 2766 515 2788 cum
541 2755 718 2799 aliquando
745 2768 929 2791 sermonem
954 2758 1084 2791 faceret
1109 2757 1152 2790 de
1175 2757 1351 2791 nobilitate
1375 2758 1519 2802 (quippe
1546 2769 1619 2791 cum
1643 2757 1686 2791 de

231 2807 338 2833 uxore
360 2800 512 2835 ducenda
527 2801 714 2845 cogitaret,
736 2803 877 2838 omnium
902 2802 1138 2837 nobilissimam
1160 2802 1309 2847 deligere
1334 2802 1575 2847 constituerat)
1591 2802 1686 2838 audi-
