<?xml version="1.0" encoding="UTF-8"?>
<!DOCTYPE html PUBLIC "-//W3C//DTD XHTML 1.0 Transitional//EN"
    "http://www.w3.org/TR/xhtml1/DTD/xhtml1-transitional.dtd">
<html xmlns="http://www.w3.org/1999/xhtml" xml:lang="en" lang="en">
 <head>
  <title>
</title>
<meta http-equiv="Content-Type" content="text/html;charset=utf-8" />
  <meta name='ocr-system' content='tesseract 3.04.00' />
  <meta name='ocr-capabilities' content='ocr_page ocr_carea ocr_par ocr_line ocrx_word'/>
</head>
<body>
  <div class='ocr_page' id='page_1' title='image "./corpusscriptorum26niebuoft_0172.png"; bbox 0 0 1878 3262; ppageno 0'>
   <div class='ocr_carea' id='block_1_1' title="bbox 250 171 1208 243">
    <p class='ocr_par' dir='ltr' id='par_1_1' title="bbox 250 171 1208 243">
     <span class='ocr_line' id='line_1_1' title="bbox 250 171 1208 243; baseline -0.006 0"><span class='ocrx_word' id='word_1_1' title='bbox 250 197 343 243; x_wconf 86' lang='lat'><strong>140</strong></span> <span class='ocrx_word' id='word_1_2' title='bbox 504 171 508 174; x_wconf 68' lang='grc'><strong>’</strong></span> <span class='ocrx_word' id='word_1_3' title='bbox 722 193 946 236; x_wconf 75' lang='lat' dir='ltr'><strong>mANle</strong></span> <span class='ocrx_word' id='word_1_4' title='bbox 980 193 1208 238; x_wconf 78' lang='lat' dir='ltr'><strong>CINNAMI</strong></span> 
     </span>
    </p>
   </div>
   <div class='ocr_carea' id='block_1_2' title="bbox 119 304 1776 1983">
    <p class='ocr_par' dir='ltr' id='par_1_2' title="bbox 243 304 1697 504">
     <span class='ocr_line' id='line_1_2' title="bbox 244 304 1697 368; baseline -0.001 -15"><span class='ocrx_word' id='word_1_5' title='bbox 244 315 333 362; x_wconf 94' lang='grc' dir='ltr'><em>λοι,</em></span> <span class='ocrx_word' id='word_1_6' title='bbox 369 307 439 358; x_wconf 70' lang='grc' dir='ltr'><em>οὓς</em></span> <span class='ocrx_word' id='word_1_7' title='bbox 468 307 541 349; x_wconf 85' lang='grc' dir='ltr'><strong>οὖκ</strong></span> <span class='ocrx_word' id='word_1_8' title='bbox 573 306 714 365; x_wconf 70' lang='grc' dir='ltr'><em>ἤρεσκε</em></span> <span class='ocrx_word' id='word_1_9' title='bbox 738 304 922 361; x_wconf 84' lang='grc' dir='ltr'><em>δηλονότι</em></span> <span class='ocrx_word' id='word_1_10' title='bbox 949 306 1001 349; x_wconf 80' lang='grc' dir='ltr'><strong>τὰ</strong></span> <span class='ocrx_word' id='word_1_11' title='bbox 1029 304 1282 364; x_wconf 85' lang='grc' dir='ltr'><em>πραττόμενα</em></span> <span class='ocrx_word' id='word_1_12' title='bbox 1291 339 1305 360; x_wconf 88' lang='grc'><em>,</em></span> <span class='ocrx_word' id='word_1_13' title='bbox 1350 306 1489 368; x_wconf 79' lang='grc' dir='ltr'><em>δρόμῳ</em></span> <span class='ocrx_word' id='word_1_14' title='bbox 1525 308 1590 351; x_wconf 71' lang='grc' dir='ltr'><strong>ἐπὶ</strong></span> <span class='ocrx_word' id='word_1_15' title='bbox 1624 309 1697 365; x_wconf 78' lang='grc' dir='ltr'><strong>τὴν</strong></span> 
     </span>
     <span class='ocr_line' id='line_1_3' title="bbox 243 372 1697 435; baseline 0 -15"><span class='ocrx_word' id='word_1_16' title='bbox 243 376 459 434; x_wconf 74' lang='grc' dir='ltr'><em>ἀκρόπολιν</em></span> <span class='ocrx_word' id='word_1_17' title='bbox 481 372 681 432; x_wconf 76' lang='grc' dir='ltr'><em>ἐχώρουν,</em></span> <span class='ocrx_word' id='word_1_18' title='bbox 709 373 819 425; x_wconf 71' lang='grc' dir='ltr'><em>ἐντός</em></span> <span class='ocrx_word' id='word_1_19' title='bbox 835 392 876 418; x_wconf 88' lang='grc' dir='ltr'><strong>τε</strong></span> <span class='ocrx_word' id='word_1_20' title='bbox 894 374 972 430; x_wconf 72' lang='grc' dir='ltr'><strong>ἤδη</strong></span> <span class='ocrx_word' id='word_1_21' title='bbox 988 376 1147 430; x_wconf 75' lang='grc' dir='ltr'><em>τειχέων</em></span> <span class='ocrx_word' id='word_1_22' title='bbox 1166 374 1367 431; x_wconf 78' lang='grc' dir='ltr'><em>γεγονότες</em></span> <span class='ocrx_word' id='word_1_23' title='bbox 1383 380 1473 435; x_wconf 85' lang='grc' dir='ltr'><em>περὶ</em></span> <span class='ocrx_word' id='word_1_24' title='bbox 1493 382 1573 420; x_wconf 79' lang='grc' dir='ltr'><strong>τῶν</strong></span> <span class='ocrx_word' id='word_1_25' title='bbox 1594 376 1697 420; x_wconf 78' lang='grc' dir='ltr'><em>ὅλων</em></span> 
     </span>
     <span class='ocr_line' id='line_1_4' title="bbox 243 438 1696 504; baseline 0 -16"><span class='ocrx_word' id='word_1_26' title='bbox 243 444 451 500; x_wconf 72' lang='grc' dir='ltr'><em>ἐμάχοντο.</em></span> <span class='ocrx_word' id='word_1_27' title='bbox 518 438 568 498; x_wconf 74' lang='grc' dir='ltr'><em>ἧν</em></span> <span class='ocrx_word' id='word_1_28' title='bbox 587 461 629 486; x_wconf 89' lang='grc' dir='ltr'><strong>τε</strong></span> <span class='ocrx_word' id='word_1_29' title='bbox 650 448 816 500; x_wconf 80' lang='grc' dir='ltr'><em>πρᾶγμα</em></span> <span class='ocrx_word' id='word_1_30' title='bbox 842 447 995 485; x_wconf 86' lang='grc' dir='ltr'><em>πολλοῦ</em></span> <span class='ocrx_word' id='word_1_31' title='bbox 1015 461 1057 499; x_wconf 86' lang='grc' dir='ltr'><strong>γε</strong></span> <span class='ocrx_word' id='word_1_32' title='bbox 1077 443 1201 494; x_wconf 72' lang='grc' dir='ltr'><em>ὄντως</em></span> <span class='ocrx_word' id='word_1_33' title='bbox 1221 442 1436 498; x_wconf 74' lang='grc' dir='ltr'><em>θαύματος</em></span> <span class='ocrx_word' id='word_1_34' title='bbox 1455 445 1565 496; x_wconf 69' lang='grc' dir='ltr'><em>ἄξιον</em></span> <span class='ocrx_word' id='word_1_35' title='bbox 1584 444 1696 504; x_wconf 81' lang='grc' dir='ltr'><em>ὁρᾶν,</em></span> 
     </span>
    </p>

    <p class='ocr_par' dir='ltr' id='par_1_3' title="bbox 191 510 1776 1049">
     <span class='ocr_line' id='line_1_5' title="bbox 191 510 1696 570; baseline 0.001 -15"><span class='ocrx_word' id='word_1_36' title='bbox 191 528 224 563; x_wconf 84' lang='lat'><strong>1)</strong></span> <span class='ocrx_word' id='word_1_37' title='bbox 247 512 341 562; x_wconf 77' lang='grc' dir='ltr'><em>τοὺς</em></span> <span class='ocrx_word' id='word_1_38' title='bbox 364 511 528 567; x_wconf 61' lang='grc' dir='ltr'><em>ἔναγχος</em></span> <span class='ocrx_word' id='word_1_39' title='bbox 546 513 613 554; x_wconf 86' lang='grc' dir='ltr'><em>καὶ</em></span> <span class='ocrx_word' id='word_1_40' title='bbox 634 510 752 568; x_wconf 80' lang='grc' dir='ltr'><em>φύσει</em></span> <span class='ocrx_word' id='word_1_41' title='bbox 773 514 840 554; x_wconf 84' lang='grc' dir='ltr'><em>καὶ</em></span> <span class='ocrx_word' id='word_1_42' title='bbox 856 510 1034 568; x_wconf 80' lang='grc' dir='ltr'><em>γνώμαις</em></span> <span class='ocrx_word' id='word_1_43' title='bbox 1049 513 1345 567; x_wconf 79' lang='grc' dir='ltr'><em>συμβαίνοντας</em></span> <span class='ocrx_word' id='word_1_44' title='bbox 1366 511 1540 570; x_wconf 80' lang='grc' dir='ltr'><em>σήμερον</em></span> <span class='ocrx_word' id='word_1_45' title='bbox 1563 513 1696 570; x_wconf 78' lang='grc' dir='ltr'><em>ὥσπερ</em></span> 
     </span>
     <span class='ocr_line' id='line_1_6' title="bbox 241 581 1730 638; baseline 0.001 -15"><span class='ocrx_word' id='word_1_46' title='bbox 241 582 307 623; x_wconf 76' lang='grc' dir='ltr'><strong>ἐπὶ</strong></span> <span class='ocrx_word' id='word_1_47' title='bbox 335 582 558 634; x_wconf 76' lang='grc' dir='ltr'><em>τειχίσματι</em></span> <span class='ocrx_word' id='word_1_48' title='bbox 580 584 638 638; x_wconf 76' lang='grc' dir='ltr'><strong>τῷ</strong></span> <span class='ocrx_word' id='word_1_49' title='bbox 660 584 802 638; x_wconf 74' lang='grc' dir='ltr'><em>χρυσῷ</em></span> <span class='ocrx_word' id='word_1_50' title='bbox 819 582 1110 638; x_wconf 75' lang='grc' dir='ltr'><em>διειργμένους,</em></span> <span class='ocrx_word' id='word_1_51' title='bbox 1146 581 1278 638; x_wconf 75' lang='grc' dir='ltr'><em>ἐχθρὰ</em></span> <span class='ocrx_word' id='word_1_52' title='bbox 1305 586 1552 638; x_wconf 78' lang='grc' dir='ltr'><em>φρονοῦντας</em></span> <span class='ocrx_word' id='word_1_53' title='bbox 1571 581 1730 638; x_wconf 73' lang='grc' dir='ltr'><em>ἄλλη-5</em></span> 
     </span>
     <span class='ocr_line' id='line_1_7' title="bbox 241 644 1697 707; baseline 0.001 -16"><span class='ocrx_word' id='word_1_54' title='bbox 241 654 328 698; x_wconf 86' lang='grc' dir='ltr'><em>λοις</em></span> <span class='ocrx_word' id='word_1_55' title='bbox 360 650 429 691; x_wconf 86' lang='grc' dir='ltr'><em>καὶ</em></span> <span class='ocrx_word' id='word_1_56' title='bbox 458 647 713 704; x_wconf 73' lang='grc' dir='ltr'><em>διεστηκότας</em></span> <span class='ocrx_word' id='word_1_57' title='bbox 737 649 816 704; x_wconf 70' lang='grc' dir='ltr'><strong>ἤδη</strong></span> <span class='ocrx_word' id='word_1_58' title='bbox 841 656 924 699; x_wconf 76' lang='grc' dir='ltr'><em>τοῖς</em></span> <span class='ocrx_word' id='word_1_59' title='bbox 941 650 1081 707; x_wconf 65' lang='grc' dir='ltr'><em>ἔργοις.</em></span> <span class='ocrx_word' id='word_1_60' title='bbox 1152 654 1282 692; x_wconf 86' lang='grc' dir='ltr'><em>ταῦτα</em></span> <span class='ocrx_word' id='word_1_61' title='bbox 1307 650 1381 704; x_wconf 75' lang='grc' dir='ltr'><em>μὲν</em></span> <span class='ocrx_word' id='word_1_62' title='bbox 1401 644 1471 692; x_wconf 76' lang='grc' dir='ltr'><em>οὖν</em></span> <span class='ocrx_word' id='word_1_63' title='bbox 1490 652 1584 707; x_wconf 83' lang='grc' dir='ltr'><em>τῇδε</em></span> <span class='ocrx_word' id='word_1_64' title='bbox 1602 651 1697 707; x_wconf 74' lang='grc' dir='ltr'><em>ἐφέ-</em></span> 
     </span>
     <span class='ocr_line' id='line_1_8' title="bbox 243 711 1699 775; baseline 0.001 -16"><span class='ocrx_word' id='word_1_65' title='bbox 243 733 347 774; x_wconf 84' lang='grc' dir='ltr'><em>ρετο.</em></span> <span class='ocrx_word' id='word_1_66' title='bbox 413 711 464 772; x_wconf 65' lang='grc' dir='ltr'><strong>’ἦν</strong></span> <span class='ocrx_word' id='word_1_67' title='bbox 497 717 543 759; x_wconf 71' lang='grc' dir='ltr'><strong>δέ</strong></span> <span class='ocrx_word' id='word_1_68' title='bbox 564 734 603 759; x_wconf 95' lang='grc' dir='ltr'><strong>τι</strong></span> <span class='ocrx_word' id='word_1_69' title='bbox 635 716 828 774; x_wconf 82' lang='grc' dir='ltr'><em>φρούριον</em></span> <span class='ocrx_word' id='word_1_70' title='bbox 858 718 936 760; x_wconf 74' lang='grc' dir='ltr'><em>ἀνὰ</em></span> <span class='ocrx_word' id='word_1_71' title='bbox 966 718 1038 773; x_wconf 83' lang='grc' dir='ltr'><strong>τὴν</strong></span> <span class='ocrx_word' id='word_1_72' title='bbox 1068 715 1182 760; x_wconf 88' lang='grc' dir='ltr'><em>πόλιν</em></span> <span class='ocrx_word' id='word_1_73' title='bbox 1213 719 1370 775; x_wconf 74' lang='grc' dir='ltr'><em>ἕτερον,</em></span> <span class='ocrx_word' id='word_1_74' title='bbox 1411 718 1481 775; x_wconf 72' lang='grc' dir='ltr'><strong>ἐφ’</strong></span> <span class='ocrx_word' id='word_1_75' title='bbox 1505 712 1553 760; x_wconf 72' lang='grc' dir='ltr'><strong>οὗ</strong></span> <span class='ocrx_word' id='word_1_76' title='bbox 1570 722 1699 762; x_wconf 89' lang='grc' dir='ltr'><em>Νικο-</em></span> 
     </span>
     <span class='ocr_line' id='line_1_9' title="bbox 242 783 1699 844; baseline 0.001 -17"><span class='ocrx_word' id='word_1_77' title='bbox 242 783 344 827; x_wconf 78' lang='grc' dir='ltr'><em>λάου</em></span> <span class='ocrx_word' id='word_1_78' title='bbox 363 789 437 828; x_wconf 88' lang='grc' dir='ltr'><strong>τοῦ</strong></span> <span class='ocrx_word' id='word_1_79' title='bbox 464 786 505 828; x_wconf 74' lang='grc' dir='ltr'><em>ἓν</em></span> <span class='ocrx_word' id='word_1_80' title='bbox 533 784 659 841; x_wconf 76' lang='grc' dir='ltr'><em>ἁγίοις</em></span> <span class='ocrx_word' id='word_1_81' title='bbox 684 788 826 843; x_wconf 72' lang='grc' dir='ltr'><em>ἵδρυτο</em></span> <span class='ocrx_word' id='word_1_82' title='bbox 853 785 971 839; x_wconf 80' lang='grc' dir='ltr'><em>νεώς,</em></span> <span class='ocrx_word' id='word_1_83' title='bbox 1007 785 1030 827; x_wconf 79' lang='grc' dir='ltr'>ὃ</span> <span class='ocrx_word' id='word_1_84' title='bbox 1062 788 1129 828; x_wconf 85' lang='grc' dir='ltr'><em>καὶ</em></span> <span class='ocrx_word' id='word_1_85' title='bbox 1150 786 1248 829; x_wconf 74' lang='grc' dir='ltr'><em>αὐτὸ</em></span> <span class='ocrx_word' id='word_1_86' title='bbox 1269 788 1410 837; x_wconf 75' lang='grc' dir='ltr'><em>ἐξελεῖν</em></span> <span class='ocrx_word' id='word_1_87' title='bbox 1431 785 1452 828; x_wconf 82' lang='grc' dir='ltr'><strong><em>ὃ</em></strong></span> <span class='ocrx_word' id='word_1_88' title='bbox 1478 786 1699 844; x_wconf 83' lang='grc' dir='ltr'><em>στρατηγὸς</em></span> 
     </span>
     <span class='ocr_line' id='line_1_10' title="bbox 243 846 1700 912; baseline 0.001 -17"><span class='ocrx_word' id='word_1_89' title='bbox 243 855 472 908; x_wconf 79' lang='grc' dir='ltr'><em>διανοηθεὶς</em></span> <span class='ocrx_word' id='word_1_90' title='bbox 501 853 635 896; x_wconf 81' lang='grc' dir='ltr'><em>τοιάδε</em></span> <span class='ocrx_word' id='word_1_91' title='bbox 667 855 756 897; x_wconf 76' lang='grc' dir='ltr'><em>τινὰ</em></span> <span class='ocrx_word' id='word_1_92' title='bbox 776 856 910 898; x_wconf 67' lang='grc' dir='ltr'><em>ἐποίει.</em></span> <span class='ocrx_word' id='word_1_93' title='bbox 981 846 1133 912; x_wconf 76' lang='grc' dir='ltr'><em>ἄνδρας</em></span> <span class='ocrx_word' id='word_1_94' title='bbox 1160 856 1535 912; x_wconf 75' lang='grc' dir='ltr'><em>τεθωρακισμένους</em></span> <span class='ocrx_word' id='word_1_95' title='bbox 1552 856 1700 909; x_wconf 80' lang='grc' dir='ltr'><em>μέλασι</em></span> 
     </span>
     <span class='ocr_line' id='line_1_11' title="bbox 241 922 1776 980; baseline 0.002 -17"><span class='ocrx_word' id='word_1_96' title='bbox 241 923 491 978; x_wconf 78' lang='grc' dir='ltr'><em>περιστείλας</em></span> <span class='ocrx_word' id='word_1_97' title='bbox 520 922 687 980; x_wconf 77' lang='grc' dir='ltr'><em>ἀμφίοις</em></span> <span class='ocrx_word' id='word_1_98' title='bbox 715 923 887 966; x_wconf 74' lang='grc' dir='ltr'><em>ἐκέλευεν</em></span> <span class='ocrx_word' id='word_1_99' title='bbox 915 923 1188 980; x_wconf 83' lang='grc' dir='ltr'><em>ὃρθρίσαντας</em></span> <span class='ocrx_word' id='word_1_100' title='bbox 1220 925 1284 965; x_wconf 67' lang='grc' dir='ltr'><strong>ἐπὶ</strong></span> <span class='ocrx_word' id='word_1_101' title='bbox 1323 923 1391 966; x_wconf 85' lang='grc' dir='ltr'><strong>τὸν</strong></span> <span class='ocrx_word' id='word_1_102' title='bbox 1423 923 1521 966; x_wconf 75' lang='grc' dir='ltr'><em>νεῶν</em></span> <span class='ocrx_word' id='word_1_103' title='bbox 1552 925 1698 975; x_wconf 72' lang='grc' dir='ltr'><em>ἐλθεῖν,</em></span> <span class='ocrx_word' id='word_1_104' title='bbox 1713 924 1776 967; x_wconf 60' lang='grc' dir='ltr'><strong>10Υ</strong></span> 
     </span>
     <span class='ocr_line' id='line_1_12' title="bbox 245 990 1702 1049; baseline 0.001 -18"><span class='ocrx_word' id='word_1_105' title='bbox 245 990 405 1033; x_wconf 71' lang='grc' dir='ltr'><em>ἐπειδὰν</em></span> <span class='ocrx_word' id='word_1_106' title='bbox 425 991 469 1032; x_wconf 77' lang='grc' dir='ltr'><strong>δὲ</strong></span> <span class='ocrx_word' id='word_1_107' title='bbox 499 993 567 1033; x_wconf 87' lang='grc' dir='ltr'><em>καὶ</em></span> <span class='ocrx_word' id='word_1_108' title='bbox 595 990 760 1033; x_wconf 66' lang='grc' dir='ltr'><em>ἔνδοθεν</em></span> <span class='ocrx_word' id='word_1_109' title='bbox 787 993 958 1047; x_wconf 75' lang='grc' dir='ltr'><em>γένοιντο</em></span> <span class='ocrx_word' id='word_1_110' title='bbox 987 992 1039 1034; x_wconf 80' lang='grc' dir='ltr'><strong>τὰ</strong></span> <span class='ocrx_word' id='word_1_111' title='bbox 1061 993 1156 1049; x_wconf 79' lang='grc' dir='ltr'><em>ξίφη</em></span> <span class='ocrx_word' id='word_1_112' title='bbox 1175 993 1458 1046; x_wconf 79' lang='grc' dir='ltr'><em>σπασαμένους</em></span> <span class='ocrx_word' id='word_1_113' title='bbox 1479 991 1594 1047; x_wconf 65' lang='grc' dir='ltr'><em>ἔργου</em></span> <span class='ocrx_word' id='word_1_114' title='bbox 1614 991 1702 1045; x_wconf 68' lang='grc' dir='ltr'><em>ἔχε-</em></span> 
     </span>
    </p>

    <p class='ocr_par' dir='ltr' id='par_1_4' title="bbox 123 1054 1757 1525">
     <span class='ocr_line' id='line_1_13' title="bbox 123 1054 1703 1118; baseline -0.002 -14"><span class='ocrx_word' id='word_1_115' title='bbox 123 1069 153 1104; x_wconf 86' lang='grc' dir='ltr'>Ρ</span> <span class='ocrx_word' id='word_1_116' title='bbox 177 1068 222 1104; x_wconf 78' lang='grc'><strong>82</strong></span> <span class='ocrx_word' id='word_1_117' title='bbox 244 1062 362 1101; x_wconf 88' lang='grc' dir='ltr'><em>σθαι.</em></span> <span class='ocrx_word' id='word_1_118' title='bbox 429 1059 468 1100; x_wconf 79' lang='grc' dir='ltr'><strong>οἳ</strong></span> <span class='ocrx_word' id='word_1_119' title='bbox 486 1060 559 1112; x_wconf 75' lang='grc' dir='ltr'><em>μὲν</em></span> <span class='ocrx_word' id='word_1_120' title='bbox 581 1054 651 1101; x_wconf 77' lang='grc' dir='ltr'><em>οῦν</em></span> <span class='ocrx_word' id='word_1_121' title='bbox 681 1060 808 1102; x_wconf 70' lang='grc' dir='ltr'><em>ἕωθεν</em></span> <span class='ocrx_word' id='word_1_122' title='bbox 836 1064 895 1118; x_wconf 76' lang='grc' dir='ltr'><strong>τῷ</strong></span> <span class='ocrx_word' id='word_1_123' title='bbox 919 1062 1101 1118; x_wconf 82' lang='grc' dir='ltr'><em>φρουρίῳ</em></span> <span class='ocrx_word' id='word_1_124' title='bbox 1128 1059 1358 1118; x_wconf 84' lang='grc' dir='ltr'><em>προσιόντες</em></span> <span class='ocrx_word' id='word_1_125' title='bbox 1373 1060 1446 1115; x_wconf 81' lang='grc' dir='ltr'><strong>τὴν</strong></span> <span class='ocrx_word' id='word_1_126' title='bbox 1466 1058 1595 1114; x_wconf 82' lang='grc' dir='ltr'><em>πύλην</em></span> <span class='ocrx_word' id='word_1_127' title='bbox 1612 1059 1703 1101; x_wconf 65' lang='grc' dir='ltr'><em>ἵκο-</em></span> 
     </span>
     <span class='ocr_line' id='line_1_14' title="bbox 240 1126 1704 1184; baseline 0.001 -16"><span class='ocrx_word' id='word_1_128' title='bbox 240 1140 363 1170; x_wconf 87' lang='grc' dir='ltr'><em>πτον·</em></span> <span class='ocrx_word' id='word_1_129' title='bbox 398 1126 437 1167; x_wconf 81' lang='grc' dir='ltr'><strong>οἳ</strong></span> <span class='ocrx_word' id='word_1_130' title='bbox 457 1127 497 1167; x_wconf 72' lang='grc' dir='ltr'><strong>δ’</strong></span> <span class='ocrx_word' id='word_1_131' title='bbox 519 1126 632 1169; x_wconf 71' lang='grc' dir='ltr'><em>ἔνδον</em></span> <span class='ocrx_word' id='word_1_132' title='bbox 651 1126 838 1184; x_wconf 79' lang='grc' dir='ltr'><em>μονήρεις</em></span> <span class='ocrx_word' id='word_1_133' title='bbox 863 1129 973 1178; x_wconf 81' lang='grc' dir='ltr'><em>τινὰς</em></span> <span class='ocrx_word' id='word_1_134' title='bbox 1002 1126 1099 1170; x_wconf 79' lang='grc' dir='ltr'><em>εἶναι</em></span> <span class='ocrx_word' id='word_1_135' title='bbox 1128 1128 1296 1179; x_wconf 81' lang='grc' dir='ltr'><em>τούτους</em></span> <span class='ocrx_word' id='word_1_136' title='bbox 1312 1126 1594 1184; x_wconf 73' lang='grc' dir='ltr'><em>ὑπειληφότες,</em></span> <span class='ocrx_word' id='word_1_137' title='bbox 1628 1127 1704 1178; x_wconf 82' lang='grc' dir='ltr'><strong>τὰς</strong></span> 
     </span>
     <span class='ocr_line' id='line_1_15' title="bbox 241 1193 1702 1252; baseline 0.001 -16"><span class='ocrx_word' id='word_1_138' title='bbox 241 1193 373 1245; x_wconf 79' lang='grc' dir='ltr'><em>πύλας</em></span> <span class='ocrx_word' id='word_1_139' title='bbox 390 1194 527 1245; x_wconf 81' lang='grc' dir='ltr'><em>αὗτοΐς</em></span> <span class='ocrx_word' id='word_1_140' title='bbox 551 1194 865 1252; x_wconf 84' lang='grc' dir='ltr'><em>διαζυγώσαντες</em></span> <span class='ocrx_word' id='word_1_141' title='bbox 883 1197 1138 1250; x_wconf 76' lang='grc' dir='ltr'><em>εἶσεδέχοντο.</em></span> <span class='ocrx_word' id='word_1_142' title='bbox 1205 1199 1273 1240; x_wconf 85' lang='grc' dir='ltr'><em>καὶ</em></span> <span class='ocrx_word' id='word_1_143' title='bbox 1291 1197 1336 1239; x_wconf 85' lang='grc' dir='ltr'><strong>τὸ</strong></span> <span class='ocrx_word' id='word_1_144' title='bbox 1357 1196 1496 1238; x_wconf 84' lang='grc' dir='ltr'><em>λοιπὸν</em></span> <span class='ocrx_word' id='word_1_145' title='bbox 1521 1195 1626 1238; x_wconf 73' lang='grc' dir='ltr'><em>οὕτω</em></span> <span class='ocrx_word' id='word_1_146' title='bbox 1650 1196 1702 1250; x_wconf 87' lang='grc' dir='ltr'><strong>δὴ</strong></span> 
     </span>
     <span class='ocr_line' id='line_1_16' title="bbox 240 1258 1757 1321; baseline -0.001 -15"><span class='ocrx_word' id='word_1_147' title='bbox 240 1266 310 1306; x_wconf 80' lang='grc' dir='ltr'><em>καὶ</em></span> <span class='ocrx_word' id='word_1_148' title='bbox 336 1266 455 1306; x_wconf 90' lang='grc' dir='ltr'><em>τοῦτο</em></span> <span class='ocrx_word' id='word_1_149' title='bbox 478 1262 692 1318; x_wconf 86' lang='grc' dir='ltr'><em>Ῥωμαίοις</em></span> <span class='ocrx_word' id='word_1_150' title='bbox 723 1263 869 1321; x_wconf 75' lang='grc' dir='ltr'><em>ᾑρέθη.</em></span> <span class='ocrx_word' id='word_1_151' title='bbox 939 1265 1044 1306; x_wconf 79' lang='grc' dir='ltr'><em>ἀλλὰ</em></span> <span class='ocrx_word' id='word_1_152' title='bbox 1079 1266 1147 1306; x_wconf 90' lang='grc' dir='ltr'><em>καὶ</em></span> <span class='ocrx_word' id='word_1_153' title='bbox 1165 1264 1310 1308; x_wconf 83' lang='grc' dir='ltr'><em>τούτου</em></span> <span class='ocrx_word' id='word_1_154' title='bbox 1334 1258 1557 1314; x_wconf 70' lang='grc' dir='ltr'><em>ἑαλωκότος</em></span> <span class='ocrx_word' id='word_1_155' title='bbox 1575 1265 1614 1306; x_wconf 81' lang='grc' dir='ltr'><strong>οἳ</strong></span> <span class='ocrx_word' id='word_1_156' title='bbox 1637 1264 1700 1306; x_wconf 72' lang='grc' dir='ltr'><strong>ἐπὶ</strong></span> <span class='ocrx_word' id='word_1_157' title='bbox 1713 1270 1757 1306; x_wconf 86' lang='grc'><strong>15</strong></span> 
     </span>
     <span class='ocr_line' id='line_1_17' title="bbox 238 1327 1703 1390; baseline 0 -16"><span class='ocrx_word' id='word_1_158' title='bbox 238 1336 311 1386; x_wconf 82' lang='grc' dir='ltr'><strong>τῆς</strong></span> <span class='ocrx_word' id='word_1_159' title='bbox 342 1330 596 1389; x_wconf 80' lang='grc' dir='ltr'><em>ἀκροπόλεως</em></span> <span class='ocrx_word' id='word_1_160' title='bbox 617 1331 959 1389; x_wconf 82' lang='grc' dir='ltr'><em>ἷσχυρογνώμονες</em></span> <span class='ocrx_word' id='word_1_161' title='bbox 985 1332 1042 1374; x_wconf 65' lang='grc' dir='ltr'><strong>ἔτι</strong></span> <span class='ocrx_word' id='word_1_162' title='bbox 1070 1327 1190 1388; x_wconf 74' lang='grc' dir='ltr'><em>ἦσαν.</em></span> <span class='ocrx_word' id='word_1_163' title='bbox 1256 1334 1374 1390; x_wconf 75' lang='grc' dir='ltr'><em>μέχρι</em></span> <span class='ocrx_word' id='word_1_164' title='bbox 1395 1334 1467 1386; x_wconf 78' lang='grc' dir='ltr'><em>μὲν</em></span> <span class='ocrx_word' id='word_1_165' title='bbox 1487 1327 1558 1374; x_wconf 72' lang='grc' dir='ltr'><em>οὖν</em></span> <span class='ocrx_word' id='word_1_166' title='bbox 1575 1334 1642 1374; x_wconf 86' lang='grc' dir='ltr'><em>καὶ</em></span> <span class='ocrx_word' id='word_1_167' title='bbox 1661 1333 1703 1382; x_wconf 79' lang='grc' dir='ltr'><em>ἒς</em></span> 
     </span>
     <span class='ocr_line' id='line_1_18' title="bbox 238 1397 1703 1457; baseline 0.001 -16"><span class='ocrx_word' id='word_1_168' title='bbox 238 1397 416 1455; x_wconf 66' lang='grc' dir='ltr'><em>ἑβδόμην</em></span> <span class='ocrx_word' id='word_1_169' title='bbox 437 1398 592 1457; x_wconf 69' lang='grc' dir='ltr'><em>ἡμέραν</em></span> <span class='ocrx_word' id='word_1_170' title='bbox 610 1399 715 1443; x_wconf 76' lang='grc' dir='ltr'><em>οὕτω</em></span> <span class='ocrx_word' id='word_1_171' title='bbox 735 1402 956 1443; x_wconf 69' lang='grc' dir='ltr'><em>διετέλεσαν</em></span> <span class='ocrx_word' id='word_1_172' title='bbox 977 1400 1289 1456; x_wconf 72' lang='grc' dir='ltr'><em>ἀντικαθήμενοι</em></span> <span class='ocrx_word' id='word_1_173' title='bbox 1309 1400 1522 1456; x_wconf 80' lang='grc' dir='ltr'><em>ἀλλήλοις,</em></span> <span class='ocrx_word' id='word_1_174' title='bbox 1558 1401 1639 1443; x_wconf 72' lang='grc' dir='ltr'><em>ἐπεὶ</em></span> <span class='ocrx_word' id='word_1_175' title='bbox 1659 1401 1703 1442; x_wconf 80' lang='grc' dir='ltr'><strong>δὲ</strong></span> 
     </span>
     <span class='ocr_line' id='line_1_19' title="bbox 238 1465 1702 1525; baseline 0.001 -16"><span class='ocrx_word' id='word_1_176' title='bbox 238 1469 306 1509; x_wconf 84' lang='grc' dir='ltr'><em>καὶ</em></span> <span class='ocrx_word' id='word_1_177' title='bbox 337 1470 579 1522; x_wconf 77' lang='grc' dir='ltr'><em>Βασαβίλας</em></span> <span class='ocrx_word' id='word_1_178' title='bbox 608 1470 787 1512; x_wconf 73' lang='grc' dir='ltr'><em>ἐνταῦθα</em></span> <span class='ocrx_word' id='word_1_179' title='bbox 819 1465 923 1524; x_wconf 67' lang='grc' dir='ltr'><em>ἦλθε</em></span> <span class='ocrx_word' id='word_1_180' title='bbox 946 1468 1116 1524; x_wconf 74' lang='grc' dir='ltr'><em>δύναμιν</em></span> <span class='ocrx_word' id='word_1_181' title='bbox 1142 1468 1198 1521; x_wconf 81' lang='grc' dir='ltr'><em>ὥς</em></span> <span class='ocrx_word' id='word_1_182' title='bbox 1225 1472 1412 1525; x_wconf 87' lang='grc' dir='ltr'><em>πλείστην</em></span> <span class='ocrx_word' id='word_1_183' title='bbox 1447 1467 1702 1524; x_wconf 74' lang='grc' dir='ltr'><em>ἐπαγόμενος,</em></span> 
     </span>
    </p>

    <p class='ocr_par' dir='ltr' id='par_1_5' title="bbox 119 1534 1759 1730">
     <span class='ocr_line' id='line_1_20' title="bbox 119 1534 1703 1595; baseline 0.001 -19"><span class='ocrx_word' id='word_1_184' title='bbox 119 1547 152 1582; x_wconf 88' lang='lat' dir='ltr'><strong>V</strong></span> <span class='ocrx_word' id='word_1_185' title='bbox 174 1547 220 1582; x_wconf 76' lang='lat'><strong>64</strong></span> <span class='ocrx_word' id='word_1_186' title='bbox 240 1534 331 1577; x_wconf 86' lang='grc' dir='ltr'><em>τότε</em></span> <span class='ocrx_word' id='word_1_187' title='bbox 353 1536 403 1590; x_wconf 88' lang='grc' dir='ltr'><strong>δὴ</strong></span> <span class='ocrx_word' id='word_1_188' title='bbox 423 1538 489 1577; x_wconf 84' lang='grc' dir='ltr'><em>καὶ</em></span> <span class='ocrx_word' id='word_1_189' title='bbox 510 1534 660 1592; x_wconf 82' lang='grc' dir='ltr'><em>ταύτην</em></span> <span class='ocrx_word' id='word_1_190' title='bbox 685 1536 899 1591; x_wconf 81' lang='grc' dir='ltr'><em>Ῥωμαίοις</em></span> <span class='ocrx_word' id='word_1_191' title='bbox 922 1539 1163 1595; x_wconf 76' lang='grc' dir='ltr'><em>παρέδοσαν.</em></span> <span class='ocrx_word' id='word_1_192' title='bbox 1232 1539 1335 1580; x_wconf 80' lang='grc' dir='ltr'><em>κατὰ</em></span> <span class='ocrx_word' id='word_1_193' title='bbox 1354 1538 1476 1592; x_wconf 68' lang='grc' dir='ltr'><em>ἔχθος</em></span> <span class='ocrx_word' id='word_1_194' title='bbox 1492 1554 1533 1592; x_wconf 87' lang='grc' dir='ltr'><strong>γε</strong></span> <span class='ocrx_word' id='word_1_195' title='bbox 1553 1538 1634 1591; x_wconf 80' lang='grc' dir='ltr'><em>μὴν</em></span> <span class='ocrx_word' id='word_1_196' title='bbox 1656 1536 1703 1579; x_wconf 81' lang='grc' dir='ltr'><strong>τὸ</strong></span> 
     </span>
     <span class='ocr_line' id='line_1_21' title="bbox 236 1601 1759 1662; baseline 0.002 -17"><span class='ocrx_word' id='word_1_197' title='bbox 236 1601 546 1660; x_wconf 71' lang='grc' dir='ltr'><em>πρὸςῬογέριον</em></span> <span class='ocrx_word' id='word_1_198' title='bbox 567 1602 635 1646; x_wconf 79' lang='grc' dir='ltr'><strong>ἅτε</strong></span> <span class='ocrx_word' id='word_1_199' title='bbox 655 1603 943 1662; x_wconf 78' lang='grc' dir='ltr'><em>ἀπανθρώπως</em></span> <span class='ocrx_word' id='word_1_200' title='bbox 964 1606 1100 1655; x_wconf 76' lang='grc' dir='ltr'><em>αὐτοῖς</em></span> <span class='ocrx_word' id='word_1_201' title='bbox 1121 1604 1239 1647; x_wconf 82' lang='grc' dir='ltr'><em>ὃποῖα</em></span> <span class='ocrx_word' id='word_1_202' title='bbox 1259 1613 1343 1656; x_wconf 81' lang='grc' dir='ltr'><em>τοῖς</em></span> <span class='ocrx_word' id='word_1_203' title='bbox 1358 1610 1620 1662; x_wconf 80' lang='grc' dir='ltr'><em>τυραννοῦσιν</em></span> <span class='ocrx_word' id='word_1_204' title='bbox 1645 1604 1702 1646; x_wconf 71' lang='grc' dir='ltr'><em>εἴ-</em></span> <span class='ocrx_word' id='word_1_205' title='bbox 1712 1613 1759 1648; x_wconf 78' lang='grc'><strong>20</strong></span> 
     </span>
     <span class='ocr_line' id='line_1_22' title="bbox 238 1671 1703 1730; baseline 0.001 -17"><span class='ocrx_word' id='word_1_206' title='bbox 238 1676 382 1714; x_wconf 91' lang='grc' dir='ltr'><em>θισται</em></span> <span class='ocrx_word' id='word_1_207' title='bbox 402 1671 742 1730; x_wconf 88' lang='grc' dir='ltr'><em>προσφερόμενον,</em></span> <span class='ocrx_word' id='word_1_208' title='bbox 766 1675 807 1724; x_wconf 73' lang='grc' dir='ltr'><em>ἐς</em></span> <span class='ocrx_word' id='word_1_209' title='bbox 824 1673 976 1730; x_wconf 69' lang='grc' dir='ltr'><em>ἔδαφος</em></span> <span class='ocrx_word' id='word_1_210' title='bbox 993 1674 1117 1728; x_wconf 72' lang='grc' dir='ltr'><em>αὐτὴν</em></span> <span class='ocrx_word' id='word_1_211' title='bbox 1141 1673 1380 1724; x_wconf 86' lang='grc' dir='ltr'><em>καθελόντες</em></span> <span class='ocrx_word' id='word_1_212' title='bbox 1400 1674 1576 1729; x_wconf 80' lang='grc' dir='ltr'><em>ἀφῆκαν,</em></span> <span class='ocrx_word' id='word_1_213' title='bbox 1611 1674 1703 1714; x_wconf 83' lang='grc' dir='ltr'><em>καί-</em></span> 
     </span>
    </p>

    <p class='ocr_par' dir='ltr' id='par_1_6' title="bbox 188 1730 1703 1865">
     <span class='ocr_line' id='line_1_23' title="bbox 188 1730 1703 1799; baseline 0.001 -18"><span class='ocrx_word' id='word_1_214' title='bbox 188 1751 219 1786; x_wconf 90' lang='grc' dir='ltr'>Β</span> <span class='ocrx_word' id='word_1_215' title='bbox 241 1757 304 1782; x_wconf 88' lang='grc' dir='ltr'><strong>τοι</strong></span> <span class='ocrx_word' id='word_1_216' title='bbox 320 1740 451 1782; x_wconf 81' lang='grc' dir='ltr'><em>πολλὰ</em></span> <span class='ocrx_word' id='word_1_217' title='bbox 473 1730 547 1783; x_wconf 80' lang='grc' dir='ltr'><strong>τοῦ</strong></span> <span class='ocrx_word' id='word_1_218' title='bbox 563 1746 790 1799; x_wconf 80' lang='grc' dir='ltr'><em>στρατηγοῦ</em></span> <span class='ocrx_word' id='word_1_219' title='bbox 812 1741 913 1798; x_wconf 82' lang='grc' dir='ltr'><em>πρὸς</em></span> <span class='ocrx_word' id='word_1_220' title='bbox 930 1746 1047 1784; x_wconf 91' lang='grc' dir='ltr'><em>τοῦτο</em></span> <span class='ocrx_word' id='word_1_221' title='bbox 1075 1742 1370 1796; x_wconf 75' lang='grc' dir='ltr'><em>διενισταμένου</em></span> <span class='ocrx_word' id='word_1_222' title='bbox 1395 1743 1462 1784; x_wconf 84' lang='grc' dir='ltr'><em>καὶ</em></span> <span class='ocrx_word' id='word_1_223' title='bbox 1477 1739 1703 1798; x_wconf 82' lang='grc' dir='ltr'><em>χρημάτων</em></span> 
     </span>
     <span class='ocr_line' id='line_1_24' title="bbox 240 1808 1039 1865; baseline 0.003 -15"><span class='ocrx_word' id='word_1_224' title='bbox 240 1808 434 1852; x_wconf 80' lang='grc' dir='ltr'><em>ὠνεῖσθαι</em></span> <span class='ocrx_word' id='word_1_225' title='bbox 450 1808 601 1864; x_wconf 85' lang='grc' dir='ltr'><em>ταύτην</em></span> <span class='ocrx_word' id='word_1_226' title='bbox 615 1809 799 1865; x_wconf 82' lang='grc' dir='ltr'><em>μεγάλων</em></span> <span class='ocrx_word' id='word_1_227' title='bbox 821 1810 1039 1860; x_wconf 75' lang='grc' dir='ltr'><em>ἀξιοῦντος.</em></span> 
     </span>
    </p>

    <p class='ocr_par' dir='ltr' id='par_1_7' title="bbox 333 1888 1703 1983">
     <span class='ocr_line' id='line_1_25' title="bbox 333 1888 1703 1939; baseline -0.001 -11"><span class='ocrx_word' id='word_1_228' title='bbox 333 1894 368 1929; x_wconf 84' lang='lat'><strong>4.</strong></span> <span class='ocrx_word' id='word_1_229' title='bbox 393 1888 515 1938; x_wconf 66' lang='grc' dir='ltr'><em>ὥσπερ</em></span> <span class='ocrx_word' id='word_1_230' title='bbox 540 1891 620 1938; x_wconf 75' lang='grc' dir='ltr'><strong>ἐπὶ]</strong></span> <span class='ocrx_word' id='word_1_231' title='bbox 645 1893 760 1928; x_wconf 82' lang='lat' dir='ltr'>Malim</span> <span class='ocrx_word' id='word_1_232' title='bbox 777 1890 945 1939; x_wconf 67' lang='grc' dir='ltr'><em>ὡσπερεί.</em></span> <span class='ocrx_word' id='word_1_233' title='bbox 1037 1896 1070 1930; x_wconf 90' lang='grc'><strong>8.</strong></span> <span class='ocrx_word' id='word_1_234' title='bbox 1095 1891 1215 1939; x_wconf 74' lang='grc' dir='ltr'><em>αὐτὸ]</em></span> <span class='ocrx_word' id='word_1_235' title='bbox 1239 1893 1326 1928; x_wconf 88' lang='lat' dir='ltr'><strong>Cod.</strong></span> <span class='ocrx_word' id='word_1_236' title='bbox 1343 1890 1471 1935; x_wconf 69' lang='lat' dir='ltr'><strong>aziz-69.</strong></span> <span class='ocrx_word' id='word_1_237' title='bbox 1563 1891 1703 1929; x_wconf 78' lang='grc' dir='ltr'><em>1Ξ.πν’-</em></span> 
     </span>
     <span class='ocr_line' id='line_1_26' title="bbox 333 1938 1186 1983; baseline 0 -10"><span class='ocrx_word' id='word_1_238' title='bbox 333 1941 428 1983; x_wconf 84' lang='grc' dir='ltr'><em>λην]</em></span> <span class='ocrx_word' id='word_1_239' title='bbox 451 1940 506 1973; x_wconf 90' lang='lat' dir='ltr'><strong>Ita</strong></span> <span class='ocrx_word' id='word_1_240' title='bbox 522 1939 668 1976; x_wconf 86' lang='lat' dir='ltr'><strong>Tollius.</strong></span> <span class='ocrx_word' id='word_1_241' title='bbox 698 1939 783 1974; x_wconf 84' lang='lat' dir='ltr'><strong>Cod.</strong></span> <span class='ocrx_word' id='word_1_242' title='bbox 802 1938 925 1975; x_wconf 84' lang='grc' dir='ltr'><em>πόλϊν.</em></span> <span class='ocrx_word' id='word_1_243' title='bbox 960 1940 1047 1977; x_wconf 87' lang='lat' dir='ltr'><strong>Duc.</strong></span> <span class='ocrx_word' id='word_1_244' title='bbox 1064 1939 1186 1975; x_wconf 80' lang='grc' dir='ltr'><em>πύλιν.</em></span> 
     </span>
    </p>
   </div>
   <div class='ocr_carea' id='block_1_3' title="bbox 239 2006 1703 2872">
    <p class='ocr_par' dir='ltr' id='par_1_8' title="bbox 239 2006 1703 2872">
     <span class='ocr_line' id='line_1_27' title="bbox 241 2006 1703 2054; baseline 0 -13"><span class='ocrx_word' id='word_1_245' title='bbox 241 2007 365 2041; x_wconf 80' lang='lat' dir='ltr'><strong>delicet</strong></span> <span class='ocrx_word' id='word_1_246' title='bbox 385 2019 471 2052; x_wconf 87' lang='lat' dir='ltr'><strong>quae</strong></span> <span class='ocrx_word' id='word_1_247' title='bbox 497 2008 744 2054; x_wconf 37' lang='lat' dir='ltr'><strong>facta&#39;fuerant</strong></span> <span class='ocrx_word' id='word_1_248' title='bbox 768 2007 859 2041; x_wconf 86' lang='lat' dir='ltr'><strong>haud</strong></span> <span class='ocrx_word' id='word_1_249' title='bbox 882 2008 1082 2052; x_wconf 79' lang='lat' dir='ltr'><strong>placebant,</strong></span> <span class='ocrx_word' id='word_1_250' title='bbox 1104 2007 1139 2042; x_wconf 88' lang='lat' dir='ltr'><strong>in</strong></span> <span class='ocrx_word' id='word_1_251' title='bbox 1162 2019 1273 2042; x_wconf 82' lang='lat' dir='ltr'><strong>arcem</strong></span> <span class='ocrx_word' id='word_1_252' title='bbox 1291 2008 1466 2043; x_wconf 75' lang='lat' dir='ltr'><strong>confestim</strong></span> <span class='ocrx_word' id='word_1_253' title='bbox 1487 2019 1563 2043; x_wconf 89' lang='lat' dir='ltr'><strong>sese</strong></span> <span class='ocrx_word' id='word_1_254' title='bbox 1580 2006 1703 2053; x_wconf 83' lang='lat' dir='ltr'><strong>&#39;prori-</strong></span> 
     </span>
     <span class='ocr_line' id='line_1_28' title="bbox 240 2053 1702 2099; baseline 0.001 -14"><span class='ocrx_word' id='word_1_255' title='bbox 240 2053 357 2098; x_wconf 88' lang='lat' dir='ltr'><strong>piunt:</strong></span> <span class='ocrx_word' id='word_1_256' title='bbox 382 2058 484 2097; x_wconf 85' lang='lat' dir='ltr'><strong>atque</strong></span> <span class='ocrx_word' id='word_1_257' title='bbox 499 2053 588 2087; x_wconf 88' lang='lat' dir='ltr'><strong>intra</strong></span> <span class='ocrx_word' id='word_1_258' title='bbox 602 2054 731 2087; x_wconf 88' lang='lat' dir='ltr'><strong>moenia</strong></span> <span class='ocrx_word' id='word_1_259' title='bbox 746 2053 811 2087; x_wconf 83' lang='lat' dir='ltr'><strong>iam</strong></span> <span class='ocrx_word' id='word_1_260' title='bbox 827 2053 956 2099; x_wconf 79' lang='lat' dir='ltr'><strong>recepti</strong></span> <span class='ocrx_word' id='word_1_261' title='bbox 972 2054 1014 2087; x_wconf 88' lang='lat' dir='ltr'><strong>de</strong></span> <span class='ocrx_word' id='word_1_262' title='bbox 1029 2065 1156 2088; x_wconf 84' lang='lat' dir='ltr'><strong>summa</strong></span> <span class='ocrx_word' id='word_1_263' title='bbox 1170 2065 1281 2089; x_wconf 88' lang='lat' dir='ltr'><strong>rerum</strong></span> <span class='ocrx_word' id='word_1_264' title='bbox 1296 2055 1484 2090; x_wconf 86' lang='lat' dir='ltr'><strong>decertant.</strong></span> <span class='ocrx_word' id='word_1_265' title='bbox 1531 2054 1584 2088; x_wconf 84' lang='lat' dir='ltr'><strong>hic</strong></span> <span class='ocrx_word' id='word_1_266' title='bbox 1599 2064 1702 2099; x_wconf 87' lang='lat' dir='ltr'><strong>porro</strong></span> 
     </span>
     <span class='ocr_line' id='line_1_29' title="bbox 239 2098 1703 2145; baseline -0.001 -13"><span class='ocrx_word' id='word_1_267' title='bbox 239 2109 313 2132; x_wconf 86' lang='lat' dir='ltr'><strong>rem</strong></span> <span class='ocrx_word' id='word_1_268' title='bbox 336 2098 555 2132; x_wconf 83' lang='lat' dir='ltr'><strong>admiratione</strong></span> <span class='ocrx_word' id='word_1_269' title='bbox 579 2099 711 2143; x_wconf 82' lang='lat' dir='ltr'><strong>dignam</strong></span> <span class='ocrx_word' id='word_1_270' title='bbox 736 2104 811 2132; x_wconf 83' lang='lat' dir='ltr'><strong>erat</strong></span> <span class='ocrx_word' id='word_1_271' title='bbox 833 2099 977 2142; x_wconf 88' lang='lat' dir='ltr'><strong>intueri,</strong></span> <span class='ocrx_word' id='word_1_272' title='bbox 1003 2111 1061 2133; x_wconf 88' lang='lat' dir='ltr'><strong>eos</strong></span> <span class='ocrx_word' id='word_1_273' title='bbox 1085 2111 1205 2144; x_wconf 90' lang='lat' dir='ltr'><strong>nempe</strong></span> <span class='ocrx_word' id='word_1_274' title='bbox 1220 2100 1277 2145; x_wconf 92' lang='lat' dir='ltr'><strong>qui</strong></span> <span class='ocrx_word' id='word_1_275' title='bbox 1293 2105 1329 2134; x_wconf 91' lang='lat' dir='ltr'><strong>et</strong></span> <span class='ocrx_word' id='word_1_276' title='bbox 1344 2106 1465 2134; x_wconf 83' lang='lat' dir='ltr'><strong>natura</strong></span> <span class='ocrx_word' id='word_1_277' title='bbox 1478 2102 1514 2133; x_wconf 83' lang='lat' dir='ltr'><strong>et</strong></span> <span class='ocrx_word' id='word_1_278' title='bbox 1529 2100 1703 2133; x_wconf 82' lang='lat' dir='ltr'><strong>voluntate</strong></span> 
     </span>
     <span class='ocr_line' id='line_1_30' title="bbox 240 2143 1701 2189; baseline 0 -13"><span class='ocrx_word' id='word_1_279' title='bbox 240 2143 385 2177; x_wconf 88' lang='lat' dir='ltr'><strong>invicem</strong></span> <span class='ocrx_word' id='word_1_280' title='bbox 401 2154 509 2188; x_wconf 84' lang='lat' dir='ltr'><strong>nuper</strong></span> <span class='ocrx_word' id='word_1_281' title='bbox 526 2145 770 2189; x_wconf 75' lang='lat' dir='ltr'><strong>cohaerebant,</strong></span> <span class='ocrx_word' id='word_1_282' title='bbox 795 2156 883 2178; x_wconf 85' lang='lat' dir='ltr'><strong>nunc</strong></span> <span class='ocrx_word' id='word_1_283' title='bbox 907 2157 988 2179; x_wconf 79' lang='lat' dir='ltr'><strong>auro</strong></span> <span class='ocrx_word' id='word_1_284' title='bbox 1004 2145 1099 2179; x_wconf 86' lang='lat' dir='ltr'><strong>velut</strong></span> <span class='ocrx_word' id='word_1_285' title='bbox 1115 2154 1209 2179; x_wconf 82' lang='lat' dir='ltr'><strong>muro</strong></span> <span class='ocrx_word' id='word_1_286' title='bbox 1233 2146 1417 2180; x_wconf 86' lang='lat' dir='ltr'><strong>disiunctos</strong></span> <span class='ocrx_word' id='word_1_287' title='bbox 1432 2145 1596 2179; x_wconf 81' lang='lat' dir='ltr'><strong>hostiliter</strong></span> <span class='ocrx_word' id='word_1_288' title='bbox 1609 2143 1701 2177; x_wconf 79' lang='lat' dir='ltr'><strong>inter</strong></span> 
     </span>
     <span class='ocr_line' id='line_1_31' title="bbox 241 2189 1700 2236; baseline -0.001 -13"><span class='ocrx_word' id='word_1_289' title='bbox 241 2200 278 2223; x_wconf 81' lang='lat' dir='ltr'><strong>se</strong></span> <span class='ocrx_word' id='word_1_290' title='bbox 291 2200 395 2233; x_wconf 85' lang='lat' dir='ltr'><strong>agere</strong></span> <span class='ocrx_word' id='word_1_291' title='bbox 408 2214 418 2232; x_wconf 93' lang='lat'>,</span> <span class='ocrx_word' id='word_1_292' title='bbox 452 2189 653 2233; x_wconf 86' lang='lat' dir='ltr'><strong>diversaque</strong></span> <span class='ocrx_word' id='word_1_293' title='bbox 675 2201 812 2234; x_wconf 89' lang='lat' dir='ltr'><strong>prorsus</strong></span> <span class='ocrx_word' id='word_1_294' title='bbox 836 2190 943 2224; x_wconf 82' lang='lat' dir='ltr'><strong>moliri</strong></span> <span class='ocrx_word' id='word_1_295' title='bbox 960 2195 995 2224; x_wconf 87' lang='lat' dir='ltr'><strong>et</strong></span> <span class='ocrx_word' id='word_1_296' title='bbox 1020 2191 1157 2226; x_wconf 87' lang='lat' dir='ltr'><strong>sentire.</strong></span> <span class='ocrx_word' id='word_1_297' title='bbox 1205 2196 1308 2236; x_wconf 82' lang='lat' dir='ltr'><strong>atque</strong></span> <span class='ocrx_word' id='word_1_298' title='bbox 1322 2192 1349 2225; x_wconf 84' lang='lat' dir='ltr'><strong>is</strong></span> <span class='ocrx_word' id='word_1_299' title='bbox 1363 2191 1428 2225; x_wconf 81' lang='lat' dir='ltr'><strong>fuit</strong></span> <span class='ocrx_word' id='word_1_300' title='bbox 1442 2191 1476 2224; x_wconf 89' lang='lat' dir='ltr'><strong>in</strong></span> <span class='ocrx_word' id='word_1_301' title='bbox 1490 2191 1575 2224; x_wconf 88' lang='lat' dir='ltr'><strong>urbe</strong></span> <span class='ocrx_word' id='word_1_302' title='bbox 1588 2200 1700 2223; x_wconf 86' lang='lat' dir='ltr'><strong>rerum</strong></span> 
     </span>
     <span class='ocr_line' id='line_1_32' title="bbox 241 2235 1701 2281; baseline -0.001 -12"><span class='ocrx_word' id='word_1_303' title='bbox 241 2239 363 2269; x_wconf 81' lang='lat' dir='ltr'><strong>status.</strong></span> <span class='ocrx_word' id='word_1_304' title='bbox 412 2239 485 2268; x_wconf 90' lang='lat' dir='ltr'><strong>erat</strong></span> <span class='ocrx_word' id='word_1_305' title='bbox 500 2240 680 2279; x_wconf 85' lang='lat' dir='ltr'><strong>praeterea</strong></span> <span class='ocrx_word' id='word_1_306' title='bbox 692 2235 725 2267; x_wconf 93' lang='lat' dir='ltr'><strong>in</strong></span> <span class='ocrx_word' id='word_1_307' title='bbox 742 2236 909 2280; x_wconf 87' lang='lat' dir='ltr'><strong>superiori</strong></span> <span class='ocrx_word' id='word_1_308' title='bbox 927 2236 1075 2270; x_wconf 87' lang='lat' dir='ltr'><strong>civitatis</strong></span> <span class='ocrx_word' id='word_1_309' title='bbox 1091 2240 1186 2281; x_wconf 86' lang='lat' dir='ltr'><strong>parte</strong></span> <span class='ocrx_word' id='word_1_310' title='bbox 1203 2248 1264 2270; x_wconf 82' lang='lat' dir='ltr'><strong>arx</strong></span> <span class='ocrx_word' id='word_1_311' title='bbox 1280 2237 1408 2278; x_wconf 83' lang='lat' dir='ltr'><strong>altera,</strong></span> <span class='ocrx_word' id='word_1_312' title='bbox 1430 2236 1464 2269; x_wconf 87' lang='lat' dir='ltr'><strong>in</strong></span> <span class='ocrx_word' id='word_1_313' title='bbox 1479 2247 1546 2280; x_wconf 80' lang='lat' dir='ltr'><strong>qua</strong></span> <span class='ocrx_word' id='word_1_314' title='bbox 1561 2240 1701 2268; x_wconf 84' lang='lat' dir='ltr'><strong>exstru-</strong></span> 
     </span>
     <span class='ocr_line' id='line_1_33' title="bbox 240 2280 1702 2327; baseline -0.001 -13"><span class='ocrx_word' id='word_1_315' title='bbox 240 2284 332 2314; x_wconf 81' lang='lat' dir='ltr'><strong>ctum</strong></span> <span class='ocrx_word' id='word_1_316' title='bbox 347 2283 422 2314; x_wconf 87' lang='lat' dir='ltr'><strong>erat</strong></span> <span class='ocrx_word' id='word_1_317' title='bbox 436 2280 516 2314; x_wconf 90' lang='lat' dir='ltr'><strong>divo</strong></span> <span class='ocrx_word' id='word_1_318' title='bbox 532 2280 676 2314; x_wconf 87' lang='lat' dir='ltr'><strong>Nicolao</strong></span> <span class='ocrx_word' id='word_1_319' title='bbox 694 2280 841 2314; x_wconf 91' lang='lat' dir='ltr'><strong>dicatum</strong></span> <span class='ocrx_word' id='word_1_320' title='bbox 858 2283 1016 2327; x_wconf 87' lang='lat' dir='ltr'><strong>templum</strong></span> <span class='ocrx_word' id='word_1_321' title='bbox 1029 2310 1039 2326; x_wconf 78' lang='lat'>‚</span> <span class='ocrx_word' id='word_1_322' title='bbox 1067 2294 1167 2326; x_wconf 89' lang='lat' dir='ltr'><strong>quam</strong></span> <span class='ocrx_word' id='word_1_323' title='bbox 1183 2293 1256 2316; x_wconf 87' lang='lat' dir='ltr'><strong>cum</strong></span> <span class='ocrx_word' id='word_1_324' title='bbox 1271 2292 1437 2326; x_wconf 87' lang='lat' dir='ltr'><strong>occupare</strong></span> <span class='ocrx_word' id='word_1_325' title='bbox 1452 2286 1617 2314; x_wconf 83' lang='lat' dir='ltr'><strong>statueret</strong></span> <span class='ocrx_word' id='word_1_326' title='bbox 1630 2280 1702 2313; x_wconf 86' lang='lat' dir='ltr'><strong>Pa-</strong></span> 
     </span>
     <span class='ocr_line' id='line_1_34' title="bbox 239 2325 1700 2372; baseline -0.001 -13"><span class='ocrx_word' id='word_1_327' title='bbox 239 2326 431 2370; x_wconf 86' lang='lat' dir='ltr'><strong>laeologus‚</strong></span> <span class='ocrx_word' id='word_1_328' title='bbox 454 2326 537 2360; x_wconf 82' lang='lat' dir='ltr'><strong>talia</strong></span> <span class='ocrx_word' id='word_1_329' title='bbox 553 2325 822 2360; x_wconf 86' lang='lat' dir='ltr'><strong>comminiscitur.</strong></span> <span class='ocrx_word' id='word_1_330' title='bbox 870 2333 1015 2361; x_wconf 84' lang='lat' dir='ltr'><strong>armatos</strong></span> <span class='ocrx_word' id='word_1_331' title='bbox 1031 2328 1180 2372; x_wconf 83' lang='lat' dir='ltr'><strong>aliquot,</strong></span> <span class='ocrx_word' id='word_1_332' title='bbox 1206 2327 1310 2371; x_wconf 85' lang='lat' dir='ltr'><strong>nigris</strong></span> <span class='ocrx_word' id='word_1_333' title='bbox 1324 2326 1560 2371; x_wconf 80' lang='lat' dir='ltr'><strong>superindutos</strong></span> <span class='ocrx_word' id='word_1_334' title='bbox 1579 2325 1700 2370; x_wconf 84' lang='lat' dir='ltr'><strong>palliis,</strong></span> 
     </span>
     <span class='ocr_line' id='line_1_35' title="bbox 240 2371 1702 2417; baseline -0.001 -12"><span class='ocrx_word' id='word_1_335' title='bbox 240 2382 365 2405; x_wconf 88' lang='lat' dir='ltr'><strong>summo</strong></span> <span class='ocrx_word' id='word_1_336' title='bbox 388 2383 485 2405; x_wconf 87' lang='lat' dir='ltr'><strong>mane</strong></span> <span class='ocrx_word' id='word_1_337' title='bbox 509 2371 552 2405; x_wconf 85' lang='lat' dir='ltr'><strong>ad</strong></span> <span class='ocrx_word' id='word_1_338' title='bbox 575 2371 733 2416; x_wconf 88' lang='lat' dir='ltr'><strong>templum</strong></span> <span class='ocrx_word' id='word_1_339' title='bbox 749 2371 799 2404; x_wconf 85' lang='lat' dir='ltr'><strong>ire</strong></span> <span class='ocrx_word' id='word_1_340' title='bbox 824 2371 940 2417; x_wconf 74' lang='lat' dir='ltr'><strong>iubet,</strong></span> <span class='ocrx_word' id='word_1_341' title='bbox 966 2374 1091 2417; x_wconf 87' lang='lat' dir='ltr'><strong>datque</strong></span> <span class='ocrx_word' id='word_1_342' title='bbox 1109 2373 1150 2407; x_wconf 86' lang='lat' dir='ltr'><strong>iis</strong></span> <span class='ocrx_word' id='word_1_343' title='bbox 1173 2373 1209 2406; x_wconf 90' lang='lat' dir='ltr'><strong>in</strong></span> <span class='ocrx_word' id='word_1_344' title='bbox 1223 2372 1405 2414; x_wconf 87' lang='lat' dir='ltr'><strong>mandatis,</strong></span> <span class='ocrx_word' id='word_1_345' title='bbox 1431 2376 1468 2405; x_wconf 92' lang='lat' dir='ltr'><strong>ut</strong></span> <span class='ocrx_word' id='word_1_346' title='bbox 1484 2371 1579 2405; x_wconf 89' lang='lat' dir='ltr'><strong>simul</strong></span> <span class='ocrx_word' id='word_1_347' title='bbox 1596 2376 1702 2415; x_wconf 87' lang='lat' dir='ltr'><strong>atque</strong></span> 
     </span>
     <span class='ocr_line' id='line_1_36' title="bbox 240 2416 1701 2462; baseline 0.001 -13"><span class='ocrx_word' id='word_1_348' title='bbox 240 2416 382 2460; x_wconf 83' lang='lat' dir='ltr'><strong>ingressi</strong></span> <span class='ocrx_word' id='word_1_349' title='bbox 410 2417 494 2451; x_wconf 86' lang='lat' dir='ltr'><strong>illud</strong></span> <span class='ocrx_word' id='word_1_350' title='bbox 521 2422 657 2459; x_wconf 88' lang='lat' dir='ltr'><strong>essent,</strong></span> <span class='ocrx_word' id='word_1_351' title='bbox 691 2422 761 2450; x_wconf 82' lang='lat' dir='ltr'><strong>tum</strong></span> <span class='ocrx_word' id='word_1_352' title='bbox 784 2416 914 2451; x_wconf 89' lang='lat' dir='ltr'><strong>demum</strong></span> <span class='ocrx_word' id='word_1_353' title='bbox 938 2419 1061 2453; x_wconf 76' lang='lat' dir='ltr'><strong>strictis</strong></span> <span class='ocrx_word' id='word_1_354' title='bbox 1086 2418 1207 2462; x_wconf 83' lang='lat' dir='ltr'><strong>gladiis</strong></span> <span class='ocrx_word' id='word_1_355' title='bbox 1237 2429 1307 2452; x_wconf 88' lang='lat' dir='ltr'><strong>rem</strong></span> <span class='ocrx_word' id='word_1_356' title='bbox 1327 2417 1604 2462; x_wconf 82' lang='lat' dir='ltr'><strong>aggrederentur.</strong></span> <span class='ocrx_word' id='word_1_357' title='bbox 1651 2417 1701 2450; x_wconf 90' lang='lat' dir='ltr'><strong>illi</strong></span> 
     </span>
     <span class='ocr_line' id='line_1_37' title="bbox 241 2462 1701 2509; baseline -0.001 -13"><span class='ocrx_word' id='word_1_358' title='bbox 241 2473 322 2506; x_wconf 83' lang='lat' dir='ltr'><strong>crgo</strong></span> <span class='ocrx_word' id='word_1_359' title='bbox 346 2463 409 2496; x_wconf 89' lang='lat' dir='ltr'><strong>sub</strong></span> <span class='ocrx_word' id='word_1_360' title='bbox 437 2474 592 2496; x_wconf 83' lang='lat' dir='ltr'><strong>auroram</strong></span> <span class='ocrx_word' id='word_1_361' title='bbox 619 2462 818 2496; x_wconf 84' lang='lat' dir='ltr'><strong>accedentes</strong></span> <span class='ocrx_word' id='word_1_362' title='bbox 843 2464 886 2498; x_wconf 81' lang='lat' dir='ltr'><strong>ad</strong></span> <span class='ocrx_word' id='word_1_363' title='bbox 902 2475 1030 2504; x_wconf 87' lang='lat' dir='ltr'><strong>arcem,</strong></span> <span class='ocrx_word' id='word_1_364' title='bbox 1059 2469 1192 2509; x_wconf 84' lang='lat' dir='ltr'><strong>portam</strong></span> <span class='ocrx_word' id='word_1_365' title='bbox 1216 2464 1359 2509; x_wconf 83' lang='lat' dir='ltr'><strong>pulsant.</strong></span> <span class='ocrx_word' id='word_1_366' title='bbox 1406 2462 1464 2507; x_wconf 91' lang='lat' dir='ltr'><strong>qui</strong></span> <span class='ocrx_word' id='word_1_367' title='bbox 1488 2463 1578 2496; x_wconf 83' lang='lat' dir='ltr'><strong>intus</strong></span> <span class='ocrx_word' id='word_1_368' title='bbox 1594 2467 1701 2504; x_wconf 87' lang='lat' dir='ltr'><strong>erant,</strong></span> 
     </span>
     <span class='ocr_line' id='line_1_38' title="bbox 239 2507 1702 2554; baseline 0.001 -14"><span class='ocrx_word' id='word_1_369' title='bbox 239 2508 420 2542; x_wconf 85' lang='lat' dir='ltr'><strong>monachos</strong></span> <span class='ocrx_word' id='word_1_370' title='bbox 446 2509 606 2553; x_wconf 90' lang='lat' dir='ltr'><strong>quosdam</strong></span> <span class='ocrx_word' id='word_1_371' title='bbox 631 2519 706 2542; x_wconf 86' lang='lat' dir='ltr'><strong>esse</strong></span> <span class='ocrx_word' id='word_1_372' title='bbox 731 2508 904 2551; x_wconf 81' lang='lat' dir='ltr'><strong>arbitrati,</strong></span> <span class='ocrx_word' id='word_1_373' title='bbox 927 2510 1049 2554; x_wconf 83' lang='lat' dir='ltr'><strong>apertis</strong></span> <span class='ocrx_word' id='word_1_374' title='bbox 1065 2510 1172 2543; x_wconf 86' lang='lat' dir='ltr'><strong>ianuis</strong></span> <span class='ocrx_word' id='word_1_375' title='bbox 1187 2509 1263 2543; x_wconf 87' lang='lat' dir='ltr'><strong>illos</strong></span> <span class='ocrx_word' id='word_1_376' title='bbox 1279 2509 1508 2542; x_wconf 79' lang='lat' dir='ltr'><strong>intromisere:</strong></span> <span class='ocrx_word' id='word_1_377' title='bbox 1533 2512 1636 2552; x_wconf 83' lang='lat' dir='ltr'><strong>atque</strong></span> <span class='ocrx_word' id='word_1_378' title='bbox 1651 2507 1702 2542; x_wconf 77' lang='lat' dir='ltr'><strong>ita</strong></span> 
     </span>
     <span class='ocr_line' id='line_1_39' title="bbox 240 2553 1702 2598; baseline 0 -12"><span class='ocrx_word' id='word_1_379' title='bbox 240 2553 399 2597; x_wconf 87' lang='lat' dir='ltr'><strong>deinceps</strong></span> <span class='ocrx_word' id='word_1_380' title='bbox 425 2565 445 2587; x_wconf 87' lang='lat' dir='ltr'><strong>a</strong></span> <span class='ocrx_word' id='word_1_381' title='bbox 461 2554 623 2588; x_wconf 86' lang='lat' dir='ltr'><strong>Romanis</strong></span> <span class='ocrx_word' id='word_1_382' title='bbox 649 2558 785 2598; x_wconf 83' lang='lat' dir='ltr'><strong>captum</strong></span> <span class='ocrx_word' id='word_1_383' title='bbox 809 2558 862 2587; x_wconf 88' lang='lat' dir='ltr'><strong>est</strong></span> <span class='ocrx_word' id='word_1_384' title='bbox 887 2555 1069 2588; x_wconf 85' lang='lat' dir='ltr'><strong>castellum.</strong></span> <span class='ocrx_word' id='word_1_385' title='bbox 1116 2566 1233 2589; x_wconf 86' lang='lat' dir='ltr'><strong>verum</strong></span> <span class='ocrx_word' id='word_1_386' title='bbox 1247 2554 1282 2588; x_wconf 85' lang='lat' dir='ltr'><strong>id</strong></span> <span class='ocrx_word' id='word_1_387' title='bbox 1298 2554 1362 2588; x_wconf 85' lang='lat' dir='ltr'><strong>etsi</strong></span> <span class='ocrx_word' id='word_1_388' title='bbox 1377 2558 1624 2598; x_wconf 82' lang='lat' dir='ltr'><strong>expugnatum,</strong></span> <span class='ocrx_word' id='word_1_389' title='bbox 1648 2553 1702 2586; x_wconf 92' lang='lat' dir='ltr'><strong>ni-</strong></span> 
     </span>
     <span class='ocr_line' id='line_1_40' title="bbox 241 2598 1702 2644; baseline 0.001 -13"><span class='ocrx_word' id='word_1_390' title='bbox 241 2598 307 2632; x_wconf 86' lang='lat' dir='ltr'><strong>hilo</strong></span> <span class='ocrx_word' id='word_1_391' title='bbox 324 2599 429 2632; x_wconf 88' lang='lat' dir='ltr'><strong>minus</strong></span> <span class='ocrx_word' id='word_1_392' title='bbox 445 2600 501 2644; x_wconf 90' lang='lat' dir='ltr'><strong>qui</strong></span> <span class='ocrx_word' id='word_1_393' title='bbox 516 2599 699 2644; x_wconf 87' lang='lat' dir='ltr'><strong>acropolim</strong></span> <span class='ocrx_word' id='word_1_394' title='bbox 714 2600 876 2634; x_wconf 81' lang='lat' dir='ltr'><strong>tenebant</strong></span> <span class='ocrx_word' id='word_1_395' title='bbox 892 2600 1104 2634; x_wconf 76' lang='lat' dir='ltr'><strong>obstinatiori</strong></span> <span class='ocrx_word' id='word_1_396' title='bbox 1122 2612 1197 2634; x_wconf 91' lang='lat' dir='ltr'><strong>sese</strong></span> <span class='ocrx_word' id='word_1_397' title='bbox 1212 2600 1393 2634; x_wconf 82' lang='lat' dir='ltr'><strong>tuebantur</strong></span> <span class='ocrx_word' id='word_1_398' title='bbox 1407 2599 1537 2640; x_wconf 85' lang='lat' dir='ltr'><strong>animo,</strong></span> <span class='ocrx_word' id='word_1_399' title='bbox 1563 2599 1646 2632; x_wconf 83' lang='lat' dir='ltr'><strong>adeo</strong></span> <span class='ocrx_word' id='word_1_400' title='bbox 1664 2602 1702 2633; x_wconf 80' lang='lat' dir='ltr'><strong>ut</strong></span> 
     </span>
     <span class='ocr_line' id='line_1_41' title="bbox 242 2644 1700 2691; baseline 0.001 -14"><span class='ocrx_word' id='word_1_401' title='bbox 242 2646 305 2689; x_wconf 78' lang='lat' dir='ltr'><strong>per</strong></span> <span class='ocrx_word' id='word_1_402' title='bbox 330 2648 460 2688; x_wconf 87' lang='lat' dir='ltr'><strong>septem</strong></span> <span class='ocrx_word' id='word_1_403' title='bbox 487 2645 664 2678; x_wconf 87' lang='lat' dir='ltr'><strong>continuos</strong></span> <span class='ocrx_word' id='word_1_404' title='bbox 687 2645 760 2678; x_wconf 84' lang='lat' dir='ltr'><strong>dies</strong></span> <span class='ocrx_word' id='word_1_405' title='bbox 785 2649 954 2680; x_wconf 88' lang='lat' dir='ltr'><strong>certamen</strong></span> <span class='ocrx_word' id='word_1_406' title='bbox 976 2646 1186 2691; x_wconf 85' lang='lat' dir='ltr'><strong>perduraret.</strong></span> <span class='ocrx_word' id='word_1_407' title='bbox 1241 2650 1276 2679; x_wconf 81' lang='lat' dir='ltr'><strong>at</strong></span> <span class='ocrx_word' id='word_1_408' title='bbox 1300 2650 1476 2689; x_wconf 85' lang='lat' dir='ltr'><strong>postquam</strong></span> <span class='ocrx_word' id='word_1_409' title='bbox 1500 2656 1540 2678; x_wconf 93' lang='lat' dir='ltr'><strong>eo</strong></span> <span class='ocrx_word' id='word_1_410' title='bbox 1556 2644 1700 2678; x_wconf 84' lang='lat' dir='ltr'><strong>accessit</strong></span> 
     </span>
     <span class='ocr_line' id='line_1_42' title="bbox 243 2689 1701 2736; baseline 0.001 -14"><span class='ocrx_word' id='word_1_411' title='bbox 243 2700 317 2723; x_wconf 90' lang='lat' dir='ltr'><strong>cum</strong></span> <span class='ocrx_word' id='word_1_412' title='bbox 331 2689 523 2733; x_wconf 84' lang='lat' dir='ltr'><strong>ingentibus</strong></span> <span class='ocrx_word' id='word_1_413' title='bbox 550 2690 655 2734; x_wconf 86' lang='lat' dir='ltr'><strong>copiis</strong></span> <span class='ocrx_word' id='word_1_414' title='bbox 678 2690 888 2736; x_wconf 78' lang='lat' dir='ltr'><strong>Bassavilla,</strong></span> <span class='ocrx_word' id='word_1_415' title='bbox 912 2697 981 2725; x_wconf 88' lang='lat' dir='ltr'><strong>tum</strong></span> <span class='ocrx_word' id='word_1_416' title='bbox 1004 2698 1038 2725; x_wconf 86' lang='lat' dir='ltr'><strong>et</strong></span> <span class='ocrx_word' id='word_1_417' title='bbox 1052 2692 1142 2725; x_wconf 86' lang='lat' dir='ltr'><strong>illam</strong></span> <span class='ocrx_word' id='word_1_418' title='bbox 1157 2690 1312 2725; x_wconf 84' lang='lat' dir='ltr'><strong>Romanis</strong></span> <span class='ocrx_word' id='word_1_419' title='bbox 1338 2690 1559 2723; x_wconf 85' lang='lat' dir='ltr'><strong>dediderunt:</strong></span> <span class='ocrx_word' id='word_1_420' title='bbox 1595 2694 1701 2734; x_wconf 82' lang='lat' dir='ltr'><strong>atquo</strong></span> 
     </span>
     <span class='ocr_line' id='line_1_43' title="bbox 243 2734 1700 2781; baseline 0.001 -13"><span class='ocrx_word' id='word_1_421' title='bbox 243 2734 321 2768; x_wconf 88' lang='lat' dir='ltr'><strong>odio</strong></span> <span class='ocrx_word' id='word_1_422' title='bbox 338 2746 404 2780; x_wconf 89' lang='lat' dir='ltr'><strong>quo</strong></span> <span class='ocrx_word' id='word_1_423' title='bbox 421 2735 453 2768; x_wconf 93' lang='lat' dir='ltr'><strong>in</strong></span> <span class='ocrx_word' id='word_1_424' title='bbox 470 2736 654 2779; x_wconf 82' lang='lat' dir='ltr'><strong>Rogerium</strong></span> <span class='ocrx_word' id='word_1_425' title='bbox 670 2735 877 2779; x_wconf 82' lang='lat' dir='ltr'><strong>flagrabant,</strong></span> <span class='ocrx_word' id='word_1_426' title='bbox 901 2736 991 2781; x_wconf 90' lang='lat' dir='ltr'><strong>quod</strong></span> <span class='ocrx_word' id='word_1_427' title='bbox 1007 2737 1156 2770; x_wconf 89' lang='lat' dir='ltr'><strong>nimirum</strong></span> <span class='ocrx_word' id='word_1_428' title='bbox 1169 2737 1346 2770; x_wconf 84' lang='lat' dir='ltr'><strong>inhumane</strong></span> <span class='ocrx_word' id='word_1_429' title='bbox 1361 2736 1607 2780; x_wconf 86' lang='lat' dir='ltr'><strong>crudeliterque</strong></span> <span class='ocrx_word' id='word_1_430' title='bbox 1630 2736 1700 2779; x_wconf 87' lang='lat' dir='ltr'><strong>(ut</strong></span> 
     </span>
     <span class='ocr_line' id='line_1_44' title="bbox 242 2780 1700 2827; baseline 0.001 -13"><span class='ocrx_word' id='word_1_431' title='bbox 242 2780 352 2814; x_wconf 84' lang='lat' dir='ltr'><strong>solent</strong></span> <span class='ocrx_word' id='word_1_432' title='bbox 376 2781 536 2825; x_wconf 80' lang='lat' dir='ltr'><strong>tyranni)</strong></span> <span class='ocrx_word' id='word_1_433' title='bbox 562 2781 596 2814; x_wconf 90' lang='lat' dir='ltr'><strong>in</strong></span> <span class='ocrx_word' id='word_1_434' title='bbox 629 2792 687 2814; x_wconf 87' lang='lat' dir='ltr'><strong>eos</strong></span> <span class='ocrx_word' id='word_1_435' title='bbox 712 2781 898 2823; x_wconf 86' lang='lat' dir='ltr'><strong>saevisset,</strong></span> <span class='ocrx_word' id='word_1_436' title='bbox 922 2793 1002 2815; x_wconf 87' lang='lat' dir='ltr'><strong>arce</strong></span> <span class='ocrx_word' id='word_1_437' title='bbox 1017 2782 1130 2814; x_wconf 83' lang='lat' dir='ltr'><strong>diruta</strong></span> <span class='ocrx_word' id='word_1_438' title='bbox 1153 2781 1294 2827; x_wconf 89' lang='lat' dir='ltr'><strong>soloque</strong></span> <span class='ocrx_word' id='word_1_439' title='bbox 1309 2786 1474 2827; x_wconf 83' lang='lat' dir='ltr'><strong>aequata,</strong></span> <span class='ocrx_word' id='word_1_440' title='bbox 1498 2781 1700 2824; x_wconf 77' lang='lat' dir='ltr'><strong>discessere,</strong></span> 
     </span>
     <span class='ocr_line' id='line_1_45' title="bbox 245 2825 1150 2872; baseline 0.002 -12"><span class='ocrx_word' id='word_1_441' title='bbox 245 2826 326 2861; x_wconf 90' lang='lat' dir='ltr'><strong>licet</strong></span> <span class='ocrx_word' id='word_1_442' title='bbox 341 2825 409 2861; x_wconf 84' lang='lat' dir='ltr'><strong>dux</strong></span> <span class='ocrx_word' id='word_1_443' title='bbox 423 2826 604 2862; x_wconf 80' lang='lat' dir='ltr'><strong>obsisteret</strong></span> <span class='ocrx_word' id='word_1_444' title='bbox 617 2836 760 2871; x_wconf 80' lang='lat' dir='ltr'><strong>eamque</strong></span> <span class='ocrx_word' id='word_1_445' title='bbox 773 2837 894 2872; x_wconf 86' lang='lat' dir='ltr'><strong>magno</strong></span> <span class='ocrx_word' id='word_1_446' title='bbox 908 2826 1012 2861; x_wconf 83' lang='lat' dir='ltr'><strong>vellet</strong></span> <span class='ocrx_word' id='word_1_447' title='bbox 1026 2837 1150 2862; x_wconf 87' lang='lat' dir='ltr'><strong>emere.</strong></span> 
     </span>
    </p>
   </div>
  </div>
 </body>
</html>
