1878 3262
637 218 1031 264 lflSTORIARUM
1065 222 1111 264 L.
1144 222 1198 264 11.
1584 223 1645 267 71

182 330 344 375 ἄδικον·
387 331 463 375 κᾶν
501 349 562 384 τις
591 332 899 391 ἀπισχυρίσαιτο
928 333 1031 392 πρὸς
1061 334 1136 389 τὴν
1176 330 1387 392 ἁρπαγήν,
1427 338 1571 379 τοῦτον
1602 336 1646 379 δὲ
1667 349 1698 384 Ρ
1721 350 1767 385 40

179 400 388 459 ῥομφαίας
428 401 543 459 ἔργον
577 402 777 445 ἐτίθεσαν.
855 401 876 444 ὅ
895 419 938 445 τε
962 402 1038 460 ρὴξ
1084 402 1304 461 Κορράδος
1345 403 1648 462 ἄνεπιστρόφως

181 468 311 528 πάντῃ
333 474 415 512 τῶν
444 470 662 528 γινομένων
683 469 760 525 εἶχε
788 471 855 512 καὶ
875 476 960 520 τοῖς
991 472 1248 515 ἐπικαλοῦσιν
1267 471 1297 528 ἢ
1323 471 1417 515 οὐδὲ
1441 480 1648 530 προσεῖχεν

181 535 287 589 ὅλως
310 537 338 594 ἢ
359 540 424 581 καὶ
450 539 639 596 προσχὼν
661 543 713 596 τῇ
743 542 817 581 τοῦ
837 536 1025 591 πλήθους
1051 539 1260 600 ἀλογιστία
1284 540 1331 583 τὸ
1357 545 1438 583 πᾶν
1469 540 1649 599 ἀπεγρά-

147 610 293 665 6φετο.
361 605 515 650 τούτων
542 607 734 662 βασιλεὺς
759 607 943 663 ἀκηκοὼς
967 603 1246 666 στράτευμαῇ
1267 608 1417 664 τάχους
1436 607 1537 664 εἶχεν
1561 609 1648 665 ἅμα

179 676 380 733 Προσοὺχ
403 676 519 733 ἀνδρὶ
541 674 823 734 ἕμπειρομάχῳ
842 675 939 718 κατ’
965 675 1100 719 αὐτῶν
1126 675 1318 731 ἔπεμψεν.
1387 677 1433 728 ὃς
1452 681 1520 720 καὶ
1541 680 1648 722 ἕπει-

180 744 232 799 δὴ
261 746 351 801 περὶ
379 743 495 787 πόλιν
514 745 729 802 Ἀδριανοῦ
756 742 915 795 τούτοις
941 745 1151 799 συνέμιξε,
1193 745 1313 802 μέχρι
1341 745 1415 799 μέν
1441 763 1549 797 τινος
1569 747 1649 790 ἀπὸ

179 812 432 864 διαστάσεως
453 814 605 865 εἵπετο,
638 813 714 864 τὰς
744 811 945 863 ἀτάκτους
968 818 1042 855 τοῦ
1067 812 1255 868 πλήθους
1284 813 1557 871 ἀνασειράζων
1577 815 1648 873 ὅρ-

178 879 273 935 μάς.
343 880 400 933 ὥς
429 883 473 924 δὲ
502 883 568 925 καὶ
598 882 662 924 ἐπὶ
691 885 847 936 μᾶλλον
878 883 1213 938 θρασυνομένους
1241 882 1390 933 αὐτοὺς
1414 881 1546 940 ἑώρα,
1581 887 1648 926 καὶ

129 951 377 1005 1οπολεμίας
402 949 481 1006 ἤδη
512 951 554 992 ἓν
573 954 631 1008 τῷ
661 951 837 1008 ἐμφανεῖ
849 950 1031 1004 συνέμιξε
1050 958 1193 1009 χεῖρας
1212 951 1288 993 ἀπ’
1318 952 1450 1002 αἰτίας
1470 954 1648 995 τοιᾶσδε.

177 1023 260 1062 τῶν
294 1036 386 1061 τινα
415 1019 713 1075 ἕπισημοτέρων
744 1019 986 1073 Ἀλαμανῶν
1009 1020 1318 1074 μαλακισθέντα
1345 1019 1393 1062 τὸ
1429 1025 1550 1075 σῶμα
1579 1038 1648 1064 σε-

177 1085 314 1143 μνεῖόν
332 1105 371 1131 τι
398 1086 475 1143 εἶχε
497 1092 578 1130 τῶν
602 1087 680 1130 ἀνὰ
709 1087 782 1142 τὴν
812 1085 928 1130 πόλιν
954 1088 1169 1145 Ἀδριανοῦ
1197 1087 1273 1131 σύν
1301 1106 1343 1132 τε
1366 1088 1551 1146 χρήμασι
1579 1092 1647 1132 καὶ
1671 1102 1701 1136 Β

179 1157 385 1213 ἀποσκευῇ
409 1161 460 1213 τῇ
487 1154 623 1213 πάσῃ·
659 1154 687 1199 ἅ
714 1154 980 1214 ([ωράσαντὲς
1011 1175 1115 1208 τινες
1136 1155 1348 1212 Ῥωμαίων
1365 1162 1447 1200 τῶν
1471 1159 1514 1200 ἔκ
1542 1161 1650 1211 πεζι-

178 1229 261 1267 κῶν
286 1223 521 1281 καταλόγων
544 1229 626 1282 πῦρ
655 1242 696 1267 τε
726 1230 777 1282 τῇ
795 1229 1010 1283 καταγωγῇ
1033 1224 1211 1283 ὑφῆψαν
1241 1225 1400 1269 καὶτὸν
1429 1225 1650 1283 ἄνθρωπον

124 1292 285 1336 1ὄοῧιω
322 1294 697 1351 προσαπολέσαντες
723 1294 775 1336 τὰ
798 1292 995 1351 χρήματα
1032 1294 1163 1349 ἴσχον.
1243 1292 1299 1346 ὥς
1329 1289 1401 1337 οὖν
1431 1297 1487 1345 εἷς
1523 1296 1651 1346 ἀκοὰς

179 1364 413 1420 Φρεδερίκῳ
439 1362 486 1405 τὸ
511 1362 672 1418 γεγονὸς
700 1356 805 1418 ἦλθε
834 1366 893 1420 τῷ
920 1361 1142 1419 Κορράδου
1164 1363 1396 1421 ἀδελφιδῷ,
1433 1363 1549 1421 ἀνδρὶ
1570 1362 1647 1406 ὕπ’

176 1431 438 1488 ἀσυμμέτρου
460 1430 685 1481 αὐθαδείας
701 1429 774 1486 τήν
799 1448 842 1474 τε
868 1428 998 1487 ὁρμὴν
1017 1432 1232 1489 ἀκαθέκτῳ
1251 1433 1318 1474 καὶ
1339 1432 1519 1482 ἐπιεικῶς
1537 1449 1643 1489 ‹ypo—
1669 1439 1702 1474 V
1725 1441 1772 1477 32

175 1501 375 1560 νηματίιιι,
410 1501 568 1556 σπουδῇ
586 1501 828 1556 παλίνορσος
845 1500 908 1541 ἐπὶ
929 1500 1001 1555 τὴν
1022 1500 1238 1557 Ἀδριανοῦ
1257 1495 1362 1555 ἦλθε
1387 1501 1517 1542 καίτοι
1540 1503 1652 1543 δυοῖν

176 1567 348 1625 ἡμέραιν
370 1566 465 1610 ὁδὸν
484 1566 707 1625 Κορράδου
736 1566 970 1624 προαπιών,
1011 1571 1113 1628 πυρί
1140 1586 1182 1611 τε
1212 1568 1258 1610 τὸ
1290 1575 1471 1622 σεμνεῖον
1503 1570 1654 1626 ᾳλέξας

122 1631 227 1679 20οὗ
253 1638 304 1692 δὴ
338 1635 360 1679 ὃ
379 1637 607 1691 Ἀλαμανὸς
635 1636 800 1678 κατέλυε
833 1634 1050 1694 πρότερον,
1095 1635 1247 1692 ταύτην
1279 1638 1457 1692 πολέμου
1487 1636 1653 1695 πρόφα-

177 1723 242 1748 σιν
259 1704 476 1760 Ῥωμαίοις
503 1723 544 1748 τε
574 1707 642 1747 καὶ
669 1705 806 1755 αὐτοῖς
840 1706 1027 1748 ἐντεῦθεν
1055 1707 1356 1762 ξυνεπορίσατο.
1435 1704 1457 1748 ὅ
1483 1705 1561 1763 γάρ
1590 1700 1670 1749 τοιΙ

176 1775 376 1831 Προσοὺχ
411 1775 467 1823 εἷς
486 1780 629 1831 χεῖρας
657 1773 726 1816 διὰ
746 1778 866 1816 τοῦτο
898 1776 1130 1834 Φρεδερίκῳ
1151 1774 1286 1817 ἐλθὼν
1306 1775 1507 1832 ἐτρέψατο
1531 1775 1654 1818 αὐτὸν

271 1917 304 1951 1.
328 1914 467 1949 τοῦτον
490 1911 555 1959 δὲ]
579 1913 696 1948 Malim
717 1914 854 1949 τοῦτον
873 1912 934 1959 δή.
1071 1914 1106 1949 4.
1133 1912 1397 1970 dnsyooicpaetp]
1431 1915 1549 1949 Malim
1570 1913 1650 1951 ἕπε·

264 1958 443 2009 γράφετο.
581 1962 616 1995 7.
641 1957 720 1994 ἀπὸ
750 1927 1002 2006 διαστάσεως]
1034 1960 1089 1994 Ita
1102 1961 1191 1997 Duc.
1217 1961 1304 1996 Cod.
1331 1958 1584 1996 αποδιαστοὶσε
1572 1974 1648 2003 ως.

175 2083 348 2131 pientibus
365 2084 569 2130 obsisteret,
592 2095 668 2118 eum
692 2084 852 2118 continuo
870 2095 951 2118 ense
975 2083 1233 2126 detruncabant.
1280 2083 1366 2118 haec
1387 2084 1452 2118 etsi
1469 2087 1651 2130 perpetra-

175 2136 318 2173 rentur,
342 2130 551 2164 nihilominus
568 2131 767 2165 movebatur
782 2142 844 2165 rex
864 2130 1055 2174 Conradus‚
1082 2131 1112 2164 si
1125 2131 1182 2175 qui
1198 2137 1311 2164 essent
1333 2130 1391 2175 qui
1414 2135 1650 2175 quererentur,

177 2189 241 2211 nec
266 2177 454 2222 praebebat
469 2188 592 2219 aures3
615 2177 671 2210 vel
688 2177 716 2210 si
743 2176 966 2216 auscultaret,
991 2177 1198 2221 petulantiae
1224 2177 1258 2210 id
1285 2177 1504 2210 multitudinis
1520 2177 1580 2209 ad
1567 2176 1648 2209 cri-

175 2223 294 2257 bebat.
350 2234 391 2256 ea
421 2228 600 2269 postquam
640 2222 685 2255 ad
715 2222 952 2268 imperatorem
984 2234 1194 2268 pervenere,
1248 2223 1475 2264 Prosuchum,
1517 2222 1651 2256 militari

177 2268 306 2302 virtute
327 2270 577 2313 praeinsignem
592 2268 727 2311 virum,
752 2279 827 2302 cum
842 2269 965 2313 raptim
991 2276 1108 2302 coacto
1124 2267 1257 2312 agmine
1270 2269 1435 2302 adversus
1450 2280 1509 2302 eos
1528 2268 1648 2301 mittit:

166 2314 235 2359 ‚qui
258 2314 352 2348 iuxta
373 2315 628 2359 Adrianopolim
658 2315 823 2348 barbaros
856 2317 1051 2355 assecutus,
1085 2315 1226 2359 primum
1254 2315 1389 2359 quidem
1422 2315 1511 2348 baud
1547 2314 1648 2355 longo

166 2360 357 2394 intervallo
375 2362 667 2406 subsequebatur,
692 2372 734 2394 ac
755 2360 897 2393 subinde
922 2360 1103 2394 coercebat
1118 2360 1339 2394 inordinatius
1356 2360 1577 2414 evagantium
1587 2371 1650 2392 ex-

176 2406 360 2440 cursiones.
409 2407 543 2441 tandem
560 2407 618 2441 ubi
643 2418 702 2440 eos
726 2406 823 2440 videt
844 2417 948 2451 supra
973 2407 1105 2440 modum
1127 2407 1282 2450 seroces
1309 2406 1420 2451 palam
1436 2406 1538 2439 etiam
1550 2406 1648 2448 signa

178 2454 328 2493 confert,
351 2453 412 2486 tali
436 2453 628 2487 occasione.
676 2452 813 2496 quidam
838 2464 880 2486 ex
900 2452 1137 2486 illustrioribus
1167 2453 1376 2494 Alemannis,
1401 2463 1544 2496 corpore
1560 2450 1648 2484 affe-
1687 2487 1690 2490 ⁴

177 2503 256 2541 cto,
281 2499 503 2544 Adrianopoli
522 2510 560 2533 se
582 2499 616 2532 in
634 2498 872 2532 monasterium
896 2504 1094 2543 recepeiat,
1119 2510 1192 2531 cum
1218 2498 1385 2551 pecuniis,
1411 2497 1546 2541 alioque
1561 2497 1648 2530 omni

177 2549 353 2589 apparatu.
399 2545 433 2578 id
450 2545 594 2578 Romani
609 2546 739 2589 aliquot
754 2543 874 2587 milites
888 2557 932 2578 ex
955 2544 1169 2589 pedestribus
1185 2543 1331 2577 numeris
1349 2542 1562 2587 subodorati‚
1586 2542 1648 2576 do-

177 2590 353 2634 micilium,
387 2590 567 2635 ipsumque
598 2590 684 2624 adeo
709 2596 885 2634 aegrotum
900 2590 979 2634 igne
1004 2590 1139 2624 subdito
1167 2593 1334 2628 cremant,
1362 2589 1477 2633 sicque
1498 2588 1650 2634 pecuniis

179 2635 364 2712 potiuntur.
410 2647 510 2681 quam
538 2648 608 2670 rem
631 2636 687 2671 ubi
722 2636 854 2680 accepit
878 2635 1106 2678 Fredericus‚
1146 2634 1292 2669 Conradi
1316 2646 1360 2668 ex
1393 2636 1500 2668 fratre
1531 2646 1651 2679 nepos,

204 2691 277 2714 omo
306 2682 551 2716 incredibiliter
581 2683 702 2724 ferox,
735 2682 861 2736 impetu
885 2683 1086 2724 v,ehemens
1130 2680 1288 2725 elatoque
1317 2681 1493 2715 admodum
1526 2683 1647 2714 animo

179 2725 428 2773 Adrianopolim
452 2740 599 2773 propere
624 2727 788 2771 revertit,
812 2728 954 2761 duorum
982 2728 1102 2760 itinere
1123 2727 1252 2760 ‹lien-um
1277 2726 1470 2760 Conradum
1485 2737 1589 2780 praev
1595 2738 1649 2758 01·-

180 2775 297 2812 tens,
308 2783 350 2807 ac
383 2774 645 2817 monasterium,
679 2774 715 2808 in
749 2785 815 2818 quo
847 2773 988 2819 primum
1011 2773 1202 2806 diverterat
1230 2772 1459 2814 Alemaunus,
1488 2771 1648 2810 incendit,

180 2815 296 2869 sicque
317 2819 396 2852 belli
423 2820 632 2854 occasionem
655 2819 817 2854 Romanis
838 2820 934 2853 simul
956 2831 999 2853 ac
1020 2819 1091 2852 suis
1107 2818 1279 2872 praebuit.
1325 2799 1522 2853 Prosudhus
1547 2817 1650 2860 igitur

181 2861 307 2896 idcirco
327 2863 542 2903 Fredericum
569 2866 728 2911 adortus,
751 2866 787 2901 in
810 2866 925 2919 fugam
950 2865 1043 2900 illum
1069 2864 1230 2908 coniecit,
1264 2868 1301 2899 et
1322 2864 1460 2909 caedem
1481 2864 1649 2907 ingentem
