1878 3262
250 236 317 286 24
674 234 983 280 NICEPHORI
1011 233 1279 281 BRYENNII

251 348 506 405 καταλιπών,
532 350 588 402 ὥς
611 349 632 394 ὃ
655 347 773 407 λόγος
795 346 967 408 φθάσας
986 346 1184 405 ἐδήλωσε,
1210 347 1324 393 πέντε
1339 350 1412 405 μὲν
1423 349 1594 409 ι’ίρρενας
1606 355 1712 408 τρεῖς

253 424 298 465 δὲ
330 422 524 477 θηλείας,
560 419 631 471 οὓς
657 417 690 475 ἡ
709 417 842 476 μήτηρ
870 417 1051 469 ἅπαντας
1076 422 1211 468 καλῶς
1237 418 1552 476 ἀναθρεψαμένη
1577 419 1714 470 ἀξίους

251 494 326 535 ’τοῦ
355 491 492 546 γε’νους
527 488 741 539 ἀπέδειξεν.
811 487 908 530 ἀλλ’
934 487 978 530 αἱ
999 487 1074 542 μὲν
1097 485 1170 529 δύο
1195 491 1276 530 τῶν
1305 488 1538 544 θυγατέρων
1561 487 1618 530 ἔτι
1637 491 1712 530 τοῦ

249 558 404 616 πατρὸς
441 556 648 615 περιόντος
683 554 876 614 ἀνδράσιν
907 554 1178 613 ἣρμόσθησαν
1206 559 1287 598 τῶν
1317 550 1361 598 εὗ
1397 555 1611 612 γεγονότων
1644 557 1714 598 καὶ

249 625 411 685 πλούτῳ
435 625 676 681 κομώντων,
709 624 736 681 ἦ
761 626 834 680 μὲν
859 625 1112 682 πρεσβυτέρα
1134 625 1286 682 Μαρία
1305 628 1364 681 τῷ
1386 626 1597 681 Ταρωνίτῃ
1619 627 1708 668 Mt·
1722 632 1747 669 5

200 706 231 741 C
249 694 359 751 χαήλ
368 728 381 748 ,
408 693 434 750 ἡ
455 696 499 738 δὲ
516 695 607 750 μετ’
627 696 776 750 ἐκείνην
792 694 972 736 Εὐδοκία
988 698 1046 751 τῷ
1063 695 1312 752 Μελισσηνῷ
1330 690 1576 750 Νικηφόρῳ,
1598 693 1715 750 ἀνδρὶ

251 770 436 819 νουνεχεῖ
465 782 508 807 τε
543 765 611 806 καὶ
646 764 889 821 θαυμασίῳ,
930 761 975 812 ὃς
1008 760 1215 819 πατρόθεν
1240 763 1280 812 ἐς
1303 763 1517 818 Μορτίους
1536 759 1582 802 τὸ
1605 760 1715 816 γένος

251 833 434 891 ἀνέφερε.
500 832 573 887 τὴν
597 832 642 875 δέ
662 850 704 889 γε
725 830 903 886 ὑστάτην
922 835 1063 873 πασῶν
1086 829 1305 887 Θεοδώραν
1325 830 1428 884 μετὰ
1450 829 1520 872 τὸν
1539 833 1613 871 τοῦ
1634 846 1717 870 πα·-

249 902 348 959 τρὸς
369 900 499 958 μόρον
518 905 578 959 τῷ
599 906 672 943 τοῦ
691 901 910 957 Διογένους
928 900 1004 957 υἱῷ
1024 900 1317 957 Κωνσταντίνῳ
1329 931 1342 950 ,
1370 902 1444 941 τοῦ
1465 896 1619 954 πατρὸς
1636 896 1717 952 ἤδη

249 970 303 1013 τὰ
331 968 541 1024 Ῥωμαιίον
576 975 760 1026 σκῆπτρα
799 970 943 1011 διέπειν
978 967 1194 1022 λαχόντος,
1230 966 1257 1022 ἡ
1294 965 1427 1024 μήτηρ
1466 964 1716 1022 συνήρμοσεν
1729 973 1775 1008 10

250 1037 442 1095 ὕστερον,
474 1038 589 1095 ἀνδρὶ
609 1039 759 1094 εὐγενεῖ
771 1038 844 1092 μὲν
866 1039 932 1079 καὶ
956 1037 1060 1079 κατὰ
1077 1043 1194 1093 χεῖρα
1215 1037 1381 1093 γενναίῳ
1399 1034 1468 1077 τὸν
1493 1035 1538 1076 δέ
1556 1051 1598 1090 γε
1621 1032 1720 1090 τρό-

251 1123 328 1148 πον
350 1107 397 1148 οὗ
421 1105 526 1148 πάνυ
546 1123 585 1147 τι
605 1106 687 1148 ὄντι
708 1107 916 1163 ἐπαινετέῳ
925 1138 941 1158 ,
967 1104 1022 1156 ὥς
1043 1106 1095 1148 τὰ
1115 1104 1282 1161 ὕστερον
1300 1104 1456 1154 ἔδειξεν.
1492 1103 1585 1144 ἄλλ’
1612 1101 1720 1144 οὕτω

251 1175 325 1230 μὲν
354 1174 407 1218 τὰ
443 1174 548 1216 κατὰ
577 1174 650 1224 τὰς
677 1172 800 1231 κόρας
827 1175 987 1229 συνέβη.
1055 1170 1214 1205 ****
1248 1173 1304 1215 ἔτι
1335 1170 1480 1215 τούτου
1514 1168 1721 1228 περιόντος

252 1241 482 1300 στρατεύειν
514 1259 556 1285 τε
586 1243 760 1299 ἤρξατο,
795 1244 862 1284 καὶ
890 1243 991 1299 πρὸς
1021 1243 1190 1296 μίμησιν
1220 1246 1301 1283 τῶν
1329 1240 1548 1297 πραχθέων
1576 1238 1720 1281 ἑαυτὸν

252 1312 433 1361 ἀποξέων
467 1310 653 1354 ἔσπευδεν
684 1312 885 1366 ἀποβῆναι
911 1309 1065 1354 τούτων
1097 1309 1270 1361 ε’πάξιος.
1338 1307 1359 1350 ὃ
1387 1309 1430 1351 δὲ
1454 1307 1548 1363 μετ’
1573 1309 1720 1350 ἐκεῖνον
1732 1310 1775 1348 15

248 1378 450 1430 Ἰσαάκιος
479 1386 564 1430 τοῖς
599 1380 804 1437 τάδελφοῦ
835 1380 938 1422 κατὰ
968 1377 1098 1429 πόδας
1134 1381 1261 1421 εἵπετο
1296 1377 1455 1431 ἲβςνεσιν.
1525 1373 1547 1418 ὅ
1586 1375 1628 1417 δ’
1667 1370 1720 1418 αὖ

200 1447 235 1484 D
257 1449 390 1505 τρίτος
405 1449 577 1498 Ἀλέξιος
601 1450 800 1491 παντοίων
823 1443 873 1503 ἦν
895 1449 1075 1505 χαρίτων
1098 1446 1325 1495 ἀνάπλεως·
1352 1444 1475 1502 χάρις
1496 1444 1574 1501 γὰρ
1599 1441 1722 1498 ἐπήν-

252 1520 323 1558 θει
352 1521 411 1573 τῷ
442 1514 646 1574 προσώπῳ
672 1515 813 1558 ὁποίαν
846 1516 895 1558 οὔ
921 1534 981 1566 τις
1011 1517 1053 1557 ἓν
1083 1515 1193 1573 ἄλλῳ
1220 1512 1420 1557 ἐθεάσατο
1442 1511 1623 1564 πώποτε,
1652 1513 1721 1554 καὶ

255 1584 430 1642 φαιδρὸς
458 1578 508 1639 ἦν
539 1584 598 1626 ἀεὶ
626 1586 693 1626 καὶ
725 1584 986 1640 ἀγαθοσύνης
1015 1583 1234 1633 ἀνάπλεως.
1302 1584 1369 1624 καὶ
1402 1583 1443 1623 τί
1467 1581 1517 1622 ἄν
1537 1598 1598 1630 τις
1618 1580 1720 1622 εἴποι

253 1654 346 1709 περὶ
377 1650 521 1694 τούτου
556 1651 611 1703 ὥς
648 1655 873 1707 δυνηθῆναι
903 1652 998 1702 τοὺς
1023 1650 1166 1707 λόγους
1184 1652 1372 1702 ἐξισῶσαι
1393 1655 1482 1698 ταῖς
1500 1653 1580 1690 τῶν
1602 1649 1777 1703 ἧθῶν20

254 1720 445 1776 ἀγλαΐαις
477 1722 545 1762 καὶ
578 1727 667 1771 ταῖς
701 1725 773 1775 τῆς
804 1725 942 1775 ψυχῆς
973 1721 1161 1777 &gumiz-,-
1207 1717 1466 1761 παντοδαπὸν
1498 1711 1548 1771 ἦν
1579 1721 1722 1773 χρῆμα

255 1793 431 1846 φυσικῆς
458 1806 500 1831 τε
533 1791 601 1831 καὶ
629 1793 911 1847 προαιρετικῆς
935 1787 1198 1845 κοσμιότητος
1205 1819 1219 1840 ,
1250 1788 1318 1829 καὶ
1340 1783 1425 1828 οἷόν
1447 1802 1485 1828 τι
1508 1783 1723 1828 κάλλιστον

349 1908 404 1944 12.
437 1903 520 1941 ἀλλ’
547 1903 647 1942 οὕτω
670 1929 715 1935 --
739 1904 953 1952 περιόντος]
989 1907 1031 1941 Ρ.
1056 1902 1139 1941 ἀλλ’
1165 1901 1265 1941 οὕτω
1287 1902 1353 1949 μὲν
1375 1902 1423 1940 τὰ
1445 1902 1542 1939 κατὰ
1565 1901 1634 1943 τὰς
1656 1900 1723 1938 uo'-

347 1965 426 1996 ρας.
475 1950 642 1997 οἷρρένων
673 1951 712 1988 δὲ
747 1954 894 1987 παίδων
918 1950 938 1988 ὁ
962 1950 1030 1998 μὲν
1052 1950 1238 1997 Μανουὴλ
1270 1948 1414 1994 πατρὸς
1437 1949 1492 1988 ἔτι
1514 1947 1722 1994 περιόντος.

344 1999 468 2054 satius,
493 1999 574 2033 duxi
602 2001 754 2036 lacunam
781 1999 941 2040 indicate.
1093 1998 1147 2042 14,
1179 1994 1402 2046 πραχθέων]
1433 1993 1634 2042 πατέρωνῖ)
1677 1995 1723 2032 Ρ.

346 2055 556 2089 προγονων.

255 2148 328 2181 tum
350 2145 473 2190 solvit,
505 2146 584 2180 filiis
606 2150 645 2181 ut
665 2146 735 2181 dixi
766 2145 895 2181 relictis
917 2150 1019 2189 octo,
1046 2145 1192 2191 quinque
1213 2144 1360 2179 maribus
1387 2147 1422 2178 et
1446 2143 1552 2178 tribus
1575 2140 1721 2185 feminis,

257 2202 344 2237 quos
360 2202 474 2226 omnes
491 2197 596 2226 mater
611 2193 811 2227 educatione
827 2197 988 2226 accurata
1004 2192 1120 2236 dignos
1137 2191 1228 2230 avita
1242 2191 1418 2225 nobilitate
1434 2188 1589 2229 reddidit.
1623 2187 1722 2233 puel-

256 2237 364 2272 larum
390 2238 494 2279 duae,
526 2243 624 2283 patre
650 2239 760 2273 adhuc
775 2239 931 2280 vivente,
963 2237 1151 2272 collocatae
1166 2236 1247 2270 viris
1263 2237 1429 2276 nobilibus
1445 2239 1481 2270 et
1495 2233 1721 2278 locupletibus

255 2284 404 2318 fuerant.
433 2283 538 2317 maior
554 2283 687 2328 quidem
704 2289 784 2318 natu
794 2284 906 2318 Maria
914 2283 1100 2319 Taronitae
1107 2282 1264 2317 Michaefi
1275 2310 1286 2326 ‚
1301 2281 1457 2316 Eudocia
1471 2291 1554 2314 vero
1569 2278 1718 2313 secundo

257 2334 344 2375 post
354 2330 440 2363 hanc
455 2329 570 2373 genita
584 2329 764 2363 Melisseno
780 2330 976 2375 Nicephoro
996 2329 1069 2363 viro
1087 2328 1243 2374 prudenti
1259 2333 1294 2362 ot
1309 2327 1501 2373 praeclaro,
1532 2324 1589 2369 qui
1605 2330 1719 2369 pater·

256 2386 336 2409 num
352 2387 371 2408 e
386 2374 521 2408 Mox-tiis
538 2374 684 2408 ducebat
699 2386 817 2418 genus,
865 2380 1038 2419 postrema
1064 2374 1248 2408 Theodora
1271 2378 1346 2419 post
1371 2371 1475 2416 patris
1489 2376 1631 2404 mortem
1648 2381 1720 2404 ma·-

257 2421 321 2454 tris
339 2420 512 2457 voluntate
528 2420 642 2465 nupsit
656 2420 880 2454 Constantino
895 2420 1055 2464 Diogenis
1071 2420 1135 2454 iam
1150 2418 1344 2464 imperantis
1359 2417 1442 2459 filio,
1467 2415 1571 2449 nobili
1587 2416 1720 2460 quidem

257 2465 308 2499 illi
323 2477 488 2510 manuque
505 2470 680 2511 prompto,
711 2466 772 2500 sed
791 2466 937 2500 moribus
955 2477 1021 2500 non
1038 2477 1144 2511 usque
1160 2466 1245 2503 adeo
1260 2463 1423 2503 laudatis,
1454 2467 1492 2495 ut
1514 2461 1638 2495 deinde
1654 2473 1719 2506 ap-

258 2511 382 2556 paruit.
429 2513 592 2546 hactenus
617 2512 660 2545 de
683 2512 819 2552 Ioannis
842 2511 985 2549 filiabus.
1032 2511 1176 2544 filiorum
1196 2521 1277 2544 vero
1293 2507 1431 2545 Manus!
1447 2507 1579 2551 quidem
1594 2507 1719 2553 primo-

259 2557 395 2600 genitus
408 2583 418 2601 ‚
451 2562 548 2600 patre
564 2557 673 2591 adhuc
688 2557 870 2602 superstite
882 2584 893 2601 9
925 2557 1070 2592 tolerare
1096 2556 1246 2596 militiam
1259 2555 1322 2591 iam
1338 2560 1517 2598 coeperat,
1551 2553 1719 2597 factisque

257 2601 404 2635 fortibus
429 2602 564 2645 dignum
591 2614 630 2636 se
655 2604 816 2637 maiorum
838 2603 914 2636 loco
934 2614 974 2638 ac
989 2602 1098 2646 gloria
1119 2603 1275 2647 probare.
1321 2599 1474 2644 proxime
1489 2599 1604 2633 abillo
1619 2603 1718 2632 natus

258 2646 408 2681 Isaacius
433 2647 549 2680 fratris
574 2648 709 2682 maioris
732 2649 877 2692 vestigia
900 2649 1086 2693 premebat.
1132 2646 1252 2686 tertius
1264 2650 1376 2679 autem
1391 2644 1529 2683 Alexius
1545 2644 1662 2689 lepore
1677 2654 1719 2678 ac

258 2692 372 2736 gratia
398 2692 587 2726 redundans
614 2705 719 2737 puer,
747 2706 806 2728 ore
833 2694 986 2741 protinus
1011 2694 1085 2738 ipso
1101 2704 1141 2727 ac
1155 2692 1251 2726 vultu
1268 2690 1539 2724 efflorescentem
1553 2689 1719 2734 ingenuae

258 2737 447 2772 venustatis
464 2738 661 2772 suavitatem
677 2750 842 2783 nunquam
857 2740 891 2772 in
907 2740 973 2778 ullo
989 2739 1095 2772 visam
1111 2737 1345 2784 praeferebat,
1375 2738 1486 2770 fronte
1509 2746 1640 2781 semper
1664 2734 1719 2769 hi-

259 2783 341 2825 lari,
373 2783 529 2819 renitenti
559 2783 667 2824 facie,
699 2785 807 2818 arrisu
838 2785 1026 2831 obtutuque
1055 2783 1260 2828 spirantibus
1288 2782 1401 2816 nescio
1432 2781 1512 2826 quid
1539 2780 1719 2816 blandumz

261 2828 432 2874 exemplar
447 2828 513 2863 iam
529 2834 598 2862 tum
615 2829 721 2862 laudis
736 2829 840 2863 omnis
851 2855 862 2871 ‚
893 2829 946 2863 cui
971 2830 1099 2862 frustra
1118 2828 1227 2873 quivis
1243 2827 1418 2872 quantavis
1435 2829 1541 2861 fretus
1557 2827 1720 2860 facultate

260 2885 377 2920 parem
392 2885 430 2909 se
446 2874 704 2914 commendando
719 2878 873 2922 speraret
887 2875 982 2918 fote,
1013 2874 1100 2909 adeo
1123 2873 1290 2908 variarum
1303 2873 1338 2908 in
1351 2885 1452 2908 uuum
1467 2871 1594 2908 dotium
1610 2877 1647 2907 et
1661 2882 1720 2907 οι·-
