1878 3262
178 269 181 272 .
212 224 277 272 58
635 222 943 268 NICEPHORI
975 223 1245 268 BRYENNII

211 345 270 399 τῷ
291 336 532 398 ᾠκειώσατο,
565 337 801 392 δομέστικον
817 341 898 381 τῶν
917 342 1074 393 σχολῶν
1091 342 1164 394 τῆς
1185 337 1384 395 ἀνατολῆς
1405 338 1675 397 καταστήσας,

213 405 494 465 αὐτοκράτορα
527 406 751 464 στρατηγὸν
780 412 854 450 τοῦ
882 408 986 450 κατὰ
1011 406 1207 465 Τούρκων
1236 408 1413 462 πολέμου
1443 415 1586 453 τοῦτον
1608 412 1675 452 ε’κ-

211 478 435 534 πέπομφεν.
505 474 526 518 ὃ
549 477 592 518 δὲ
610 476 862 533 παραλαβών
885 476 958 527 τὰς
985 475 1174 530 δυνάμεις
1202 475 1319 533 ἀπῄει
1343 474 1398 527 ὥς
1419 478 1481 519 ἐπὶ
1501 479 1574 534 τὴν
1594 483 1675 521 τῶν

210 548 513 589 Καππαδοκῶν.
583 546 782 595 ξυνείπετο
812 546 859 588 δέ
886 546 924 588 οἳ
957 547 1024 587 καὶ
1056 543 1077 588 ὃ
1103 545 1280 602 ἀδελφὸς
1298 546 1494 598 Ἀλεξιος,
1541 546 1562 589 ὃ
1585 546 1675 590 τότε

210 616 284 669 μὲν
306 613 460 670 μεγάλη
477 612 687 668 Ῥωμαίων
699 615 811 665 ε’λπὶς
829 616 896 656 καὶ
916 613 972 656 ὢν
988 615 1054 656 καὶ
1075 612 1335 671 φαινόμενος,
1357 613 1525 672 ὕστερον
1543 616 1586 657 δὲ
1600 617 1672 670 μέ-
1685 625 1707 661 5

89 686 119 722 P
143 687 187 723 42
210 701 347 741 γιστον
360 682 575 737 Ῥωμαίοις
599 681 806 740 γενόμενος
829 682 994 741 ὄφελος,
1026 681 1149 738 μήπω
1170 683 1238 726 τὸν
1261 683 1396 726 ἴουλον
1419 685 1675 727 ἓπανθοῦντα

211 754 368 811 φέρων,
415 752 520 794 ἀλλὰ
543 752 596 794 τὰ
617 757 689 807 τῆς
711 757 977 810 στρατηγικῆς
1000 752 1144 809 ἀρετῆς
1171 750 1378 795 ὖπεδείκνυ
1409 755 1477 795 καὶ
1504 752 1582 810 πρὸ
1604 756 1677 807 τῆς

208 820 455 876 τελειότητος
483 825 640 875 μᾶλλον
666 820 768 878 ἤπερ
800 823 925 879 φασὶν
958 821 996 863 οἱ
1029 821 1081 863 τὰ
1106 819 1312 876 Ῥωμαϊκὰ
1344 820 1677 879 συγγραψάμενοι

207 891 279 933 τὸν
301 892 543 945 Σκηπίωνα,
579 888 749 945 ὁπηνίκα
779 892 979 947 ξυνείπετο
1011 894 1070 948 τῷ
1089 892 1281 948 Αῗμυλίῳ
1310 891 1415 933 κατὰ
1433 895 1506 933 τοῦ
1525 893 1675 933 Μακε-

209 957 328 1009 δόνος
364 964 653 1016 στρατηγοῦντι
680 959 886 1016 Περσέως.
955 960 1194 1016 ξυνέπραττε
1232 959 1310 1016 γὰρ
1347 960 1562 1017 τάδελφῷ,
1606 960 1674 1001 καὶ
1687 969 1732 1004 10

206 1028 282 1077 τὰς
303 1026 434 1078 τάξεις
463 1029 664 1079 καθίστα,
693 1030 760 1069 καὶ
788 1028 885 1078 τοῦς
909 1026 1056 1082 λόχους
1083 1029 1239 1080 ἓνίστα,
1279 1030 1347 1070 καὶ
1376 1032 1677 1086 φαλαγγαρχῶν

208 1095 472 1153 ἐφαντάζετο,
508 1099 576 1138 καὶ
603 1095 681 1152 πρὸ
714 1100 786 1150 τῆς
805 1098 945 1152 πείρας
962 1098 1052 1153 περὶ
1073 1097 1124 1139 τὰ
1149 1097 1418 1154 στρατιωτικὰ
1438 1095 1678 1148 δεξιώτατος

208 1164 280 1207 ὦν.
349 1165 430 1206 ἐπεὶ
456 1164 497 1206 δ’
532 1164 760 1221 ἀφικέσθην
783 1167 839 1215 εἷς
856 1164 929 1220 τὴν
957 1167 1247 1208 Καππαδοκῶν
1265 1164 1535 1223 μητρόπολιν,
1570 1167 1677 1222 φημὶ

156 1240 188 1275 Β
212 1233 263 1288 δὴ
285 1232 358 1288 τὴν
379 1232 621 1290 περιβόητον
643 1231 914 1291 Καισάρειαν,
950 1233 1366 1290 ἓστρατοπεδευσάτην
1389 1236 1479 1291 περὶ
1500 1234 1573 1288 τὴν
1594 1251 1676 1275 πα-

209 1302 329 1344 λαιὰν
358 1300 497 1354 πόλιν,
545 1303 633 1344 ἀντὶ
664 1300 824 1360 τάφρου
857 1304 924 1344 καὶ
951 1300 1136 1359 χάρακος
1165 1302 1217 1344 τὰ
1247 1302 1494 1359 διερρωγότα
1523 1301 1674 1357 ταύτης
1686 1310 1730 1347 15

207 1369 530 1427 προβαλλόμενοι
573 1373 705 1425 τείχη·
768 1373 835 1413 καὶ
864 1372 942 1428 γὰρ
975 1371 1087 1428 ἔφθη
1123 1370 1249 1413 πάλαι
1283 1375 1451 1425 σεισμοῦ
1486 1372 1676 1427 γενέσθαι

207 1437 408 1496 πάρεργον
439 1444 588 1497 μικροῦ
617 1442 699 1481 δεῖν
729 1438 892 1493 ἅπασα,
927 1438 1089 1496 πύργων
1119 1441 1232 1482 ἐνίων
1261 1441 1600 1497 περιλειφθέντων
1620 1442 1676 1489 εἰς

208 1507 411 1558 ἀπόδειξιν
438 1507 552 1562 οἶμαι
578 1512 649 1562 τῆς
677 1513 854 1558 παλαιᾶς
881 1509 1137 1562 εὐδαιμονίας
1156 1514 1228 1564 τῆς
1247 1507 1413 1559 πόλεως.
1482 1509 1523 1550 ἐν
1547 1507 1674 1564 ταύτῃ

206 1580 304 1633 γοῦν
345 1575 785 1634 στρατοπεδευσάμενοι
820 1579 1101 1620 διεσκοποῦντο
1136 1577 1245 1627 ὅπως
1279 1576 1328 1619 ἂν
1362 1575 1546 1626 ἐπιόντας
1578 1577 1675 1627 τοὺς

209 1643 423 1703 Τούρκους
440 1647 507 1687 καὶ
528 1646 603 1696 τὰς
624 1643 870 1699 κωμοπόλεις
890 1649 1147 1702 πορθοῦντας
1168 1644 1479 1700 ἀποσοβήσαιεν.
1682 1655 1730 1690 20

344 1713 391 1758 4.
453 1714 565 1756 Ἀλλ’
594 1712 699 1756 οὕτω
717 1715 790 1768 μὲν
814 1709 937 1757 οὗτοι.
989 1715 1072 1756 ἐπεὶ
1093 1716 1136 1757 δὲ
1157 1716 1407 1770 συνετρίβετο
1427 1712 1585 1765 τούτοις
1604 1715 1674 1756 καὶ

156 1785 188 1821 C
210 1779 233 1824 ὃ
261 1781 450 1840 Φράγγος
480 1783 720 1840 Οὖρσέλιος,
753 1787 826 1838 τῆς
851 1782 1030 1841 ἑταιρίας
1062 1782 1117 1826 ὧν
1148 1787 1222 1826 τοῦ
1248 1784 1474 1841 Κρισπίνου
1504 1785 1572 1826 καὶ
1601 1787 1675 1838 τῆς

207 1958 295 1993 cium
321 1957 453 1992 recenti
479 1957 543 1992 sibi
565 1957 732 1992 affinitate
758 1957 908 1993 iunctum
931 1961 967 1993 et
981 1957 1199 1992 domesticum
1215 1957 1402 1993 scholarum
1417 1967 1481 2002 per
1497 1956 1672 1991 Orientem

208 2004 427 2038 constitutum
451 2015 612 2038 summum
635 2005 712 2038 belli
728 2005 846 2039 ducem
866 2009 984 2039 contra
999 2005 1133 2038 Turcos
1149 2004 1270 2048 mittit,
1297 2003 1355 2049 qui
1370 2003 1549 2048 assumptis
1565 2002 1672 2048 copiis

208 2050 457 2095 Cappadociam
478 2062 599 2085 versus
622 2051 688 2084 iter
715 2050 870 2086 intendit.
917 2054 1054 2085 secutus
1079 2051 1189 2096 ipsum
1211 2054 1264 2084 est
1290 2051 1399 2084 frater
1423 2049 1495 2083 eius
1518 2049 1668 2091 Alendus,

207 2106 330 2140 magna
349 2096 415 2129 iam
439 2101 510 2129 tum
527 2097 750 2131 Romanorum
767 2108 845 2142 spes
860 2096 969 2142 palam
984 2108 1048 2130 nec
1062 2097 1149 2130 falso
1165 2096 1332 2139 creditus,
1356 2095 1568 2140 postmodum
1583 2093 1670 2128 enim
1713 2127 1715 2129 .

206 2141 356 2185 auguriis
370 2141 403 2174 in
419 2147 541 2175 eventa
556 2143 811 2186 proficientibus
827 2147 1057 2187 exspectatum
1073 2143 1125 2176 sui
1137 2143 1285 2176 fructum
1296 2168 1307 2184 ‚
1341 2141 1535 2176 felicitatem
1549 2139 1671 2174 videli-

209 2194 266 2221 cet
281 2187 457 2222 maximam
473 2188 523 2221 rei
540 2188 698 2232 publicae
712 2189 984 2234 repraesentavit
996 2216 1007 2233 ,
1038 2194 1121 2222 tunc
1145 2192 1257 2222 autem
1280 2188 1389 2222 adhuc
1403 2185 1670 2220 adolescentulus

206 2233 267 2268 vix
290 2234 397 2278 prima
417 2233 574 2277 lanugine
588 2234 744 2278 signabat
758 2236 872 2268 malas.
921 2246 1119 2280 quamquam
1136 2234 1340 2268 abundantia
1357 2233 1508 2269 militaris
1522 2231 1669 2265 strenui-

206 2279 286 2313 tatis
312 2279 447 2313 maioris
472 2279 573 2313 facile
597 2279 720 2313 aetatis
743 2281 891 2314 officium
907 2280 1060 2326 expleret
1072 2307 1082 2323 ‚
1107 2281 1239 2325 qualem
1254 2280 1312 2325 qui
1329 2280 1456 2314 Romae
1470 2277 1595 2311 veteris
1612 2282 1673 2311 res*

206 2325 388 2359 memoriae
411 2325 610 2359 mandarunt
625 2326 818 2370 Scipionem
843 2327 981 2367 ferunt,
1016 2337 1088 2360 cum
1105 2326 1244 2360 Aemilio
1268 2326 1432 2368 adversus
1448 2323 1668 2357 Macedonem

208 2371 372 2405 Perseum
397 2372 606 2405 consularem
631 2372 816 2405 exercitum
839 2372 977 2406 ducenti
992 2382 1102 2406 comes
1118 2371 1340 2418 expeditionis
1358 2374 1457 2405 esset.
1503 2380 1565 2402 nec
1580 2369 1667 2403 enim

208 2416 264 2450 hic
280 2417 413 2460 segnius
428 2417 565 2451 Alexius
580 2417 701 2451 fortem
717 2417 816 2451 fratri
831 2429 966 2463 operam
981 2418 1131 2452 navabat
1146 2417 1383 2451 constituendis
1397 2414 1568 2450 ordinibus
1580 2442 1590 2458 ,
1613 2414 1668 2448 in-

208 2462 300 2496 sidiis
315 2463 464 2497 locandis
481 2463 554 2497 acie
569 2462 743 2507 dirigenda
759 2464 1009 2508 movendaque,
1043 2464 1229 2498 simulacris
1245 2463 1444 2508 praeliorum
1454 2486 1463 2501 ‚
1495 2461 1616 2505 quibus
1631 2461 1668 2494 in

210 2509 362 2541 omnibus
378 2509 677 2543 exercitationibus
692 2509 892 2543 militaribus
908 2510 988 2543 mira
1003 2510 1036 2543 in
1051 2510 1172 2544 iuvene
1186 2508 1370 2543 dexteritas
1386 2506 1563 2541 eminebat.
1597 2507 1668 2540 Ce-

208 2557 319 2587 terum
344 2555 402 2588 ubi
423 2559 623 2599 perventum
646 2554 690 2589 ad
706 2555 916 2600 metropolim
933 2555 1171 2600 Cappadocum
1185 2581 1196 2598 ‚
1229 2554 1392 2588 celebrem
1417 2552 1504 2586 illam
1531 2552 1666 2597 inquam

209 2599 415 2634 Caesaream
427 2625 438 2642 ‚
475 2606 586 2634 castra
601 2606 785 2646 posuerunt
797 2601 831 2634 in
846 2601 1001 2645 vestigiis
1018 2601 1109 2635 urbis
1126 2600 1248 2635 veteris
1262 2599 1361 2633 muris
1379 2597 1450 2632 eius
1465 2598 1587 2632 dirutis
1602 2609 1665 2643 pro

210 2646 374 2679 castrensi
397 2646 487 2679 vallo
505 2647 662 2691 fossaque
676 2647 739 2681 usi.
787 2647 864 2680 olim
890 2647 975 2681 enim
991 2648 1076 2681 haec
1093 2647 1212 2682 civitas
1226 2650 1341 2679 terrae
1361 2649 1453 2677 motu
1469 2655 1577 2688 paene
1595 2649 1667 2678 tota

209 2691 367 2735 concidit,
386 2691 533 2725 turribus
547 2692 724 2726 dumtaxat
738 2692 866 2727 relictis
881 2693 996 2738 paucis
1011 2693 1106 2737 quasi
1121 2692 1164 2726 ad
1181 2691 1346 2737 specimen
1361 2690 1520 2734 antiquae
1536 2689 1667 2734 magni-

209 2737 380 2771 ficentiae.
412 2737 465 2770 hic
480 2737 582 2780 igitur
596 2738 715 2771 castris
730 2738 848 2783 positis
862 2739 1118 2782 consultabant,
1142 2748 1240 2782 quam
1255 2736 1379 2770 inirent
1393 2737 1555 2770 rationem
1571 2735 1666 2769 cobi-

210 2783 311 2817 bendi
325 2784 459 2817 Turcos
474 2783 568 2816 vicos
584 2784 704 2826 passim
722 2784 868 2827 regionis
884 2784 986 2817 foede
1003 2783 1205 2817 desolantes.
1469 2796 1473 2804 ⁵

301 2829 335 2866 4.
380 2828 478 2862 Talia
492 2828 558 2862 illis
575 2828 828 2872 meditantibus,
851 2829 1007 2862 Urselius
1024 2830 1195 2870 Francus,
1219 2838 1318 2872 quem
1333 2827 1503 2862 habebant
1516 2826 1550 2860 in
1566 2837 1666 2860 exer-

210 2874 281 2922 citu
304 2885 325 2910 e
342 2874 507 2910 societate
522 2874 689 2920 Crispini,
721 2875 815 2909 cuius
834 2875 911 2910 loco
934 2885 1042 2921 nuper
1064 2874 1186 2910 mortui
1207 2874 1323 2920 copias
1347 2874 1420 2908 eius
1443 2873 1667 2918 gubernabat,
