<?xml version="1.0" encoding="UTF-8"?>
<!DOCTYPE html PUBLIC "-//W3C//DTD XHTML 1.0 Transitional//EN"
    "http://www.w3.org/TR/xhtml1/DTD/xhtml1-transitional.dtd">
<html xmlns="http://www.w3.org/1999/xhtml" xml:lang="en" lang="en">
 <head>
  <title>
</title>
<meta http-equiv="Content-Type" content="text/html;charset=utf-8" />
  <meta name='ocr-system' content='tesseract 3.04.00' />
  <meta name='ocr-capabilities' content='ocr_page ocr_carea ocr_par ocr_line ocrx_word'/>
</head>
<body>
  <div class='ocr_page' id='page_1' title='image "./corpusscriptorum26niebuoft_0523.png"; bbox 0 0 1878 3262; ppageno 0'>
   <div class='ocr_carea' id='block_1_1' title="bbox 545 195 1633 250">
    <p class='ocr_par' dir='ltr' id='par_1_1' title="bbox 545 195 1633 250">
     <span class='ocr_line' id='line_1_1' title="bbox 545 195 1633 250; baseline -0.003 -7"><span class='ocrx_word' id='word_1_1' title='bbox 545 197 1087 243; x_wconf 71' lang='lat' dir='ltr'>COBfflOENTARIORUM</span> <span class='ocrx_word' id='word_1_2' title='bbox 1119 198 1168 241; x_wconf 87' lang='lat' dir='ltr'>L.</span> <span class='ocrx_word' id='word_1_3' title='bbox 1197 197 1254 250; x_wconf 71' lang='lat'>11,</span> <span class='ocrx_word' id='word_1_4' title='bbox 1568 195 1633 241; x_wconf 83' lang='lat'>63</span> 
     </span>
    </p>
   </div>
   <div class='ocr_carea' id='block_1_2' title="bbox 109 308 1754 1679">
    <p class='ocr_par' dir='ltr' id='par_1_2' title="bbox 166 308 1754 441">
     <span class='ocr_line' id='line_1_2' title="bbox 169 308 1754 373; baseline -0.004 -16"><span class='ocrx_word' id='word_1_5' title='bbox 169 312 425 373; x_wconf 84' lang='grc' dir='ltr'><em>παράδοξον,</em></span> <span class='ocrx_word' id='word_1_6' title='bbox 455 310 517 357; x_wconf 80' lang='grc' dir='ltr'>ὅτι</span> <span class='ocrx_word' id='word_1_7' title='bbox 534 315 602 356; x_wconf 85' lang='grc' dir='ltr'>καὶ</span> <span class='ocrx_word' id='word_1_8' title='bbox 624 313 893 371; x_wconf 79' lang='grc' dir='ltr'><em>αἱμορραγιάς</em></span> <span class='ocrx_word' id='word_1_9' title='bbox 912 311 975 356; x_wconf 81' lang='grc' dir='ltr'>ὅτι</span> <span class='ocrx_word' id='word_1_10' title='bbox 992 313 1181 367; x_wconf 73' lang='grc' dir='ltr'><strong><em>πλείστης</em></strong></span> <span class='ocrx_word' id='word_1_11' title='bbox 1198 311 1242 354; x_wconf 85' lang='grc' dir='ltr'><em>ἐκ</em></span> <span class='ocrx_word' id='word_1_12' title='bbox 1266 313 1348 353; x_wconf 80' lang='grc' dir='ltr'>τῶν</span> <span class='ocrx_word' id='word_1_13' title='bbox 1370 308 1490 367; x_wconf 76' lang='grc' dir='ltr'><em>ῥινῶν</em></span> <span class='ocrx_word' id='word_1_14' title='bbox 1503 325 1634 367; x_wconf 88' lang='grc' dir='ltr'><em>προσ-</em></span> <span class='ocrx_word' id='word_1_15' title='bbox 1654 315 1686 351; x_wconf 90' lang='lat' dir='ltr'>P</span> <span class='ocrx_word' id='word_1_16' title='bbox 1707 314 1754 351; x_wconf 85' lang='lat'>45</span> 
     </span>
     <span class='ocr_line' id='line_1_3' title="bbox 166 377 1635 441; baseline -0.003 -15"><span class='ocrx_word' id='word_1_17' title='bbox 166 384 379 441; x_wconf 75' lang='grc' dir='ltr'><em>γενομένης</em></span> <span class='ocrx_word' id='word_1_18' title='bbox 400 382 511 440; x_wconf 77' lang='grc' dir='ltr'><em>αῧτῷ</em></span> <span class='ocrx_word' id='word_1_19' title='bbox 532 384 575 434; x_wconf 77' lang='grc' dir='ltr'>ἐξ</span> <span class='ocrx_word' id='word_1_20' title='bbox 597 380 691 425; x_wconf 82' lang='grc' dir='ltr'><em>ὅτου</em></span> <span class='ocrx_word' id='word_1_21' title='bbox 714 383 946 438; x_wconf 85' lang='grc' dir='ltr'><em>πεζοπορεΐν</em></span> <span class='ocrx_word' id='word_1_22' title='bbox 967 381 1120 439; x_wconf 77' lang='grc' dir='ltr'><em>ἤρξατο</em></span> <span class='ocrx_word' id='word_1_23' title='bbox 1144 381 1213 424; x_wconf 81' lang='grc' dir='ltr'>διὰ</span> <span class='ocrx_word' id='word_1_24' title='bbox 1232 378 1367 434; x_wconf 81' lang='grc' dir='ltr'><em>πάσης</em></span> <span class='ocrx_word' id='word_1_25' title='bbox 1386 383 1460 433; x_wconf 79' lang='grc' dir='ltr'>τῆξ</span> <span class='ocrx_word' id='word_1_26' title='bbox 1477 377 1635 431; x_wconf 84' lang='grc' dir='ltr'><em>νυκτός,</em></span> 
     </span>
    </p>

    <p class='ocr_par' dir='ltr' id='par_1_3' title="bbox 169 447 1635 507">
     <span class='ocr_line' id='line_1_4' title="bbox 169 447 1635 507; baseline -0.003 -13"><span class='ocrx_word' id='word_1_27' title='bbox 169 451 261 494; x_wconf 67' lang='grc' dir='ltr'><em>οὔτε</em></span> <span class='ocrx_word' id='word_1_28' title='bbox 283 451 388 494; x_wconf 80' lang='grc' dir='ltr'><em>ὅπλα</em></span> <span class='ocrx_word' id='word_1_29' title='bbox 409 452 609 507; x_wconf 78' lang='grc' dir='ltr'><em>ἀπέβαλεν</em></span> <span class='ocrx_word' id='word_1_30' title='bbox 628 449 719 493; x_wconf 77' lang='grc' dir='ltr'><em>οὕτε</em></span> <span class='ocrx_word' id='word_1_31' title='bbox 740 455 814 493; x_wconf 84' lang='grc' dir='ltr'>τοῦ</span> <span class='ocrx_word' id='word_1_32' title='bbox 833 448 988 507; x_wconf 79' lang='grc' dir='ltr'><em>δρόμου</em></span> <span class='ocrx_word' id='word_1_33' title='bbox 1009 449 1228 503; x_wconf 80' lang='grc' dir='ltr'><em>ἐπαύσατο,</em></span> <span class='ocrx_word' id='word_1_34' title='bbox 1253 450 1397 506; x_wconf 82' lang='grc' dir='ltr'><em>μέχρις</em></span> <span class='ocrx_word' id='word_1_35' title='bbox 1416 447 1512 491; x_wconf 80' lang='grc' dir='ltr'><em>ὅτου</em></span> <span class='ocrx_word' id='word_1_36' title='bbox 1531 447 1635 506; x_wconf 78' lang='grc' dir='ltr'><em>πρὸς</em></span> 
     </span>
    </p>

    <p class='ocr_par' dir='ltr' id='par_1_4' title="bbox 167 519 946 580">
     <span class='ocr_line' id='line_1_5' title="bbox 167 519 946 580; baseline -0.004 -16"><span class='ocrx_word' id='word_1_37' title='bbox 167 520 215 564; x_wconf 83' lang='grc' dir='ltr'>τὸ</span> <span class='ocrx_word' id='word_1_38' title='bbox 236 522 279 564; x_wconf 81' lang='grc' dir='ltr'>ἐν</span> <span class='ocrx_word' id='word_1_39' title='bbox 302 523 344 563; x_wconf 93' lang='grc' dir='ltr'><strong><em>Γ</em></strong></span> <span class='ocrx_word' id='word_1_40' title='bbox 341 522 540 580; x_wconf 70' lang='grc' dir='ltr'><em>αβαδονίᾳ</em></span> <span class='ocrx_word' id='word_1_41' title='bbox 557 521 760 574; x_wconf 84' lang='grc' dir='ltr'><em>πολίχνιον</em></span> <span class='ocrx_word' id='word_1_42' title='bbox 781 519 946 575; x_wconf 81' lang='grc' dir='ltr'><em>ἐγένετο.</em></span> 
     </span>
    </p>

    <p class='ocr_par' dir='ltr' id='par_1_5' title="bbox 134 581 1636 786">
     <span class='ocr_line' id='line_1_6' title="bbox 134 581 1636 645; baseline -0.004 -13"><span class='ocrx_word' id='word_1_43' title='bbox 134 596 158 632; x_wconf 87' lang='grc'>5</span> <span class='ocrx_word' id='word_1_44' title='bbox 306 589 352 634; x_wconf 90' lang='grc'>7.</span> <span class='ocrx_word' id='word_1_45' title='bbox 416 590 564 633; x_wconf 84' lang='grc' dir='ltr'><em>Ἔκεῖσε</em></span> <span class='ocrx_word' id='word_1_46' title='bbox 585 589 627 631; x_wconf 81' lang='grc' dir='ltr'>δ’</span> <span class='ocrx_word' id='word_1_47' title='bbox 653 589 780 630; x_wconf 82' lang='grc' dir='ltr'><em>αὐτοῦ</em></span> <span class='ocrx_word' id='word_1_48' title='bbox 797 588 1009 645; x_wconf 73' lang='grc' dir='ltr'><em>γενομένου</em></span> <span class='ocrx_word' id='word_1_49' title='bbox 1033 587 1226 629; x_wconf 72' lang='grc' dir='ltr'><em>συνέθεον</em></span> <span class='ocrx_word' id='word_1_50' title='bbox 1247 584 1420 636; x_wconf 79' lang='grc' dir='ltr'><em>ἅπαντες</em></span> <span class='ocrx_word' id='word_1_51' title='bbox 1444 586 1483 627; x_wconf 79' lang='grc' dir='ltr'>οἳ</span> <span class='ocrx_word' id='word_1_52' title='bbox 1507 581 1636 640; x_wconf 69' lang='grc' dir='ltr'><em>ἐγχεό-</em></span> 
     </span>
     <span class='ocr_line' id='line_1_7' title="bbox 168 653 1635 717; baseline -0.004 -16"><span class='ocrx_word' id='word_1_53' title='bbox 168 676 248 717; x_wconf 92' lang='grc' dir='ltr'><em>ριοι</em></span> <span class='ocrx_word' id='word_1_54' title='bbox 259 691 272 710; x_wconf 90' lang='grc'><em>,</em></span> <span class='ocrx_word' id='word_1_55' title='bbox 309 659 354 700; x_wconf 77' lang='grc' dir='ltr'>οἳ</span> <span class='ocrx_word' id='word_1_56' title='bbox 374 661 442 701; x_wconf 83' lang='grc' dir='ltr'>καὶ</span> <span class='ocrx_word' id='word_1_57' title='bbox 466 657 637 716; x_wconf 79' lang='grc' dir='ltr'><em>ὁρῶντες</em></span> <span class='ocrx_word' id='word_1_58' title='bbox 658 657 786 699; x_wconf 80' lang='grc' dir='ltr'><em>αὐτοῦ</em></span> <span class='ocrx_word' id='word_1_59' title='bbox 805 657 878 712; x_wconf 84' lang='grc' dir='ltr'>τὴν</span> <span class='ocrx_word' id='word_1_60' title='bbox 903 655 1166 698; x_wconf 86' lang='grc' dir='ltr'><em>ἐπιθανάτιον</em></span> <span class='ocrx_word' id='word_1_61' title='bbox 1180 660 1352 710; x_wconf 82' lang='grc' dir='ltr'><em>χλαῖναν</em></span> <span class='ocrx_word' id='word_1_62' title='bbox 1368 653 1635 697; x_wconf 77' lang='grc' dir='ltr'><em>κατάστικτον</em></span> 
     </span>
     <span class='ocr_line' id='line_1_8' title="bbox 167 721 1634 786; baseline -0.003 -17"><span class='ocrx_word' id='word_1_63' title='bbox 167 733 226 786; x_wconf 76' lang='grc' dir='ltr'>τῷ</span> <span class='ocrx_word' id='word_1_64' title='bbox 247 726 390 785; x_wconf 86' lang='grc' dir='ltr'><em>λύθρῳ</em></span> <span class='ocrx_word' id='word_1_65' title='bbox 411 732 484 770; x_wconf 83' lang='grc' dir='ltr'>τοῦ</span> <span class='ocrx_word' id='word_1_66' title='bbox 505 729 677 781; x_wconf 74' lang='grc' dir='ltr'><em>αἵματος</em></span> <span class='ocrx_word' id='word_1_67' title='bbox 696 724 852 768; x_wconf 70' lang='grc' dir='ltr'><em>ἴστενόν</em></span> <span class='ocrx_word' id='word_1_68' title='bbox 873 743 915 768; x_wconf 86' lang='grc' dir='ltr'>τε</span> <span class='ocrx_word' id='word_1_69' title='bbox 936 727 1003 767; x_wconf 80' lang='grc' dir='ltr'>καὶ</span> <span class='ocrx_word' id='word_1_70' title='bbox 1027 724 1223 781; x_wconf 87' lang='grc' dir='ltr'><em>ἐδάκρυον</em></span> <span class='ocrx_word' id='word_1_71' title='bbox 1242 723 1297 774; x_wconf 79' lang='grc' dir='ltr'>ὥς</span> <span class='ocrx_word' id='word_1_72' title='bbox 1318 722 1435 775; x_wconf 81' lang='grc' dir='ltr'><em>εῗκός.</em></span> <span class='ocrx_word' id='word_1_73' title='bbox 1505 721 1563 772; x_wconf 81' lang='grc' dir='ltr'>ὡς</span> <span class='ocrx_word' id='word_1_74' title='bbox 1591 721 1634 764; x_wconf 71' lang='grc' dir='ltr'>δ’</span> 
     </span>
    </p>

    <p class='ocr_par' dir='ltr' id='par_1_6' title="bbox 111 791 1687 1265">
     <span class='ocr_line' id='line_1_9' title="bbox 167 791 1637 854; baseline -0.004 -16"><span class='ocrx_word' id='word_1_75' title='bbox 167 795 195 851; x_wconf 70' lang='grc' dir='ltr'>ἡ</span> <span class='ocrx_word' id='word_1_76' title='bbox 223 795 338 854; x_wconf 82' lang='grc' dir='ltr'><em>φήμη</em></span> <span class='ocrx_word' id='word_1_77' title='bbox 366 796 439 851; x_wconf 83' lang='grc' dir='ltr'>τὴν</span> <span class='ocrx_word' id='word_1_78' title='bbox 470 794 607 853; x_wconf 73' lang='grc' dir='ltr'><em>ἄφιξιν</em></span> <span class='ocrx_word' id='word_1_79' title='bbox 635 794 780 837; x_wconf 85' lang='grc' dir='ltr'><em>τούτου</em></span> <span class='ocrx_word' id='word_1_80' title='bbox 802 801 886 845; x_wconf 79' lang='grc' dir='ltr'><em>τοῖς</em></span> <span class='ocrx_word' id='word_1_81' title='bbox 907 792 1194 837; x_wconf 75' lang='grc' dir='ltr'><em>δυναστεύουσι</em></span> <span class='ocrx_word' id='word_1_82' title='bbox 1214 793 1501 849; x_wconf 76' lang='grc' dir='ltr'><em>παρέπεμψεν,</em></span> <span class='ocrx_word' id='word_1_83' title='bbox 1537 791 1637 848; x_wconf 78' lang='grc' dir='ltr'><em>ἄφί-</em></span> 
     </span>
     <span class='ocr_line' id='line_1_10' title="bbox 167 860 1638 921; baseline -0.005 -14"><span class='ocrx_word' id='word_1_84' title='bbox 167 864 285 907; x_wconf 88' lang='grc' dir='ltr'><em>κοντό</em></span> <span class='ocrx_word' id='word_1_85' title='bbox 307 882 348 907; x_wconf 90' lang='grc' dir='ltr'>τε</span> <span class='ocrx_word' id='word_1_86' title='bbox 368 864 470 921; x_wconf 83' lang='grc' dir='ltr'><em>πρὸς</em></span> <span class='ocrx_word' id='word_1_87' title='bbox 489 865 612 907; x_wconf 77' lang='grc' dir='ltr'><em>αὐτὸν</em></span> <span class='ocrx_word' id='word_1_88' title='bbox 631 866 698 906; x_wconf 81' lang='grc' dir='ltr'>καὶ</span> <span class='ocrx_word' id='word_1_89' title='bbox 717 864 818 906; x_wconf 74' lang='grc' dir='ltr'><em>οἴκοι</em></span> <span class='ocrx_word' id='word_1_90' title='bbox 840 868 984 906; x_wconf 82' lang='grc' dir='ltr'><em>τοῦτον</em></span> <span class='ocrx_word' id='word_1_91' title='bbox 1005 863 1160 918; x_wconf 75' lang='grc' dir='ltr'><em>ἀπῆγον</em></span> <span class='ocrx_word' id='word_1_92' title='bbox 1181 862 1285 916; x_wconf 78' lang='grc' dir='ltr'><em>μετὰ</em></span> <span class='ocrx_word' id='word_1_93' title='bbox 1303 866 1423 916; x_wconf 82' lang='grc' dir='ltr'><em>τιμῆς</em></span> <span class='ocrx_word' id='word_1_94' title='bbox 1441 861 1501 902; x_wconf 85' lang='grc' dir='ltr'>ὅτι</span> <span class='ocrx_word' id='word_1_95' title='bbox 1523 860 1638 901; x_wconf 86' lang='grc' dir='ltr'><em>πλεί-</em></span> 
     </span>
     <span class='ocr_line' id='line_1_11' title="bbox 111 927 1687 991; baseline -0.004 -15"><span class='ocrx_word' id='word_1_96' title='bbox 111 941 157 976; x_wconf 90' lang='grc'>10</span> <span class='ocrx_word' id='word_1_97' title='bbox 168 950 266 988; x_wconf 86' lang='grc' dir='ltr'><em>στης</em></span> <span class='ocrx_word' id='word_1_98' title='bbox 289 932 547 991; x_wconf 75' lang='grc' dir='ltr'><em>φιλοφρόνως</em></span> <span class='ocrx_word' id='word_1_99' title='bbox 574 931 876 987; x_wconf 69' lang='grc' dir='ltr'><em>ὑποδεξάμενοι.</em></span> <span class='ocrx_word' id='word_1_100' title='bbox 943 932 1093 981; x_wconf 78' lang='grc' dir='ltr'><em>στολὰς</em></span> <span class='ocrx_word' id='word_1_101' title='bbox 1124 932 1167 973; x_wconf 80' lang='grc' dir='ltr'>δὲ</span> <span class='ocrx_word' id='word_1_102' title='bbox 1194 929 1377 984; x_wconf 77' lang='grc' dir='ltr'><em>ἐκόμιζον</em></span> <span class='ocrx_word' id='word_1_103' title='bbox 1403 927 1637 986; x_wconf 76' lang='grc' dir='ltr'><em>πρεπούσας</em></span> <span class='ocrx_word' id='word_1_104' title='bbox 1655 939 1687 973; x_wconf 88' lang='grc' dir='ltr'>Β</span> 
     </span>
     <span class='ocr_line' id='line_1_12' title="bbox 167 995 1638 1060; baseline -0.004 -16"><span class='ocrx_word' id='word_1_105' title='bbox 167 1003 285 1059; x_wconf 75' lang='grc' dir='ltr'><em>ἀνδρὶ</em></span> <span class='ocrx_word' id='word_1_106' title='bbox 306 1001 474 1060; x_wconf 80' lang='grc' dir='ltr'><em>τοιούτῳ</em></span> <span class='ocrx_word' id='word_1_107' title='bbox 492 1004 559 1044; x_wconf 82' lang='grc' dir='ltr'>καὶ</span> <span class='ocrx_word' id='word_1_108' title='bbox 577 1000 817 1059; x_wconf 73' lang='grc' dir='ltr'><em>θεραπεύειν</em></span> <span class='ocrx_word' id='word_1_109' title='bbox 836 1001 882 1044; x_wconf 86' lang='grc' dir='ltr'>τὸ</span> <span class='ocrx_word' id='word_1_110' title='bbox 900 1005 1020 1054; x_wconf 76' lang='grc' dir='ltr'><em>σῶμα</em></span> <span class='ocrx_word' id='word_1_111' title='bbox 1038 1005 1110 1043; x_wconf 82' lang='grc' dir='ltr'>τοῦ</span> <span class='ocrx_word' id='word_1_112' title='bbox 1127 995 1218 1041; x_wconf 87' lang='grc' dir='ltr'><em>νέου</em></span> <span class='ocrx_word' id='word_1_113' title='bbox 1238 999 1438 1048; x_wconf 82' lang='grc' dir='ltr'><em>παντοίως</em></span> <span class='ocrx_word' id='word_1_114' title='bbox 1454 1001 1638 1054; x_wconf 73' lang='grc' dir='ltr'><em>προεθυ-</em></span> 
     </span>
     <span class='ocr_line' id='line_1_13' title="bbox 166 1067 1639 1128; baseline -0.005 -15"><span class='ocrx_word' id='word_1_115' title='bbox 166 1075 340 1125; x_wconf 83' lang='grc' dir='ltr'><em>μοῦντο,</em></span> <span class='ocrx_word' id='word_1_116' title='bbox 388 1069 443 1121; x_wconf 81' lang='grc' dir='ltr'>ὥς</span> <span class='ocrx_word' id='word_1_117' title='bbox 467 1073 534 1113; x_wconf 87' lang='grc' dir='ltr'>καὶ</span> <span class='ocrx_word' id='word_1_118' title='bbox 559 1070 785 1128; x_wconf 83' lang='grc' dir='ltr'><em>κάτοπτρον</em></span> <span class='ocrx_word' id='word_1_119' title='bbox 805 1069 935 1127; x_wconf 85' lang='grc' dir='ltr'><em>τούτῳ</em></span> <span class='ocrx_word' id='word_1_120' title='bbox 958 1071 1121 1124; x_wconf 86' lang='grc' dir='ltr'><em>κομίσαι</em></span> <span class='ocrx_word' id='word_1_121' title='bbox 1148 1068 1253 1111; x_wconf 82' lang='grc' dir='ltr'><em>κατὰ</em></span> <span class='ocrx_word' id='word_1_122' title='bbox 1274 1068 1320 1111; x_wconf 83' lang='grc' dir='ltr'>τὸ</span> <span class='ocrx_word' id='word_1_123' title='bbox 1345 1067 1447 1124; x_wconf 72' lang='grc' dir='ltr'><em>παρ’</em></span> <span class='ocrx_word' id='word_1_124' title='bbox 1476 1067 1639 1115; x_wconf 77' lang='grc' dir='ltr'><em>ἐκείνοις</em></span> 
     </span>
     <span class='ocr_line' id='line_1_14' title="bbox 166 1135 1636 1196; baseline -0.005 -14"><span class='ocrx_word' id='word_1_125' title='bbox 166 1139 285 1191; x_wconf 70' lang='grc' dir='ltr'><em>ἔθος,</em></span> <span class='ocrx_word' id='word_1_126' title='bbox 320 1141 387 1182; x_wconf 81' lang='grc' dir='ltr'>καὶ</span> <span class='ocrx_word' id='word_1_127' title='bbox 407 1139 508 1196; x_wconf 84' lang='grc' dir='ltr'><em>πρὸς</em></span> <span class='ocrx_word' id='word_1_128' title='bbox 530 1140 629 1181; x_wconf 81' lang='grc' dir='ltr'><em>αὐτὸ</em></span> <span class='ocrx_word' id='word_1_129' title='bbox 652 1140 837 1192; x_wconf 80' lang='grc' dir='ltr'><em>ἄτενίζειν</em></span> <span class='ocrx_word' id='word_1_130' title='bbox 858 1136 978 1181; x_wconf 82' lang='grc'>***.</span> <span class='ocrx_word' id='word_1_131' title='bbox 1048 1136 1069 1180; x_wconf 83' lang='grc' dir='ltr'><em>ὃ</em></span> <span class='ocrx_word' id='word_1_132' title='bbox 1102 1139 1146 1180; x_wconf 77' lang='grc' dir='ltr'>δὲ</span> <span class='ocrx_word' id='word_1_133' title='bbox 1174 1137 1292 1179; x_wconf 82' lang='grc' dir='ltr'><em>τοῦτ’</em></span> <span class='ocrx_word' id='word_1_134' title='bbox 1331 1136 1429 1178; x_wconf 74' lang='grc' dir='ltr'><em>ἰδὼν</em></span> <span class='ocrx_word' id='word_1_135' title='bbox 1466 1135 1636 1189; x_wconf 84' lang='grc' dir='ltr'><em>ἐμειδία,</em></span> 
     </span>
     <span class='ocr_line' id='line_1_15' title="bbox 166 1201 1637 1265; baseline -0.004 -15"><span class='ocrx_word' id='word_1_136' title='bbox 166 1209 347 1258; x_wconf 81' lang='grc' dir='ltr'><em>κάκεῖνος</em></span> <span class='ocrx_word' id='word_1_137' title='bbox 376 1210 602 1265; x_wconf 78' lang='grc' dir='ltr'><em>διηπορεῖτο</em></span> <span class='ocrx_word' id='word_1_138' title='bbox 631 1208 676 1250; x_wconf 85' lang='grc' dir='ltr'>τὸ</span> <span class='ocrx_word' id='word_1_139' title='bbox 704 1207 923 1265; x_wconf 81' lang='grc' dir='ltr'><em>δρώμενον.</em></span> <span class='ocrx_word' id='word_1_140' title='bbox 992 1206 1014 1249; x_wconf 82' lang='grc' dir='ltr'><strong><em>ὃ</em></strong></span> <span class='ocrx_word' id='word_1_141' title='bbox 1053 1208 1096 1249; x_wconf 79' lang='grc' dir='ltr'>δὲ</span> <span class='ocrx_word' id='word_1_142' title='bbox 1133 1206 1206 1248; x_wconf 78' lang='grc' dir='ltr'><em>οὐκ</em></span> <span class='ocrx_word' id='word_1_143' title='bbox 1238 1205 1336 1255; x_wconf 67' lang='grc' dir='ltr'><em>ἔθος</em></span> <span class='ocrx_word' id='word_1_144' title='bbox 1358 1203 1436 1262; x_wconf 66' lang='grc' dir='ltr'>ἔφη</span> <span class='ocrx_word' id='word_1_145' title='bbox 1462 1201 1637 1260; x_wconf 77' lang='grc' dir='ltr'><em>ἀνδράσι</em></span> 
     </span>
    </p>

    <p class='ocr_par' dir='ltr' id='par_1_7' title="bbox 111 1272 1687 1608">
     <span class='ocr_line' id='line_1_16' title="bbox 111 1272 1638 1334; baseline -0.003 -16"><span class='ocrx_word' id='word_1_146' title='bbox 111 1281 156 1318; x_wconf 85' lang='grc'>15</span> <span class='ocrx_word' id='word_1_147' title='bbox 167 1279 234 1319; x_wconf 85' lang='grc' dir='ltr'>καὶ</span> <span class='ocrx_word' id='word_1_148' title='bbox 262 1282 392 1319; x_wconf 80' lang='grc' dir='ltr'><em>ταῦτα</em></span> <span class='ocrx_word' id='word_1_149' title='bbox 420 1276 686 1334; x_wconf 81' lang='grc' dir='ltr'><em>στρατιώταις</em></span> <span class='ocrx_word' id='word_1_150' title='bbox 713 1280 770 1327; x_wconf 79' lang='grc' dir='ltr'>εἷς</span> <span class='ocrx_word' id='word_1_151' title='bbox 796 1276 1022 1333; x_wconf 88' lang='grc' dir='ltr'><em>κάτοπτρον</em></span> <span class='ocrx_word' id='word_1_152' title='bbox 1050 1277 1213 1332; x_wconf 79' lang='grc' dir='ltr'><em>ἐνορᾶν·</em></span> <span class='ocrx_word' id='word_1_153' title='bbox 1243 1273 1428 1330; x_wconf 78' lang='grc' dir='ltr'><em>“γυναιξὶ</em></span> <span class='ocrx_word' id='word_1_154' title='bbox 1458 1273 1536 1329; x_wconf 80' lang='grc' dir='ltr'><em>γὰρ</em></span> <span class='ocrx_word' id='word_1_155' title='bbox 1569 1272 1638 1314; x_wconf 85' lang='grc' dir='ltr'>καὶ</span> 
     </span>
     <span class='ocr_line' id='line_1_17' title="bbox 165 1340 1639 1403; baseline -0.004 -15"><span class='ocrx_word' id='word_1_156' title='bbox 165 1350 284 1388; x_wconf 81' lang='grc' dir='ltr'><em>τοῦτο</em></span> <span class='ocrx_word' id='word_1_157' title='bbox 317 1344 462 1400; x_wconf 81' lang='grc' dir='ltr'><em>μόναις</em></span> <span class='ocrx_word' id='word_1_158' title='bbox 491 1345 786 1401; x_wconf 71' lang='grc' dir='ltr'><em>ἐπιτετήδευται</em></span> <span class='ocrx_word' id='word_1_159' title='bbox 808 1343 1084 1403; x_wconf 80' lang='grc' dir='ltr'><em>μεριμνώσαις</em></span> <span class='ocrx_word' id='word_1_160' title='bbox 1113 1345 1293 1401; x_wconf 81' lang='grc' dir='ltr'><em>ἀρέσκειν</em></span> <span class='ocrx_word' id='word_1_161' title='bbox 1316 1349 1401 1393; x_wconf 84' lang='grc' dir='ltr'><em>τοῖς</em></span> <span class='ocrx_word' id='word_1_162' title='bbox 1427 1346 1543 1399; x_wconf 77' lang='grc' dir='ltr'><em>σφῶν</em></span> <span class='ocrx_word' id='word_1_163' title='bbox 1564 1340 1639 1383; x_wconf 80' lang='grc' dir='ltr'>ἇν-</span> 
     </span>
     <span class='ocr_line' id='line_1_18' title="bbox 168 1410 1639 1472; baseline -0.003 -16"><span class='ocrx_word' id='word_1_164' title='bbox 168 1413 324 1471; x_wconf 86' lang='grc' dir='ltr'><em>δράσιν.</em></span> <span class='ocrx_word' id='word_1_165' title='bbox 394 1414 509 1471; x_wconf 78' lang='grc' dir='ltr'><em>ἀνδρὶ</em></span> <span class='ocrx_word' id='word_1_166' title='bbox 544 1416 587 1456; x_wconf 77' lang='grc' dir='ltr'>δὲ</span> <span class='ocrx_word' id='word_1_167' title='bbox 617 1413 842 1472; x_wconf 82' lang='grc' dir='ltr'><em>στρατιώτῃ</em></span> <span class='ocrx_word' id='word_1_168' title='bbox 874 1413 1026 1468; x_wconf 88' lang='grc' dir='ltr'><em>κόσμος</em></span> <span class='ocrx_word' id='word_1_169' title='bbox 1048 1413 1100 1455; x_wconf 81' lang='grc' dir='ltr'>τὰ</span> <span class='ocrx_word' id='word_1_170' title='bbox 1120 1412 1226 1455; x_wconf 80' lang='grc' dir='ltr'><em>ὅπλα</em></span> <span class='ocrx_word' id='word_1_171' title='bbox 1234 1440 1264 1464; x_wconf 87' lang='grc'>,-</span> <span class='ocrx_word' id='word_1_172' title='bbox 1283 1414 1351 1454; x_wconf 83' lang='grc' dir='ltr'>καὶ</span> <span class='ocrx_word' id='word_1_173' title='bbox 1366 1411 1413 1454; x_wconf 82' lang='grc' dir='ltr'>τὸ</span> <span class='ocrx_word' id='word_1_174' title='bbox 1434 1415 1507 1465; x_wconf 84' lang='grc' dir='ltr'>τῆς</span> <span class='ocrx_word' id='word_1_175' title='bbox 1530 1410 1639 1452; x_wconf 81' lang='grc' dir='ltr'><em>διαί-</em></span> 
     </span>
     <span class='ocr_line' id='line_1_19' title="bbox 166 1478 1687 1539; baseline -0.004 -14"><span class='ocrx_word' id='word_1_176' title='bbox 166 1501 239 1537; x_wconf 88' lang='grc' dir='ltr'>της</span> <span class='ocrx_word' id='word_1_177' title='bbox 259 1481 367 1524; x_wconf 90' lang='grc' dir='ltr'><em>λιτόν</em></span> <span class='ocrx_word' id='word_1_178' title='bbox 387 1500 429 1525; x_wconf 90' lang='grc' dir='ltr'>τε</span> <span class='ocrx_word' id='word_1_179' title='bbox 450 1485 518 1525; x_wconf 83' lang='grc' dir='ltr'>καὶ</span> <span class='ocrx_word' id='word_1_180' title='bbox 538 1483 793 1539; x_wconf 52' lang='lat' dir='ltr'>&amp;am-mov?</span> <span class='ocrx_word' id='word_1_181' title='bbox 865 1483 902 1525; x_wconf 78' lang='grc' dir='ltr'>οἳ</span> <span class='ocrx_word' id='word_1_182' title='bbox 926 1485 969 1525; x_wconf 79' lang='grc' dir='ltr'>δὲ</span> <span class='ocrx_word' id='word_1_183' title='bbox 989 1483 1105 1525; x_wconf 74' lang='grc' dir='ltr'><em>ταῦτ’</em></span> <span class='ocrx_word' id='word_1_184' title='bbox 1136 1483 1342 1530; x_wconf 73' lang='grc' dir='ltr'><em>ἐπαΐοντες</em></span> <span class='ocrx_word' id='word_1_185' title='bbox 1365 1484 1440 1523; x_wconf 79' lang='grc' dir='ltr'>τοῦ</span> <span class='ocrx_word' id='word_1_186' title='bbox 1467 1480 1558 1521; x_wconf 89' lang='grc' dir='ltr'><em>νέου</em></span> <span class='ocrx_word' id='word_1_187' title='bbox 1584 1478 1630 1520; x_wconf 83' lang='grc' dir='ltr'>τὸ</span> <span class='ocrx_word' id='word_1_188' title='bbox 1655 1482 1687 1518; x_wconf 81' lang='lat' dir='ltr'>C</span> 
     </span>
     <span class='ocr_line' id='line_1_20' title="bbox 166 1543 1637 1608; baseline -0.003 -15"><span class='ocrx_word' id='word_1_189' title='bbox 166 1556 333 1608; x_wconf 77' lang='grc' dir='ltr'><em>σῶφρον</em></span> <span class='ocrx_word' id='word_1_190' title='bbox 352 1554 418 1593; x_wconf 80' lang='grc' dir='ltr'>καὶ</span> <span class='ocrx_word' id='word_1_191' title='bbox 443 1553 606 1594; x_wconf 83' lang='grc' dir='ltr'><em>συνετὸν</em></span> <span class='ocrx_word' id='word_1_192' title='bbox 627 1552 694 1594; x_wconf 80' lang='grc' dir='ltr'>διὰ</span> <span class='ocrx_word' id='word_1_193' title='bbox 711 1550 930 1606; x_wconf 86' lang='grc' dir='ltr'><em>θαύματος</em></span> <span class='ocrx_word' id='word_1_194' title='bbox 949 1546 1060 1608; x_wconf 80' lang='grc' dir='ltr'><em>ἦγον.</em></span> <span class='ocrx_word' id='word_1_195' title='bbox 1116 1551 1372 1601; x_wconf 71' lang='grc' dir='ltr'><em>ἐπιξενωθεὶς</em></span> <span class='ocrx_word' id='word_1_196' title='bbox 1394 1543 1466 1590; x_wconf 68' lang='grc' dir='ltr'>οὖν</span> <span class='ocrx_word' id='word_1_197' title='bbox 1498 1547 1637 1597; x_wconf 71' lang='grc' dir='ltr'><em>αὐτοῖς</em></span> 
     </span>
    </p>

    <p class='ocr_par' dir='ltr' id='par_1_8' title="bbox 109 1613 1648 1679">
     <span class='ocr_line' id='line_1_21' title="bbox 109 1613 1648 1679; baseline -0.003 -17"><span class='ocrx_word' id='word_1_198' title='bbox 109 1627 156 1662; x_wconf 76' lang='grc'>20</span> <span class='ocrx_word' id='word_1_199' title='bbox 167 1622 295 1678; x_wconf 83' lang='grc' dir='ltr'><em>τρισὶν</em></span> <span class='ocrx_word' id='word_1_200' title='bbox 323 1618 493 1678; x_wconf 74' lang='grc' dir='ltr'><em>ἡμέραις</em></span> <span class='ocrx_word' id='word_1_201' title='bbox 501 1653 514 1673; x_wconf 87' lang='grc'><em>,</em></span> <span class='ocrx_word' id='word_1_202' title='bbox 559 1620 638 1677; x_wconf 71' lang='grc' dir='ltr'>ἤδη</span> <span class='ocrx_word' id='word_1_203' title='bbox 664 1625 744 1664; x_wconf 77' lang='grc' dir='ltr'>τῶν</span> <span class='ocrx_word' id='word_1_204' title='bbox 766 1619 1032 1679; x_wconf 87' lang='grc' dir='ltr'><em>θεραπόντων</em></span> <span class='ocrx_word' id='word_1_205' title='bbox 1052 1617 1390 1673; x_wconf 79' lang='grc' dir='ltr'><em>καταλαβόντων,</em></span> <span class='ocrx_word' id='word_1_206' title='bbox 1438 1614 1558 1675; x_wconf 77' lang='grc' dir='ltr'><em>ἀπῄει</em></span> <span class='ocrx_word' id='word_1_207' title='bbox 1580 1613 1648 1666; x_wconf 83' lang='grc' dir='ltr'>ὥς</span> 
     </span>
    </p>
   </div>
   <div class='ocr_carea' id='block_1_3' title="bbox 259 1778 1637 1878">
    <p class='ocr_par' dir='ltr' id='par_1_9' title="bbox 259 1778 1637 1878">
     <span class='ocr_line' id='line_1_22' title="bbox 260 1778 1637 1831; baseline -0.002 -11"><span class='ocrx_word' id='word_1_208' title='bbox 260 1787 312 1822; x_wconf 83' lang='lat'>13.</span> <span class='ocrx_word' id='word_1_209' title='bbox 338 1782 529 1830; x_wconf 79' lang='grc' dir='ltr'><em>οἷτενίζειν]</em></span> <span class='ocrx_word' id='word_1_210' title='bbox 551 1783 785 1831; x_wconf 78' lang='grc' dir='ltr'><em>παρεκάλουν</em></span> <span class='ocrx_word' id='word_1_211' title='bbox 807 1785 938 1820; x_wconf 80' lang='lat' dir='ltr'>addidit</span> <span class='ocrx_word' id='word_1_212' title='bbox 959 1786 1001 1822; x_wconf 90' lang='lat' dir='ltr'>P.</span> <span class='ocrx_word' id='word_1_213' title='bbox 1047 1784 1198 1821; x_wconf 85' lang='lat' dir='ltr'>indicavi</span> <span class='ocrx_word' id='word_1_214' title='bbox 1218 1784 1384 1819; x_wconf 82' lang='lat' dir='ltr'><strong>lacunam.</strong></span> <span class='ocrx_word' id='word_1_215' title='bbox 1476 1782 1533 1819; x_wconf 89' lang='lat'>19.</span> <span class='ocrx_word' id='word_1_216' title='bbox 1558 1778 1637 1817; x_wconf 75' lang='grc' dir='ltr'><em>ἐπι-</em></span> 
     </span>
     <span class='ocr_line' id='line_1_23' title="bbox 259 1830 922 1878; baseline 0.003 -14"><span class='ocrx_word' id='word_1_217' title='bbox 259 1830 454 1876; x_wconf 74' lang='grc' dir='ltr'><em>ξενωθεὶς]</em></span> <span class='ocrx_word' id='word_1_218' title='bbox 479 1833 536 1866; x_wconf 88' lang='lat' dir='ltr'>lta</span> <span class='ocrx_word' id='word_1_219' title='bbox 558 1833 600 1866; x_wconf 93' lang='lat' dir='ltr'>P.</span> <span class='ocrx_word' id='word_1_220' title='bbox 625 1844 688 1878; x_wconf 89' lang='lat' dir='ltr'>pro</span> <span class='ocrx_word' id='word_1_221' title='bbox 713 1830 922 1874; x_wconf 77' lang='grc' dir='ltr'><em>ἐπιξωθείς.</em></span> 
     </span>
    </p>
   </div>
   <div class='ocr_carea' id='block_1_4' title="bbox 166 1976 1679 2889">
    <p class='ocr_par' dir='ltr' id='par_1_10' title="bbox 166 1976 1638 2161">
     <span class='ocr_line' id='line_1_24' title="bbox 169 1976 1636 2023; baseline 0.001 -12"><span class='ocrx_word' id='word_1_222' title='bbox 169 1989 272 2012; x_wconf 85' lang='lat' dir='ltr'>onere</span> <span class='ocrx_word' id='word_1_223' title='bbox 288 1977 527 2023; x_wconf 85' lang='lat' dir='ltr'>peragendae,</span> <span class='ocrx_word' id='word_1_224' title='bbox 556 1977 592 2012; x_wconf 91' lang='lat' dir='ltr'>in</span> <span class='ocrx_word' id='word_1_225' title='bbox 617 1989 684 2023; x_wconf 93' lang='lat' dir='ltr'>quo</span> <span class='ocrx_word' id='word_1_226' title='bbox 707 1977 790 2012; x_wconf 87' lang='lat' dir='ltr'>illud</span> <span class='ocrx_word' id='word_1_227' title='bbox 814 1977 1018 2023; x_wconf 71' lang='lat' dir='ltr'>inopinatius</span> <span class='ocrx_word' id='word_1_228' title='bbox 1040 1977 1232 2021; x_wconf 86' lang='lat' dir='ltr'>videbitur,</span> <span class='ocrx_word' id='word_1_229' title='bbox 1264 1977 1355 2023; x_wconf 90' lang='lat' dir='ltr'>quod</span> <span class='ocrx_word' id='word_1_230' title='bbox 1371 1989 1446 2012; x_wconf 91' lang='lat' dir='ltr'>cum</span> <span class='ocrx_word' id='word_1_231' title='bbox 1461 1977 1508 2013; x_wconf 82' lang='lat' dir='ltr'>illi</span> <span class='ocrx_word' id='word_1_232' title='bbox 1522 1976 1636 2012; x_wconf 76' lang='lat' dir='ltr'>statim</span> 
     </span>
     <span class='ocr_line' id='line_1_25' title="bbox 168 2024 1634 2070; baseline 0.001 -13"><span class='ocrx_word' id='word_1_233' title='bbox 168 2036 210 2058; x_wconf 87' lang='lat' dir='ltr'>ac</span> <span class='ocrx_word' id='word_1_234' title='bbox 223 2024 369 2058; x_wconf 88' lang='lat' dir='ltr'>iumento</span> <span class='ocrx_word' id='word_1_235' title='bbox 387 2024 513 2057; x_wconf 89' lang='lat' dir='ltr'>desiliit</span> <span class='ocrx_word' id='word_1_236' title='bbox 526 2025 664 2067; x_wconf 81' lang='lat' dir='ltr'>sanguis</span> <span class='ocrx_word' id='word_1_237' title='bbox 679 2024 776 2068; x_wconf 84' lang='lat' dir='ltr'>larga</span> <span class='ocrx_word' id='word_1_238' title='bbox 792 2024 889 2069; x_wconf 88' lang='lat' dir='ltr'>copia</span> <span class='ocrx_word' id='word_1_239' title='bbox 904 2037 924 2059; x_wconf 91' lang='lat' dir='ltr'>e</span> <span class='ocrx_word' id='word_1_240' title='bbox 939 2024 1076 2058; x_wconf 84' lang='lat' dir='ltr'>naribus</span> <span class='ocrx_word' id='word_1_241' title='bbox 1090 2024 1262 2069; x_wconf 86' lang='lat' dir='ltr'>profluere</span> <span class='ocrx_word' id='word_1_242' title='bbox 1278 2025 1467 2070; x_wconf 88' lang='lat' dir='ltr'>coepisset,</span> <span class='ocrx_word' id='word_1_243' title='bbox 1495 2036 1563 2059; x_wconf 92' lang='lat' dir='ltr'>non</span> <span class='ocrx_word' id='word_1_244' title='bbox 1579 2028 1634 2058; x_wconf 82' lang='lat' dir='ltr'>ta-</span> 
     </span>
     <span class='ocr_line' id='line_1_26' title="bbox 166 2070 1638 2117; baseline 0 -13"><span class='ocrx_word' id='word_1_245' title='bbox 166 2082 244 2105; x_wconf 89' lang='lat' dir='ltr'>men</span> <span class='ocrx_word' id='word_1_246' title='bbox 259 2076 442 2115; x_wconf 84' lang='lat' dir='ltr'>propterea</span> <span class='ocrx_word' id='word_1_247' title='bbox 456 2075 516 2103; x_wconf 88' lang='lat' dir='ltr'>aut</span> <span class='ocrx_word' id='word_1_248' title='bbox 529 2082 622 2104; x_wconf 85' lang='lat' dir='ltr'>arma</span> <span class='ocrx_word' id='word_1_249' title='bbox 637 2070 794 2115; x_wconf 84' lang='lat' dir='ltr'>deposuit</span> <span class='ocrx_word' id='word_1_250' title='bbox 807 2076 868 2103; x_wconf 89' lang='lat' dir='ltr'>aut</span> <span class='ocrx_word' id='word_1_251' title='bbox 884 2081 1021 2104; x_wconf 87' lang='lat' dir='ltr'>currere</span> <span class='ocrx_word' id='word_1_252' title='bbox 1036 2082 1098 2115; x_wconf 88' lang='lat' dir='ltr'>per</span> <span class='ocrx_word' id='word_1_253' title='bbox 1113 2076 1220 2105; x_wconf 88' lang='lat' dir='ltr'>totam</span> <span class='ocrx_word' id='word_1_254' title='bbox 1234 2076 1369 2105; x_wconf 87' lang='lat' dir='ltr'>noctem</span> <span class='ocrx_word' id='word_1_255' title='bbox 1384 2070 1527 2114; x_wconf 74' lang='lat' dir='ltr'>destitit,</span> <span class='ocrx_word' id='word_1_256' title='bbox 1549 2082 1638 2117; x_wconf 90' lang='lat' dir='ltr'>quo-</span> 
     </span>
     <span class='ocr_line' id='line_1_27' title="bbox 167 2115 1103 2161; baseline 0 -11"><span class='ocrx_word' id='word_1_257' title='bbox 167 2116 211 2150; x_wconf 82' lang='lat' dir='ltr'>ad</span> <span class='ocrx_word' id='word_1_258' title='bbox 226 2116 260 2150; x_wconf 86' lang='lat' dir='ltr'>in</span> <span class='ocrx_word' id='word_1_259' title='bbox 278 2116 474 2161; x_wconf 86' lang='lat' dir='ltr'>oppidulum</span> <span class='ocrx_word' id='word_1_260' title='bbox 489 2117 579 2160; x_wconf 92' lang='lat' dir='ltr'>quod</span> <span class='ocrx_word' id='word_1_261' title='bbox 597 2116 696 2150; x_wconf 82' lang='lat' dir='ltr'>estin</span> <span class='ocrx_word' id='word_1_262' title='bbox 714 2115 920 2150; x_wconf 84' lang='lat' dir='ltr'>Gabadonia</span> <span class='ocrx_word' id='word_1_263' title='bbox 935 2116 1103 2161; x_wconf 84' lang='lat' dir='ltr'>pervenit.</span> 
     </span>
    </p>

    <p class='ocr_par' dir='ltr' id='par_1_11' title="bbox 166 2161 1679 2889">
     <span class='ocr_line' id='line_1_28' title="bbox 259 2161 1636 2207; baseline -0.001 -10"><span class='ocrx_word' id='word_1_264' title='bbox 259 2163 293 2197; x_wconf 90' lang='lat'>7.</span> <span class='ocrx_word' id='word_1_265' title='bbox 340 2162 391 2195; x_wconf 87' lang='lat' dir='ltr'>lbi</span> <span class='ocrx_word' id='word_1_266' title='bbox 414 2173 620 2196; x_wconf 87' lang='lat' dir='ltr'>concurrens</span> <span class='ocrx_word' id='word_1_267' title='bbox 646 2162 736 2195; x_wconf 82' lang='lat' dir='ltr'>circa</span> <span class='ocrx_word' id='word_1_268' title='bbox 752 2173 827 2195; x_wconf 89' lang='lat' dir='ltr'>eum</span> <span class='ocrx_word' id='word_1_269' title='bbox 843 2161 940 2206; x_wconf 89' lang='lat' dir='ltr'>plebs</span> <span class='ocrx_word' id='word_1_270' title='bbox 955 2162 1086 2195; x_wconf 88' lang='lat' dir='ltr'>rustica</span> <span class='ocrx_word' id='word_1_271' title='bbox 1102 2162 1295 2196; x_wconf 90' lang='lat' dir='ltr'>colonorum</span> <span class='ocrx_word' id='word_1_272' title='bbox 1310 2162 1377 2197; x_wconf 89' lang='lat' dir='ltr'>loci</span> <span class='ocrx_word' id='word_1_273' title='bbox 1388 2189 1398 2206; x_wconf 88' lang='lat'>‚</span> <span class='ocrx_word' id='word_1_274' title='bbox 1431 2162 1488 2197; x_wconf 91' lang='lat' dir='ltr'>ubi</span> <span class='ocrx_word' id='word_1_275' title='bbox 1504 2162 1636 2207; x_wconf 84' lang='lat' dir='ltr'>gladia-</span> 
     </span>
     <span class='ocr_line' id='line_1_29' title="bbox 167 2207 1635 2254; baseline -0.001 -11"><span class='ocrx_word' id='word_1_276' title='bbox 167 2207 257 2243; x_wconf 88' lang='lat' dir='ltr'>torio</span> <span class='ocrx_word' id='word_1_277' title='bbox 282 2214 480 2252; x_wconf 88' lang='lat' dir='ltr'>coopertum</span> <span class='ocrx_word' id='word_1_278' title='bbox 501 2219 584 2252; x_wconf 85' lang='lat' dir='ltr'>sago</span> <span class='ocrx_word' id='word_1_279' title='bbox 601 2208 748 2242; x_wconf 86' lang='lat' dir='ltr'>cruentis</span> <span class='ocrx_word' id='word_1_280' title='bbox 764 2218 884 2252; x_wconf 86' lang='lat' dir='ltr'>sparso</span> <span class='ocrx_word' id='word_1_281' title='bbox 899 2208 1035 2241; x_wconf 87' lang='lat' dir='ltr'>maculis</span> <span class='ocrx_word' id='word_1_282' title='bbox 1051 2208 1225 2251; x_wconf 87' lang='lat' dir='ltr'>viderunt,</span> <span class='ocrx_word' id='word_1_283' title='bbox 1256 2220 1355 2251; x_wconf 86' lang='lat' dir='ltr'>quam</span> <span class='ocrx_word' id='word_1_284' title='bbox 1375 2209 1497 2254; x_wconf 89' lang='lat' dir='ltr'>iniquis</span> <span class='ocrx_word' id='word_1_285' title='bbox 1518 2209 1635 2243; x_wconf 84' lang='lat' dir='ltr'>animis</span> 
     </span>
     <span class='ocr_line' id='line_1_30' title="bbox 166 2253 1636 2300; baseline 0.001 -13"><span class='ocrx_word' id='word_1_286' title='bbox 166 2254 269 2288; x_wconf 86' lang='lat' dir='ltr'>talem</span> <span class='ocrx_word' id='word_1_287' title='bbox 285 2254 480 2287; x_wconf 82' lang='lat' dir='ltr'>nobilissimi</span> <span class='ocrx_word' id='word_1_288' title='bbox 496 2254 627 2287; x_wconf 89' lang='lat' dir='ltr'>iuvenis</span> <span class='ocrx_word' id='word_1_289' title='bbox 644 2254 811 2288; x_wconf 81' lang='lat' dir='ltr'>fortunam</span> <span class='ocrx_word' id='word_1_290' title='bbox 835 2253 984 2296; x_wconf 84' lang='lat' dir='ltr'>ferrent,</span> <span class='ocrx_word' id='word_1_291' title='bbox 1013 2254 1166 2299; x_wconf 81' lang='lat' dir='ltr'>suspiriis</span> <span class='ocrx_word' id='word_1_292' title='bbox 1190 2254 1313 2299; x_wconf 67' lang='lat' dir='ltr'>paseim</span> <span class='ocrx_word' id='word_1_293' title='bbox 1337 2255 1553 2300; x_wconf 82' lang='lat' dir='ltr'>lacrimisque</span> <span class='ocrx_word' id='word_1_294' title='bbox 1573 2255 1636 2289; x_wconf 86' lang='lat' dir='ltr'>de-</span> 
     </span>
     <span class='ocr_line' id='line_1_31' title="bbox 168 2299 1636 2345; baseline 0.001 -12"><span class='ocrx_word' id='word_1_295' title='bbox 168 2300 349 2334; x_wconf 82' lang='lat' dir='ltr'>clararunt.</span> <span class='ocrx_word' id='word_1_296' title='bbox 398 2305 437 2333; x_wconf 89' lang='lat' dir='ltr'>ut</span> <span class='ocrx_word' id='word_1_297' title='bbox 459 2305 571 2334; x_wconf 85' lang='lat' dir='ltr'>autem</span> <span class='ocrx_word' id='word_1_298' title='bbox 597 2300 639 2333; x_wconf 84' lang='lat' dir='ltr'>ad</span> <span class='ocrx_word' id='word_1_299' title='bbox 666 2299 944 2333; x_wconf 74' lang='lat' dir='ltr'>honoratissimos</span> <span class='ocrx_word' id='word_1_300' title='bbox 971 2310 1108 2345; x_wconf 88' lang='lat' dir='ltr'>quoque</span> <span class='ocrx_word' id='word_1_301' title='bbox 1131 2301 1245 2345; x_wconf 88' lang='lat' dir='ltr'>oppidi</span> <span class='ocrx_word' id='word_1_302' title='bbox 1270 2301 1342 2335; x_wconf 88' lang='lat' dir='ltr'>eius</span> <span class='ocrx_word' id='word_1_303' title='bbox 1369 2302 1463 2336; x_wconf 85' lang='lat' dir='ltr'>cives</span> <span class='ocrx_word' id='word_1_304' title='bbox 1477 2301 1636 2335; x_wconf 87' lang='lat' dir='ltr'>indicium</span> 
     </span>
     <span class='ocr_line' id='line_1_32' title="bbox 167 2345 1637 2392; baseline 0 -12"><span class='ocrx_word' id='word_1_305' title='bbox 167 2347 334 2381; x_wconf 87' lang='lat' dir='ltr'>adventus</span> <span class='ocrx_word' id='word_1_306' title='bbox 350 2345 462 2379; x_wconf 80' lang='lat' dir='ltr'>Alexii</span> <span class='ocrx_word' id='word_1_307' title='bbox 481 2347 572 2379; x_wconf 84' lang='lat' dir='ltr'>fama</span> <span class='ocrx_word' id='word_1_308' title='bbox 596 2345 739 2388; x_wconf 86' lang='lat' dir='ltr'>detulit,</span> <span class='ocrx_word' id='word_1_309' title='bbox 767 2345 922 2379; x_wconf 78' lang='lat' dir='ltr'>certatim</span> <span class='ocrx_word' id='word_1_310' title='bbox 944 2345 1083 2380; x_wconf 83' lang='lat' dir='ltr'>adibant</span> <span class='ocrx_word' id='word_1_311' title='bbox 1102 2346 1211 2392; x_wconf 89' lang='lat' dir='ltr'>ipsum</span> <span class='ocrx_word' id='word_1_312' title='bbox 1232 2347 1479 2392; x_wconf 83' lang='lat' dir='ltr'>invitatumque</span> <span class='ocrx_word' id='word_1_313' title='bbox 1500 2347 1535 2380; x_wconf 92' lang='lat' dir='ltr'>in</span> <span class='ocrx_word' id='word_1_314' title='bbox 1557 2357 1637 2381; x_wconf 85' lang='lat' dir='ltr'>suas</span> 
     </span>
     <span class='ocr_line' id='line_1_33' title="bbox 167 2391 1635 2438; baseline 0 -12"><span class='ocrx_word' id='word_1_315' title='bbox 167 2392 283 2426; x_wconf 88' lang='lat' dir='ltr'>domos</span> <span class='ocrx_word' id='word_1_316' title='bbox 301 2391 388 2426; x_wconf 92' lang='lat' dir='ltr'>omni</span> <span class='ocrx_word' id='word_1_317' title='bbox 404 2392 533 2426; x_wconf 88' lang='lat' dir='ltr'>honore</span> <span class='ocrx_word' id='word_1_318' title='bbox 548 2403 589 2425; x_wconf 85' lang='lat' dir='ltr'>ac</span> <span class='ocrx_word' id='word_1_319' title='bbox 605 2391 852 2435; x_wconf 83' lang='lat' dir='ltr'>significatione</span> <span class='ocrx_word' id='word_1_320' title='bbox 867 2392 1129 2426; x_wconf 86' lang='lat' dir='ltr'>benevolentiae</span> <span class='ocrx_word' id='word_1_321' title='bbox 1144 2404 1206 2437; x_wconf 90' lang='lat' dir='ltr'>pro</span> <span class='ocrx_word' id='word_1_322' title='bbox 1223 2403 1287 2427; x_wconf 90' lang='lat' dir='ltr'>sua</span> <span class='ocrx_word' id='word_1_323' title='bbox 1300 2393 1443 2438; x_wconf 86' lang='lat' dir='ltr'>quisque</span> <span class='ocrx_word' id='word_1_324' title='bbox 1459 2393 1557 2437; x_wconf 88' lang='lat' dir='ltr'>copia</span> <span class='ocrx_word' id='word_1_325' title='bbox 1572 2404 1635 2426; x_wconf 87' lang='lat' dir='ltr'>ex-</span> 
     </span>
     <span class='ocr_line' id='line_1_34' title="bbox 168 2437 1636 2483; baseline 0.001 -12"><span class='ocrx_word' id='word_1_326' title='bbox 168 2437 338 2482; x_wconf 88' lang='lat' dir='ltr'>cipiebant</span> <span class='ocrx_word' id='word_1_327' title='bbox 362 2443 547 2483; x_wconf 83' lang='lat' dir='ltr'>vestesque</span> <span class='ocrx_word' id='word_1_328' title='bbox 570 2438 762 2476; x_wconf 79' lang='lat' dir='ltr'>afferebant</span> <span class='ocrx_word' id='word_1_329' title='bbox 788 2437 997 2472; x_wconf 80' lang='lat' dir='ltr'>nobilitatem</span> <span class='ocrx_word' id='word_1_330' title='bbox 1020 2438 1092 2471; x_wconf 87' lang='lat' dir='ltr'>eius</span> <span class='ocrx_word' id='word_1_331' title='bbox 1115 2438 1223 2482; x_wconf 83' lang='lat' dir='ltr'>magis</span> <span class='ocrx_word' id='word_1_332' title='bbox 1247 2439 1407 2473; x_wconf 85' lang='lat' dir='ltr'>decentes</span> <span class='ocrx_word' id='word_1_333' title='bbox 1431 2438 1586 2483; x_wconf 85' lang='lat' dir='ltr'>adeoque</span> <span class='ocrx_word' id='word_1_334' title='bbox 1600 2438 1636 2473; x_wconf 85' lang='lat' dir='ltr'>in</span> 
     </span>
     <span class='ocr_line' id='line_1_35' title="bbox 168 2483 1634 2530; baseline 0.001 -14"><span class='ocrx_word' id='word_1_335' title='bbox 168 2483 316 2517; x_wconf 88' lang='lat' dir='ltr'>curando</span> <span class='ocrx_word' id='word_1_336' title='bbox 343 2483 477 2518; x_wconf 84' lang='lat' dir='ltr'>iuvenis</span> <span class='ocrx_word' id='word_1_337' title='bbox 498 2496 640 2529; x_wconf 88' lang='lat' dir='ltr'>corpore</span> <span class='ocrx_word' id='word_1_338' title='bbox 663 2484 786 2518; x_wconf 84' lang='lat' dir='ltr'>nullam</span> <span class='ocrx_word' id='word_1_339' title='bbox 801 2483 995 2527; x_wconf 84' lang='lat' dir='ltr'>diligentiae</span> <span class='ocrx_word' id='word_1_340' title='bbox 1007 2489 1140 2528; x_wconf 88' lang='lat' dir='ltr'>partem</span> <span class='ocrx_word' id='word_1_341' title='bbox 1156 2484 1378 2528; x_wconf 82' lang='lat' dir='ltr'>omittebant,</span> <span class='ocrx_word' id='word_1_342' title='bbox 1408 2489 1445 2518; x_wconf 88' lang='lat' dir='ltr'>ut</span> <span class='ocrx_word' id='word_1_343' title='bbox 1461 2485 1634 2530; x_wconf 89' lang='lat' dir='ltr'>speculum</span> 
     </span>
     <span class='ocr_line' id='line_1_36' title="bbox 169 2529 1635 2575; baseline 0.002 -13"><span class='ocrx_word' id='word_1_344' title='bbox 169 2529 269 2563; x_wconf 83' lang='lat' dir='ltr'>etiam</span> <span class='ocrx_word' id='word_1_345' title='bbox 285 2530 463 2564; x_wconf 80' lang='lat' dir='ltr'>attulerint</span> <span class='ocrx_word' id='word_1_346' title='bbox 475 2542 637 2574; x_wconf 87' lang='lat' dir='ltr'>moreque</span> <span class='ocrx_word' id='word_1_347' title='bbox 651 2530 799 2574; x_wconf 88' lang='lat' dir='ltr'>ipsorum</span> <span class='ocrx_word' id='word_1_348' title='bbox 815 2541 857 2563; x_wconf 88' lang='lat' dir='ltr'>eo</span> <span class='ocrx_word' id='word_1_349' title='bbox 872 2540 949 2563; x_wconf 82' lang='lat' dir='ltr'>sese</span> <span class='ocrx_word' id='word_1_350' title='bbox 965 2530 1144 2574; x_wconf 84' lang='lat' dir='ltr'>explorare</span> <span class='ocrx_word' id='word_1_351' title='bbox 1159 2529 1350 2573; x_wconf 84' lang='lat' dir='ltr'>suaserint3</span> <span class='ocrx_word' id='word_1_352' title='bbox 1381 2531 1472 2575; x_wconf 91' lang='lat' dir='ltr'>quod</span> <span class='ocrx_word' id='word_1_353' title='bbox 1486 2531 1543 2564; x_wconf 88' lang='lat' dir='ltr'>ille</span> <span class='ocrx_word' id='word_1_354' title='bbox 1559 2542 1635 2566; x_wconf 88' lang='lat' dir='ltr'>cum</span> 
     </span>
     <span class='ocr_line' id='line_1_37' title="bbox 168 2574 1635 2622; baseline 0.002 -14"><span class='ocrx_word' id='word_1_355' title='bbox 168 2574 276 2608; x_wconf 83' lang='lat' dir='ltr'>arrisu</span> <span class='ocrx_word' id='word_1_356' title='bbox 292 2587 454 2609; x_wconf 82' lang='lat' dir='ltr'>recusans</span> <span class='ocrx_word' id='word_1_357' title='bbox 471 2576 614 2621; x_wconf 84' lang='lat' dir='ltr'>perculit</span> <span class='ocrx_word' id='word_1_358' title='bbox 628 2576 777 2610; x_wconf 86' lang='lat' dir='ltr'>homines</span> <span class='ocrx_word' id='word_1_359' title='bbox 792 2576 888 2609; x_wconf 87' lang='lat' dir='ltr'>velut</span> <span class='ocrx_word' id='word_1_360' title='bbox 904 2586 1015 2609; x_wconf 79' lang='lat' dir='ltr'>novae</span> <span class='ocrx_word' id='word_1_361' title='bbox 1028 2575 1079 2609; x_wconf 90' lang='lat' dir='ltr'>rei</span> <span class='ocrx_word' id='word_1_362' title='bbox 1093 2575 1316 2610; x_wconf 84' lang='lat' dir='ltr'>admiratione</span> <span class='ocrx_word' id='word_1_363' title='bbox 1329 2602 1340 2619; x_wconf 92' lang='lat'><strong><em>‚</em></strong></span> <span class='ocrx_word' id='word_1_364' title='bbox 1371 2588 1392 2610; x_wconf 94' lang='lat' dir='ltr'>a</span> <span class='ocrx_word' id='word_1_365' title='bbox 1414 2589 1481 2622; x_wconf 84' lang='lat' dir='ltr'>qua</span> <span class='ocrx_word' id='word_1_366' title='bbox 1506 2588 1566 2611; x_wconf 87' lang='lat' dir='ltr'>eos</span> <span class='ocrx_word' id='word_1_367' title='bbox 1582 2577 1635 2611; x_wconf 84' lang='lat' dir='ltr'>his</span> 
     </span>
     <span class='ocr_line' id='line_1_38' title="bbox 170 2620 1635 2667; baseline 0.002 -14"><span class='ocrx_word' id='word_1_368' title='bbox 170 2620 339 2655; x_wconf 86' lang='lat' dir='ltr'>deducere</span> <span class='ocrx_word' id='word_1_369' title='bbox 351 2622 467 2655; x_wconf 85' lang='lat' dir='ltr'>verbis</span> <span class='ocrx_word' id='word_1_370' title='bbox 481 2622 644 2663; x_wconf 86' lang='lat' dir='ltr'>instituit,</span> <span class='ocrx_word' id='word_1_371' title='bbox 675 2633 812 2666; x_wconf 85' lang='lat' dir='ltr'>nempe,</span> <span class='ocrx_word' id='word_1_372' title='bbox 842 2621 1014 2666; x_wconf 82' lang='lat' dir='ltr'>inquiens,</span> <span class='ocrx_word' id='word_1_373' title='bbox 1045 2621 1196 2656; x_wconf 82' lang='lat' dir='ltr'>virorum</span> <span class='ocrx_word' id='word_1_374' title='bbox 1220 2622 1416 2667; x_wconf 83' lang='lat' dir='ltr'>praesertim</span> <span class='ocrx_word' id='word_1_375' title='bbox 1444 2622 1635 2658; x_wconf 86' lang='lat' dir='ltr'>militarium</span> 
     </span>
     <span class='ocr_line' id='line_1_39' title="bbox 171 2664 1679 2712; baseline 0.003 -14"><span class='ocrx_word' id='word_1_376' title='bbox 171 2667 380 2701; x_wconf 86' lang='lat' dir='ltr'>consuetudo</span> <span class='ocrx_word' id='word_1_377' title='bbox 407 2679 475 2701; x_wconf 88' lang='lat' dir='ltr'>non</span> <span class='ocrx_word' id='word_1_378' title='bbox 501 2674 554 2702; x_wconf 87' lang='lat' dir='ltr'>est</span> <span class='ocrx_word' id='word_1_379' title='bbox 578 2667 755 2703; x_wconf 85' lang='lat' dir='ltr'>consulere</span> <span class='ocrx_word' id='word_1_380' title='bbox 774 2667 956 2712; x_wconf 89' lang='lat' dir='ltr'>speculum.</span> <span class='ocrx_word' id='word_1_381' title='bbox 1002 2667 1176 2702; x_wconf 84' lang='lat' dir='ltr'>mulierum</span> <span class='ocrx_word' id='word_1_382' title='bbox 1200 2667 1268 2702; x_wconf 88' lang='lat' dir='ltr'>ista</span> <span class='ocrx_word' id='word_1_383' title='bbox 1290 2679 1372 2702; x_wconf 91' lang='lat' dir='ltr'>cura</span> <span class='ocrx_word' id='word_1_384' title='bbox 1395 2673 1468 2712; x_wconf 86' lang='lat' dir='ltr'>est,</span> <span class='ocrx_word' id='word_1_385' title='bbox 1507 2668 1636 2703; x_wconf 84' lang='lat' dir='ltr'>maritis</span> <span class='ocrx_word' id='word_1_386' title='bbox 1673 2664 1679 2669; x_wconf 55' lang='lat'>⁵</span> 
     </span>
     <span class='ocr_line' id='line_1_40' title="bbox 170 2711 1633 2758; baseline 0.003 -14"><span class='ocrx_word' id='word_1_387' title='bbox 170 2711 307 2756; x_wconf 83' lang='lat' dir='ltr'>placere</span> <span class='ocrx_word' id='word_1_388' title='bbox 322 2713 545 2758; x_wconf 86' lang='lat' dir='ltr'>studentium;</span> <span class='ocrx_word' id='word_1_389' title='bbox 574 2720 712 2748; x_wconf 87' lang='lat' dir='ltr'>ornatus</span> <span class='ocrx_word' id='word_1_390' title='bbox 728 2713 841 2747; x_wconf 87' lang='lat' dir='ltr'>militis</span> <span class='ocrx_word' id='word_1_391' title='bbox 866 2723 960 2747; x_wconf 88' lang='lat' dir='ltr'>arma</span> <span class='ocrx_word' id='word_1_392' title='bbox 981 2718 1060 2747; x_wconf 87' lang='lat' dir='ltr'>sunt</span> <span class='ocrx_word' id='word_1_393' title='bbox 1083 2718 1120 2747; x_wconf 89' lang='lat' dir='ltr'>et</span> <span class='ocrx_word' id='word_1_394' title='bbox 1142 2725 1185 2747; x_wconf 91' lang='lat' dir='ltr'>ea</span> <span class='ocrx_word' id='word_1_395' title='bbox 1204 2714 1317 2749; x_wconf 83' lang='lat' dir='ltr'>victus</span> <span class='ocrx_word' id='word_1_396' title='bbox 1340 2726 1382 2749; x_wconf 87' lang='lat' dir='ltr'>ac</span> <span class='ocrx_word' id='word_1_397' title='bbox 1405 2716 1516 2750; x_wconf 91' lang='lat' dir='ltr'>cultus</span> <span class='ocrx_word' id='word_1_398' title='bbox 1531 2715 1633 2758; x_wconf 85' lang='lat' dir='ltr'>ratio,</span> 
     </span>
     <span class='ocr_line' id='line_1_41' title="bbox 171 2757 1634 2807; baseline 0.003 -18"><span class='ocrx_word' id='word_1_399' title='bbox 171 2768 259 2802; x_wconf 86' lang='lat' dir='ltr'>quae</span> <span class='ocrx_word' id='word_1_400' title='bbox 274 2767 295 2790; x_wconf 87' lang='lat' dir='ltr'>a</span> <span class='ocrx_word' id='word_1_401' title='bbox 308 2757 438 2792; x_wconf 83' lang='lat' dir='ltr'>luxuria</span> <span class='ocrx_word' id='word_1_402' title='bbox 452 2765 488 2794; x_wconf 87' lang='lat' dir='ltr'>et</span> <span class='ocrx_word' id='word_1_403' title='bbox 502 2761 628 2795; x_wconf 88' lang='lat' dir='ltr'>deliciis</span> <span class='ocrx_word' id='word_1_404' title='bbox 644 2771 742 2806; x_wconf 88' lang='lat' dir='ltr'>quam</span> <span class='ocrx_word' id='word_1_405' title='bbox 758 2759 950 2804; x_wconf 83' lang='lat' dir='ltr'>longissime</span> <span class='ocrx_word' id='word_1_406' title='bbox 965 2759 1062 2793; x_wconf 87' lang='lat' dir='ltr'>absit.</span> <span class='ocrx_word' id='word_1_407' title='bbox 1108 2759 1143 2793; x_wconf 90' lang='lat' dir='ltr'>id</span> <span class='ocrx_word' id='word_1_408' title='bbox 1158 2759 1206 2794; x_wconf 89' lang='lat' dir='ltr'>illi</span> <span class='ocrx_word' id='word_1_409' title='bbox 1221 2760 1409 2806; x_wconf 77' lang='lat' dir='ltr'>audientes,</span> <span class='ocrx_word' id='word_1_410' title='bbox 1437 2761 1634 2807; x_wconf 79' lang='lat' dir='ltr'>sapientiam</span> 
     </span>
     <span class='ocr_line' id='line_1_42' title="bbox 169 2803 1632 2856; baseline 0.003 -20"><span class='ocrx_word' id='word_1_411' title='bbox 169 2803 492 2856; x_wconf 67' lang='lat' dir='ltr'>temperantiamque</span> <span class='ocrx_word' id='word_1_412' title='bbox 511 2807 643 2841; x_wconf 87' lang='lat' dir='ltr'>iuvenis</span> <span class='ocrx_word' id='word_1_413' title='bbox 668 2805 820 2840; x_wconf 82' lang='lat' dir='ltr'>admirati</span> <span class='ocrx_word' id='word_1_414' title='bbox 843 2817 919 2840; x_wconf 89' lang='lat' dir='ltr'>eum</span> <span class='ocrx_word' id='word_1_415' title='bbox 942 2816 1011 2839; x_wconf 91' lang='lat' dir='ltr'>non</span> <span class='ocrx_word' id='word_1_416' title='bbox 1033 2805 1110 2851; x_wconf 85' lang='lat' dir='ltr'>plus</span> <span class='ocrx_word' id='word_1_417' title='bbox 1134 2806 1245 2840; x_wconf 85' lang='lat' dir='ltr'>triduo</span> <span class='ocrx_word' id='word_1_418' title='bbox 1268 2807 1421 2841; x_wconf 87' lang='lat' dir='ltr'>detinere</span> <span class='ocrx_word' id='word_1_419' title='bbox 1435 2811 1632 2852; x_wconf 83' lang='lat' dir='ltr'>potuerunt.</span> 
     </span>
     <span class='ocr_line' id='line_1_43' title="bbox 171 2849 1633 2889; baseline 0.003 -6"><span class='ocrx_word' id='word_1_420' title='bbox 171 2859 248 2884; x_wconf 88' lang='lat' dir='ltr'>cum</span> <span class='ocrx_word' id='word_1_421' title='bbox 268 2859 358 2884; x_wconf 84' lang='lat' dir='ltr'>cmm</span> <span class='ocrx_word' id='word_1_422' title='bbox 379 2849 439 2885; x_wconf 80' lang='lat' dir='ltr'>iuo</span> <span class='ocrx_word' id='word_1_423' title='bbox 458 2851 638 2889; x_wconf 81' lang='lat' dir='ltr'>intervallo</span> <span class='ocrx_word' id='word_1_424' title='bbox 663 2851 903 2888; x_wconf 81' lang='lat' dir='ltr'>convenissent</span> <span class='ocrx_word' id='word_1_425' title='bbox 922 2851 1044 2888; x_wconf 84' lang='lat' dir='ltr'>codem</span> <span class='ocrx_word' id='word_1_426' title='bbox 1068 2852 1142 2887; x_wconf 82' lang='lat' dir='ltr'>cius</span> <span class='ocrx_word' id='word_1_427' title='bbox 1164 2853 1282 2888; x_wconf 85' lang='lat' dir='ltr'>famuli</span> <span class='ocrx_word' id='word_1_428' title='bbox 1305 2864 1435 2888; x_wconf 85' lang='lat' dir='ltr'>moram</span> <span class='ocrx_word' id='word_1_429' title='bbox 1451 2853 1551 2888; x_wconf 85' lang='lat' dir='ltr'>eundi</span> <span class='ocrx_word' id='word_1_430' title='bbox 1566 2862 1633 2886; x_wconf 84' lang='lat' dir='ltr'>non</span> 
     </span>
    </p>
   </div>
  </div>
 </body>
</html>
