1878 3262
253 210 353 258 276
732 203 955 250 IOANNIS
985 204 1233 250 -clNNAMl-

210 355 223 363 ,Α
253 321 437 378 καθάπερ
456 317 657 376 δραπέτας
670 316 882 373 συσχόντες
901 315 1047 367 αὐτοὺς
1063 317 1130 359 καὶ
1151 317 1264 368 δίκας
1282 317 1490 362 ἓπετίθουν
1511 321 1584 373 τῆς
1603 313 1699 360 τόλ-

252 409 343 447 μης.
413 390 477 431 καὶ
508 383 558 443 ἦν
588 385 676 430 τότε
711 387 813 430 κατὰ
840 386 885 429 τὸ
915 384 1112 429 Αἰσώπου
1140 384 1366 443 μυθάριον,
1396 388 1436 429 ἓν
1458 381 1491 445 ᾧ
1514 387 1612 429 λέων
1632 387 1695 427 ἐπὶ

205 475 234 509 Β
257 463 329 501 τοῦ
360 458 556 512 σπηλαίου
583 462 698 498 νοσεῖ
715 457 781 499 καὶ
803 457 884 507 ζῶα
907 454 1007 511 παρ’
1032 453 1153 496 αὐτὸν
1175 453 1355 505 εἴσεισιν,
1385 455 1605 512 ἐλευθέρων
1622 454 1695 508 μὲν

253 525 452 570 εἰσιόντων
482 522 710 581 ἀνθρώπων
734 524 822 579 ἴχνη
855 525 922 565 καὶ
950 521 1062 577 μάλα
1090 517 1243 574 πολλά,
1277 521 1458 572 ἐξιόντων
1473 539 1514 578 γε
1532 523 1613 578 μὴν
1633 522 1697 565 ἐπὶ

254 599 304 651 τῇ
332 594 435 650 αὐτῇ
465 592 609 647 ἥκιστα
639 591 812 642 οὐδενός.
879 591 924 632 τὸ
943 591 1016 645 μὲν
1038 589 1087 644 δὴ
1109 590 1205 641 ἔθος
1219 589 1323 632 οὕτω
1341 589 1467 632 δεινὸν
1480 585 1549 645 ἦν,
1574 595 1730 644 βασι-5

254 662 346 712 λεῦς
367 663 410 704 δὲ
430 660 640 717 πρόρριζον
657 661 735 703 ἀπὸ
753 661 878 715 μέσης
900 658 1153 709 ἐξεσπακέναι
1174 663 1247 712 τῆς
1263 659 1462 708 πολιτείας
1482 658 1579 701 αὐτὸ
1597 663 1699 712 βου-

252 732 392 786 ληθεὶς
410 728 616 786 γράμμασι
637 729 709 783 τὴν
728 729 960 784 ἐλευθερίαν
984 724 1044 777 οἷς
1062 726 1179 784 φύσει
1200 727 1245 769 τὸ
1267 725 1478 784 ἐλεύθερον
1498 724 1701 783 ἐπεψήφι-

253 816 339 842 στο.
407 798 628 854 ἐλευθέρων
664 797 741 853 γὰρ
780 796 914 854 ἄρχειν
938 794 1166 849 Ῥωμαίων,
1211 794 1404 849 οὐμενοῦν
1438 793 1702 851 ἀνδραπόδων

253 867 375 916 αὐτὸς
402 866 560 921 ἤθελεν,
628 863 648 905 ὃ
676 865 795 915 αὐτὸς
825 865 898 906 ἴτει
927 869 999 918 τῆς
1022 865 1230 917 βασιλείας
1259 864 1383 906 αὐτοῦ
1416 862 1459 905 ιε’
1495 861 1698 920 ἐψήφιστο

254 942 338 985 τοῖς
368 934 445 976 ἀνὰ
471 934 516 976 τὸ
546 931 764 984 Βυζάντιον
795 933 914 989 ἱεροῖς
943 934 1133 986 σεμνείοις
1154 930 1539 988 πολυπραγμοσύνην
1559 929 1700 986 ἐπάγε-
1715 934 1757 967 10

257 1007 358 1047 σθάι
391 1002 483 1044 οὐδ’
508 1000 718 1056 ἡντιναοῦν
749 1001 820 1058 ἐφ’
853 999 918 1050 αἷς
938 999 1037 1042 ὅπου
1063 999 1207 1055 δήποτε
1230 999 1412 1054 κτήσεσιν
1435 999 1563 1053 ἴσχον.
1630 998 1703 1054 τὴν

205 1087 234 1122 c
257 1072 390 1125 μέντοι
406 1071 561 1125 δωρεὰν
584 1072 649 1111 καὶ
670 1068 780 1126 τόμῳ
801 1067 999 1125 ἐστήριξεν
1010 1101 1023 1120 ‚
1049 1069 1093 1110 ὃν
1116 1068 1182 1112 ἅτε
1198 1073 1340 1126 χρυσῷ
1363 1067 1704 1123 ε’νσεσημασμὲνον

249 1137 526 1196 χρυσόβολλον
554 1137 650 1187 ἔθος
678 1141 811 1179 καλεῖν
839 1138 958 1179 ἔστιν.
1025 1133 1122 1179 ὅθεν
1151 1137 1293 1179 οὐδένα
1314 1141 1503 1191 μοναχῶν
1525 1140 1703 1192 θυροκο-

257 1212 408 1248 ποῦντα
436 1211 507 1248 νῦν
536 1205 618 1247 ἔστι
649 1203 904 1260 δικαστήριον
924 1207 1039 1255 ἰδεῖν,
1076 1204 1143 1247 ἅτε
1161 1206 1264 1259 μηδὲ
1283 1203 1479 1261 παρόντος
1496 1204 1565 1261 ἐφ’
1588 1198 1623 1262 ᾧ
1645 1220 1705 1253 τις

256 1276 452 1330 δημοσίου
487 1275 601 1330 σφίσι
634 1272 853 1315 δικάσαιτο.
921 1277 1039 1314 τοῦτο
1067 1274 1139 1326 μὲν
1167 1273 1217 1327 δὴ
1243 1277 1434 1315 τοιοῦτον.
1500 1271 1626 1326 νόμου
1658 1272 1700 1313 δὲ
1716 1275 1758 1310 15

256 1347 396 1385 πασῶν
417 1342 490 1392 τὰς
511 1343 697 1391 πλείστας
718 1342 959 1398 ἀκυροῦντος
977 1345 1055 1382 τῶν
1075 1339 1254 1397 ἡμερῶν,
1280 1341 1381 1383 καθ’
1406 1340 1454 1390 ἃς
1473 1338 1654 1395 δηλονότι
1678 1338 1706 1394 ἢ

256 1416 337 1455 τῶν
357 1413 598 1454 δεσποτικῶν
613 1427 649 1452 τι
668 1412 930 1466 Χριστιανοῒς
952 1413 1102 1451 τελοΐτο
1122 1411 1353 1466 μυστηρίων
1376 1407 1401 1464 ἢ
1422 1413 1517 1464 γοῦν
1535 1413 1614 1451 τῶν
1633 1425 1706 1462 με-

257 1478 391 1536 γάλων
418 1479 525 1528 τινὸς
553 1477 686 1533 ἄγοιτο
715 1477 851 1532 μνήμη
881 1478 1058 1533 ἀνδρῶν,
1092 1478 1296 1531 συνέβαινε
1319 1477 1390 1527 τὰς
1406 1478 1447 1518 ἐν
1464 1481 1514 1534 τῇ
1531 1477 1708 1536 πολιτείᾳ

256 1549 372 1596 δίκας
410 1549 465 1596 εἷς
505 1546 724 1601 ἀπέραντον
756 1546 1031 1598 ἒξικνουμὲνας
1066 1544 1271 1601 τυγχάνειν
1297 1546 1483 1587 οὐδέποτε
1511 1548 1706 1599 τελευτῆς.

257 1617 440 1657 ἐντεῦθεν
459 1612 701 1669 ἀνθρώπους
719 1611 823 1655 εἶδον
845 1613 919 1668 ἐγώ
940 1615 1067 1663 δίκαις
1083 1611 1460 1670 καταγηράσαντας,
1489 1615 1554 1654 καὶ
1571 1613 1704 1666 μέντοι
1716 1617 1762 1652 20

115 1691 148 1726 V
174 1689 239 1725 126
262 1685 327 1725 καὶ
350 1680 682 1731 ἕπαποθανόντας
700 1681 851 1731 αὐταῖς.
908 1681 1010 1722 ἀλλὰ
1032 1683 1098 1723 καὶ
1116 1686 1233 1723 τοῦτο
1253 1682 1297 1724 τὸ
1320 1681 1443 1723 κακὸν
1462 1683 1708 1734 θεσπίσματι

205 1758 237 1792 D
261 1755 391 1810 νεαρῷ
422 1755 493 1805 τῆς
515 1748 722 1804 Ῥωμαίων
750 1747 996 1803 ἀπελήλαται
1026 1751 1238 1799 πολιτείας.
1305 1751 1405 1806 λέγει
1423 1749 1498 1806 γὰρ
1522 1749 1566 1791 τὸ
1584 1754 1708 1803 βασι-

345 1891 382 1925 9.
406 1886 462 1934 ιε’]
490 1888 613 1923 Addidi
636 1887 761 1922 monitu
786 1888 964 1935 Ducangii.
996 1889 1031 1925 in
1054 1890 1140 1926 Cod.
1163 1888 1293 1924 lacuna.
1435 1889 1489 1925 13.
1511 1886 1708 1934 xpvmifiol-

347 1937 436 1980 λον]
461 1934 551 1970 Tou.
575 1933 838 1980 χρυσόβουλον.

254 2057 444 2094 ἰτειιᾶεηίιεε
469 2069 584 2092 eorum
609 2057 784 2093 audaciam
807 2059 926 2104 poenis
946 2058 1168 2097 coercebantx
1199 2060 1360 2105 erantque
1373 2057 1552 2094 secundum
1567 2057 1709 2104 Aesopi-

257 2116 333 2139 cam
355 2104 523 2145 fabulam,
554 2104 587 2137 in
613 2115 680 2148 qua
701 2105 744 2138 ud
761 2105 888 2139 leonem
905 2105 938 2139 in
953 2106 1113 2150 spelunca
1127 2110 1355 2149 aegrotantem
1371 2105 1533 2139 accedunt
1545 2104 1709 2146 animalia,

258 2150 478 2193 ingenuorum
493 2150 657 2183 hominum
671 2149 926 2193 ingredientium
939 2151 1082 2194 vestigia
1098 2151 1201 2185 multa
1217 2151 1408 2192 admodum,
1425 2149 1611 2184 exeuntium
1623 2161 1706 2183 vero

260 2195 393 2230 nullum.
440 2195 526 2228 lianc
549 2205 684 2240 pravam
708 2197 976 2230 consuetudinem
991 2197 1094 2241 igitur
1105 2197 1264 2230 radicitus
1280 2208 1299 2230 a
1313 2197 1421 2230 media
1437 2195 1571 2229 civitate
1586 2196 1708 2229 exstir-

260 2252 344 2288 pare
369 2240 487 2273 volens
511 2239 698 2284 imperator
718 2242 935 2286 promulgatis
957 2242 1075 2276 edictis
1099 2242 1287 2276 libertatem
1297 2267 1306 2284 ,
1338 2242 1457 2287 quibus
1481 2241 1538 2274 illa
1552 2251 1573 2273 a
1588 2247 1710 2276 natura

262 2296 422 2320 concessa
445 2289 541 2329 erat,
573 2286 724 2320 omnibus
749 2287 898 2322 donavit.
944 2288 1057 2322 liberis
1073 2288 1158 2322 enim
1176 2287 1349 2329 Romanis,
1379 2297 1444 2320 non
1465 2285 1630 2330 mancipiis
1645 2287 1707 2320 im—

260 2331 410 2378 peritare
425 2331 594 2375 cupiebat.
629 2331 716 2365 idem
734 2338 908 2376 praeterea
924 2344 1010 2367 anno
1024 2333 1153 2379 imperii
1167 2334 1218 2367 sui
1233 2334 1358 2375 decimo
1373 2332 1486 2378 quinto
1503 2331 1656 2366 decrevit
1671 2335 1709 2367 ut

262 2389 359 2411 nemo
374 2377 530 2421 deinceps
546 2376 650 2410 sacris
669 2378 759 2422 apud
773 2379 971 2422 Byzantium
997 2379 1203 2413 monasteriis
1225 2378 1390 2423 negotium
1411 2379 1595 2411 facesseret
1609 2377 1652 2411 de
1667 2377 1708 2412 iis

263 2422 409 2469 praediis
424 2433 510 2467 quae
525 2433 733 2467 quocumque
749 2424 782 2457 in
797 2424 872 2458 loco
886 2424 943 2457 illa
960 2425 1182 2467 possiderent.
1227 2425 1378 2468 hancque
1401 2422 1610 2456 donationem
1626 2434 1709 2457 con·

264 2468 410 2502 firmavit
437 2468 547 2501 libello
561 2493 569 2509 ‚
601 2467 660 2513 qui
685 2469 774 2512 quod
789 2480 891 2503 aureo
907 2469 1013 2513 sigillo
1030 2470 1174 2504 munitur
1187 2481 1289 2504 aurea
1303 2469 1393 2503 bulla
1407 2467 1522 2502 vocari
1536 2468 1636 2513 vulgo
1651 2480 1709 2504 so·

263 2513 323 2547 let.
371 2512 460 2546 unde
485 2513 606 2546 nullum
629 2513 727 2548 hodie
742 2516 934 2549 monachum
949 2515 1092 2549 iudicum
1106 2517 1196 2550 fores
1208 2515 1392 2560 pulsantem
1406 2513 1522 2548 videre
1547 2519 1619 2556 est,
1648 2518 1710 2549 ut-

289 2563 344 2592 ote
361 2570 434 2592 cum
450 2558 531 2592 nihil
547 2559 633 2592 adsit
647 2559 688 2593 de
704 2572 769 2605 quo
784 2561 823 2595 lis
838 2561 998 2595 intentari
1011 2560 1051 2594 iis
1065 2566 1178 2606 queat.
1222 2565 1258 2594 et
1281 2561 1363 2594 haec
1384 2559 1515 2604 quidem
1529 2559 1579 2593 sic
1593 2571 1630 2594 se
1645 2560 1709 2595 lia—

263 2570 325 2637 ξεῖ,
347 2604 556 2639 constitutio.
603 2616 675 2639 cum
699 2616 781 2640 vero
803 2606 944 2640 omnium
959 2606 1108 2661 plerique
1123 2607 1247 2641 dierum
1262 2605 1340 2650 lege
1353 2605 1604 2650 exciperentur,
1633 2605 1710 2651 qui*-

264 2649 328 2683 bus
344 2648 493 2682 nimirum
508 2649 563 2683 vel
578 2649 741 2685 dominica
755 2663 774 2686 a
793 2652 989 2686 Christianis
1016 2652 1175 2695 mysteria
1188 2651 1436 2696 peragebantur
1450 2651 1505 2684 vel
1521 2651 1631 2696 magni
1644 2650 1710 2686 ali-

266 2694 360 2728 cuius
374 2694 438 2727 viri
453 2695 614 2738 agebatur
630 2697 805 2741 memoria,
836 2698 940 2731 fiebat
954 2702 990 2731 ut
1002 2697 1125 2731 iudicia
1136 2698 1169 2730 in
1183 2696 1355 2741 republica
1369 2695 1402 2730 in
1418 2696 1609 2731 immensum
1626 2707 1710 2742 pro-

266 2739 373 2774 latata
385 2749 557 2784 numquam
573 2741 614 2774 ad
630 2742 754 2776 exitum
775 2743 1051 2788 perducerentur.
1095 2742 1212 2777 exinde
1227 2742 1296 2775 vidi
1311 2753 1375 2786 ego
1391 2741 1535 2776 homines
1549 2742 1582 2776 in
1597 2741 1710 2780 litibus

266 2790 498 2827 senescentes,
521 2785 620 2819 immo
637 2791 672 2820 et
684 2787 908 2822 immorientes
925 2788 1051 2822 iisdem.
1087 2787 1147 2822 sed
1162 2787 1301 2832 pessima
1316 2787 1372 2822 lex
1386 2788 1453 2821 ista
1466 2798 1554 2822 novo
1570 2787 1708 2822 decreto

266 2830 300 2866 ln
317 2830 488 2876 republica
501 2831 626 2865 abolita
640 2836 703 2867 est.
727 2834 854 2879 quippe
867 2833 1075 2879 imperatoris
1089 2833 1231 2868 edictum
1245 2844 1354 2879 neque
1368 2833 1441 2868 dies
1454 2834 1562 2870 festos
1577 2832 1708 2869 omnino
