1878 3262
242 219 336 266 100
663 214 970 260 NICEPHORI
1001 214 1268 258 ΒΒῩΕΝΝΠ
1320 228 1325 247 >

127 337 154 373 V
177 335 222 372 49
245 334 297 377 ἕω
325 329 659 386 ἀποδειχθέντος,
694 327 715 372 ὃ
741 329 819 387 πρὸ
849 330 965 373 τοῦδε
997 325 1115 386 λόγος
1145 330 1272 384 δηλοῒ.
1339 330 1424 373 νυνὶ
1446 330 1490 373 δὲ
1523 327 1602 372 ἀπὸ
1619 333 1700 373 τῶν

244 400 348 444 κατὰ
377 400 449 455 τὴν
475 399 580 457 ἑῴαν
610 397 859 456 πραγμάτων
890 398 1105 455 ἀναγκαῖον
1127 400 1351 451 μεταβῆναι
1371 398 1471 455 πρὸς
1489 399 1562 454 τὴν
1583 397 1701 441 ἕσπέ-

247 487 322 526 ραν
348 471 419 511 καί
438 484 527 510 τινα
557 473 637 510 τῶν
662 469 703 509 ἐν
727 467 830 524 αὐτῇ
852 467 1116 524 πραχθέντων
1142 464 1458 523 ἀφηγήσασθαι,
1486 468 1547 510 ‘lv'
1576 467 1703 524 εἷρμῷ

196 552 226 586 Β
249 556 325 581 τινι
356 539 422 579 καὶ
450 535 558 587 τάξει
586 538 762 590 βαδίζων
792 534 812 577 ὅ
847 535 963 592 λόγος
994 536 1056 577 ἐπὶ
1084 534 1158 584 τὰς
1173 533 1336 591 πράξεις
1360 529 1482 584 αὖθις
1503 534 1604 592 ἔλθῃ
1630 538 1703 577 τοῦ

247 609 465 661 Κομνηνοῦ
488 606 676 655 Ἀλεξίου.
745 605 878 658 ἐπειδὴ
901 608 980 646 τῶν
1003 605 1159 645 παίδων
1182 607 1255 644 τοῦ
1275 600 1489 645 θειοτάτου
1511 605 1733 661 καίσαροςὸ

247 674 268 718 ὃ
300 676 373 729 μὲν
401 672 592 730 νεώτερος
623 675 926 723 Κωνσταντῖνος
954 672 1055 728 ἀνὴρ
1089 668 1247 727 ἀγαθὸς
1274 669 1482 726 γενόμενος
1515 672 1703 728 ἐξαίφνης

196 764 199 769 “
249 745 425 796 ἀπεβίω,
452 741 472 784 ὃ
499 743 541 785 δὲ
563 740 832 799 πρεσβύτερος
844 739 1094 798 Ἀνδρόνικος
1114 739 1160 782 τὸ
1186 747 1362 795 γενναῖον
1387 740 1512 781 αὐτοῦ
1533 743 1604 794 τῆς
1617 751 1704 793 ψυ-

245 817 323 867 χῆς
347 810 611 868 παραστήσας
638 811 712 852 κάν
737 815 795 867 τῷ
818 810 921 852 κατὰ
942 813 1015 851 τοῦ
1043 809 1264 865 Οὖρσελιόυ
1293 808 1454 865 πολέμῳ
1477 809 1543 849 καὶ
1563 806 1704 849 ἑαυτὸν

247 881 463 938 προέμενος
489 878 589 935 ὑπὲρ
620 883 692 932 τῆς
719 879 792 920 τοῦ
822 875 975 935 πατρὸς
1004 879 1205 934 σωτηρίας
1229 879 1365 926 δεινῶς
1389 874 1704 933 τετραυμάτιστο

232 948 302 997 ,ὥς
337 952 486 1004 μικροῦ
519 950 599 989 δεῖν
635 947 800 1000 ἔξαιμος
828 946 997 1002 γεγονὼς
1029 947 1230 1000 ἐπανῆλθε
1261 944 1361 1002 πρὸς
1390 945 1435 987 τὸ
1469 943 1758 997 Βυζάντιον,10

248 1016 480 1058 ἐπανελθών
507 1016 549 1057 δὲ
576 1017 642 1056 καὶ
670 1017 893 1068 ἐπιμελείας
916 1013 1047 1068 τυχῶν
1076 1013 1135 1056 ὅτι
1157 1016 1342 1067 πλείστης
1366 1018 1446 1055 τῶν
1467 1014 1540 1067 μὲν
1561 1015 1604 1055 ἐκ
1625 1017 1704 1055 τῶν

246 1082 490 1141 τραυμάτων
511 1081 742 1137 ἀλγηδόνων
761 1082 1016 1137 ἀπήλλακτο,
1049 1085 1211 1140 καχεξία
1232 1084 1274 1124 δὲ
1298 1080 1534 1137 σπλάγχνων
1560 1098 1705 1135 συσχεψ

196 1167 227 1202 c
250 1155 339 1201 θεὶς
369 1149 499 1207 ὑδέρῳ
532 1152 705 1206 ληφθεὶς
736 1148 982 1207 ἀπηγόρευτο
1014 1151 1114 1206 πρὸς
1139 1155 1218 1193 τῶν
1248 1153 1418 1207 ἰατρῶν,
1455 1148 1707 1204 ἀτονησάσης

249 1225 322 1275 τῆς
362 1220 501 1274 τέχνης
539 1220 799 1275 ἐπικουρῆσαι
840 1223 898 1275 τῷ
937 1217 1148 1271 κάμνοντι·
1194 1220 1275 1260 ἐπεὶ
1302 1222 1398 1273 γοῦν
1437 1217 1542 1260 οὕτω
1576 1223 1706 1261 ταῦτα

249 1288 398 1342 συνέβη
432 1289 498 1329 καὶ
536 1285 557 1328 ὃ
588 1294 734 1343 καΐσαρ
758 1285 826 1328 τὸν
850 1287 988 1340 εὐκλεῆ
1004 1288 1095 1340 βίον
1114 1289 1169 1336 εἷς
1190 1286 1258 1328 τὸν
1276 1286 1493 1340 μοναδικὸν
1515 1286 1704 1340 μετήμει-
1718 1294 1761 1330 15

249 1370 329 1412 ’ψεν
339 1390 352 1409 ,
390 1354 410 1398 ὅ
428 1355 619 1410 βασιλεὺς
638 1356 814 1409 Μιχαὴλ
837 1357 1020 1412 φροντίσι
1038 1357 1202 1412 μυρίαις
1220 1353 1382 1396 ἕπάλαιε
1393 1387 1407 1406 ,
1441 1358 1522 1397 τῶν
1538 1372 1578 1396 τε
1599 1358 1707 1396 Σκυ-

249 1429 341 1468 θῶν
376 1423 542 1483 Θρᾴκην
573 1441 614 1466 τε
647 1426 713 1465 καὶ
744 1425 1007 1466 Μακεδονίαν
1026 1422 1370 1480 κατατρεχόντων,
1403 1427 1477 1465 τοῦ
1499 1441 1539 1465 τε
1563 1426 1708 1465 §.9212-

249 1496 374 1548 βίνων
396 1492 540 1542 ἔθνους
562 1496 633 1546 τῆς
655 1490 1053 1546 δουλειάςῬωμαίων
1073 1491 1370 1549 ἀφηνιάσαντος
1392 1494 1458 1533 καὶ
1482 1491 1553 1546 τὴν
1571 1494 1707 1533 Βουλ-

246 1560 382 1617 γάρων
401 1558 591 1617 δ’ῃοῦντός
611 1577 651 1602 τε
673 1562 739 1601 καὶ
758 1561 1003 1614 ληΐζομείιου.
1060 1562 1242 1602 Σκοῦποί
1259 1578 1299 1602 τε
1322 1562 1389 1601 καὶ
1406 1563 1565 1609 Ναΐσος
1585 1561 1707 1616 ἐπορ-

132 1641 162 1677 Ρ
186 1641 231 1678 69
253 1634 405 1672 θοῦντο
419 1661 432 1681 ,
464 1630 531 1670 καὶ
558 1628 657 1670 αὐτὸ
683 1628 732 1682 δὴ
758 1628 803 1669 τὸ
825 1630 995 1685 ,Σίρμιον
1023 1630 1088 1670 καὶ
1114 1627 1165 1670 τὰ
1187 1630 1274 1685 περὶ
1297 1627 1365 1669 τὸν
1391 1630 1548 1681 Σαβιάν
1580 1633 1763 1670 now-20

250 1698 328 1753 μὸν
341 1699 473 1754 χωρία
492 1699 559 1738 καὶ
581 1697 622 1737 αἱ
640 1698 867 1753 παρίστριοι
887 1695 1020 1746 πόλεις
1038 1697 1079 1738 αἴ
1099 1698 1215 1753 μέχρι
1237 1698 1414 1750 Βυδίνης
1434 1701 1566 1746 κακῶς
1588 1698 1708 1739 διετί-

250 1771 386 1809 θεντο.
456 1766 606 1807 ἐκεῖθεν
639 1765 680 1806 δ’
714 1760 837 1814 αὖθις
861 1763 1109 1821 Χωροβάτοι
1134 1767 1214 1807 -καὶ
1246 1765 1433 1815 Διοκλεῒς
1465 1763 1709 1816 ἀποστάντες

253 1833 360 1877 ἅπαν
381 1833 427 1876 τὸ
443 1830 663 1889 Ἰλλυρικὸν
682 1837 816 1883 κακῶς
839 1835 1054 1876 διετίθουν.

344 1942 402 1976 21.
420 1939 644 1985 διετίθεντο]
668 1938 715 1974 V.
739 1937 922 1975 διέθεντο.

251 2031 339 2067 liber
362 2031 519 2076 explicat.
564 2042 653 2064 nunc
674 2033 784 2065 autem
809 2030 853 2065 ab
880 2026 1109 2064 Orientalibus
1129 2030 1231 2065 rebus
1250 2040 1388 2065 necesse
1403 2033 1456 2065 est
1467 2029 1660 2075 transgredi
1673 2029 1710 2065 in

254 2077 475 2112 Occidentem
493 2080 528 2110 et
544 2076 707 2122 quaedam
722 2076 768 2110 ibi
784 2081 954 2120 gestorum
970 2085 1147 2118 enarrare,
1170 2082 1208 2111 ut
1222 2077 1310 2110 serie
1326 2077 1483 2110 continua
1498 2082 1533 2111 et
1546 2085 1709 2121 nusquam

253 2123 445 2167 interrupto
462 2122 578 2156 ordine
596 2127 712 2156 nostra
727 2122 946 2167 progrediens
960 2122 1067 2156 oratio
1083 2133 1198 2156 rursus
1208 2123 1250 2156 ad
1264 2123 1426 2157 Comneni
1437 2121 1547 2157 Alexii
1561 2127 1636 2156 acta
1651 2133 1710 2156 re·-

256 2172 422 2203 vertatur.
472 2172 647 2212 postquam
663 2168 805 2201 filiorum
821 2165 1097 2212 praestantissimi
1112 2168 1269 2202 Caesaris
1284 2175 1365 2202 natu
1378 2168 1526 2202 minimus
1543 2167 1712 2201 Constan-

252 2214 344 2248 tinus
366 2213 421 2246 vir
443 2213 542 2246 fortis
563 2214 673 2246 subito
699 2214 883 2247 exstinctus
908 2219 982 2258 cst,
1012 2214 1170 2247 maximus
1187 2226 1267 2247 vero
1284 2219 1364 2248 natu
1380 2213 1589 2248 Andronicus
1603 2225 1710 2257 gene-

255 2259 400 2294 rositate
415 2270 474 2293 sua
516 2259 634 2292 robata
649 2259 682 2291 in
701 2259 791 2292 bello
808 2259 948 2293 maxime
967 2265 1084 2293 contra
1105 2259 1289 2302 ursanum,
1305 2272 1372 2304 quo
1389 2271 1426 2294 se
1440 2259 1547 2305 ipsum
1568 2270 1628 2303 pro
1651 2271 1708 2293 sa-

253 2306 326 2339 lute
352 2304 458 2350 patris
507 2314 654 2337 evovens
668 2308 738 2337 tam
753 2305 906 2348 graviter
921 2310 973 2338 est
988 2305 1180 2338 vulneratus
1196 2311 1233 2339 ut
1249 2317 1355 2351 prope
1377 2304 1553 2348 exsanguis
1568 2304 1711 2339 redierit

253 2350 478 2394 Byzantium,
507 2349 620 2393 ibique
638 2360 738 2393 quam
764 2350 1013 2394 diligentissime
1041 2355 1177 2384 curatus
1204 2351 1374 2384 doloribus
1389 2350 1520 2395 quidem
1535 2349 1717 2384 vulnerum

255 2397 419 2430 liberatus
443 2399 514 2437 est,
546 2395 706 2438 languore
733 2406 815 2428 vero
839 2395 1006 2429 viscerum
1032 2401 1208 2448 correptus
1225 2397 1426 2441 hydropicus
1439 2395 1604 2428 iudicatus
1620 2401 1709 2430 esta.-

255 2440 389 2476 medicis
404 2445 440 2475 et
453 2445 491 2473 ut
506 2440 641 2484 gravius
656 2440 812 2473 iabou-ans
828 2452 926 2484 quam
951 2441 1007 2485 qui
1033 2441 1140 2474 iuvan
1162 2453 1227 2485 ope
1242 2442 1324 2475 artis
1339 2444 1452 2486 posset
1467 2440 1639 2485 depositus
1654 2444 1707 2475 at-

255 2499 323 2531 que
346 2486 572 2520 conclamatus
597 2488 659 2519 est.
707 2490 883 2530 postquam
909 2487 994 2519 haec
1017 2486 1149 2530 inquam
1164 2487 1213 2520 sic
1227 2490 1425 2527 evenerunt,
1456 2491 1492 2519 et
1507 2486 1635 2521 Caesar
1653 2487 1707 2521 in·

256 2533 380 2576 clytum
397 2532 498 2565 vitam
511 2532 544 2564 in
559 2530 777 2564 monasticam
794 2531 1035 2576 professionem
1053 2532 1213 2572 mutavit,
1243 2532 1425 2576 imperator
1448 2528 1596 2566 Michael
1620 2532 1709 2567 curis

254 2577 547 2610 innumerabilibus
564 2575 820 2610 conflictabatur
832 2602 840 2615 ‚
866 2575 1007 2621 Scythis
1022 2577 1152 2622 quidem
1168 2577 1343 2611 Thraciam
1361 2582 1395 2610 et
1409 2576 1639 2611 Macedoniam
1654 2578 1708 2612 in·

256 2623 470 2655 cursantibus
482 2647 492 2662 ,
521 2622 699 2655 Slavorum
724 2632 806 2656 vero
830 2628 932 2665 gente
957 2622 1069 2666 iugum
1085 2623 1256 2656 Romanae
1271 2621 1502 2656 dominationis
1518 2623 1708 2658 excutiente

256 2672 292 2700 et
315 2667 507 2710 Bulgariam
530 2667 656 2712 rapinis
679 2671 782 2712 atque
806 2667 966 2702 incendiis
992 2673 1116 2713 agente
1139 2669 1345 2713 ferenteque.
1393 2669 1496 2713 Scupi
1522 2679 1656 2714 quoque
1671 2671 1708 2703 et

254 2713 382 2747 Naisus
410 2713 642 2754 vastabantur,
682 2713 759 2757 quin
789 2713 896 2758 ipsum
927 2714 1027 2748 etiam
1055 2713 1230 2757 Sirmium,
1269 2718 1305 2747 et
1335 2725 1420 2758 quae
1450 2714 1540 2748 circa
1570 2713 1707 2749 Savium

255 2768 385 2791 amnem
410 2754 475 2791 sita
500 2762 578 2791 sunt
603 2757 725 2803 oppida
747 2770 902 2804 quaeque
925 2759 966 2793 ad
990 2760 1112 2793 Istrum
1137 2767 1240 2804 usque
1256 2758 1410 2794 Vidinam
1424 2759 1535 2794 iacent
1550 2759 1707 2794 civitates

255 2803 407 2848 graviter
431 2803 640 2836 laborabant.
685 2802 765 2838 inde
789 2813 905 2839 rursus
928 2804 1112 2839 chorobati
1135 2807 1171 2839 et
1192 2804 1390 2840 Dioclenses
1413 2805 1617 2841 rebellantes
1631 2803 1708 2840 un}-

254 2859 390 2884 versum
405 2847 575 2894 Illyricum
586 2848 803 2886 infestabant.
