1878 3262
290 216 383 263 170
769 213 992 256 IOANNIS
1027 214 1257 258 CINNAMI

282 349 356 381 τας
374 323 705 385 προηγησαμὲνας
722 331 851 370 ταῦτα
871 325 1076 378 ξυνέπεσεν
1094 326 1289 382 εὖτυχίας.
1341 325 1525 386 ἀτύχημα
1543 329 1619 387 γὰρ
1638 330 1740 384 μετὰ

283 398 403 448 δόξαν
421 396 642 452 ἔπιγεγονὸς
659 403 908 454 παραιτεῖται
926 397 999 450 μὲν
1016 396 1088 451 τὴν
1107 394 1337 450 δύσκλειαν,
1370 399 1483 442 ἆνίαν
1502 400 1544 442 δὲ
1561 398 1740 454 μάλιστα

280 468 479 522 προξενεῖν
509 464 672 517 εἴωθεν,
710 465 769 508 ὅτι
788 469 934 522 μικροῦ
951 469 1023 507 τοῦ
1041 465 1086 507 τὸ
1106 469 1185 506 πᾶν
1204 467 1350 520 δεῆσαν
1368 471 1616 524 κατορθοῦν,
1655 466 1738 510 εἶτα

279 532 486 576 ἀπώλοντο
507 531 678 576 ἅπαντα.
723 533 868 590 ἤλγησε
886 534 959 588 μὲν
977 528 1048 574 οὖν
1067 533 1134 575 διὰ
1152 538 1280 576 ταῦτα
1293 566 1306 586 ,
1336 534 1382 575 οὗ
1400 535 1480 589 μὴν
1497 537 1561 577 καὶ
1579 534 1737 590 ἡττήθη

276 606 350 644 τοῦ
368 599 542 652 πάθους.
602 601 775 653 Ἀλέξων
798 604 951 653 τοίνυν,
989 601 1034 651 ὃς
1051 601 1096 643 τὸ
1115 606 1188 644 τοῦ
1206 601 1552 660 προτοστράτορος
1569 603 1737 656 ἄνεζιῦν-
1749 617 1771 652 5

277 687 371 712 νυτο
390 668 479 712 τότε
498 668 764 727 λειτούργημα
773 703 786 723 ,
824 672 886 713 ἐπὶ
905 670 1083 726 Ἀγκῶνα
1098 670 1269 721 Ἰταλίας
1287 666 1412 721 αὖθις
1430 669 1485 721 ὡς
1502 672 1544 721 ἐξ
1562 669 1739 728 ὁρμητη-

227 746 258 782 D
283 739 370 796 ριόυ
402 738 509 789 τινὸς
535 739 718 782 ε’ντεῢθεν
744 737 1109 794 μεταποιησόμενον
1136 738 1324 793 ἔπεμψεν.
1395 739 1432 781 οἱ
1459 739 1536 796 γὰρ
1556 741 1648 796 τῇδε
1667 740 1740 781 ἄν-

278 812 440 864 θρωποι
459 805 604 864 ὅρκους
619 812 784 862 βασιλεῖ
797 806 1032 865 φθάσαντες
1050 807 1193 850 ἔδοσαν
1202 840 1213 859 ,
1241 807 1329 865 ῥηγὶ
1346 809 1418 861 μὲν
1435 812 1492 864 τῷ
1503 808 1740 862 Ἀλαμανῶν

277 875 421 918 οὔποτε
456 874 609 927 ἑκόντες
645 875 902 931 πολεμήσειν,
934 875 1128 932 χρήματα
1154 877 1198 918 δὲ
1224 881 1298 918 τοῦ
1323 877 1520 930 βασιλέως
1550 879 1616 918 καὶ
1637 875 1738 919 Ῥω-

278 945 411 998 μαίων
429 942 500 993 οὓς
518 942 567 985 ἂν
585 944 705 995 αὐτὸς
723 946 890 999 πέμψειε
903 977 916 995 ,
953 943 1120 994 τούτους
1145 945 1195 999 δὴ
1227 943 1412 1001 τηρήσειν
1440 943 1516 986 ὅσα
1543 947 1609 987 καὶ
1641 943 1738 986 ἕαυ-
1752 956 1795 991 10

278 1010 386 1061 τούς.
416 1010 513 1054 ὅθεν
533 1013 576 1054 δὲ
594 1015 649 1062 εἷς
666 1018 783 1055 τοῦτο
801 1012 990 1067 βασιλεὺς
1008 1011 1221 1069 προήχθη,
1249 1014 1392 1055 αὐτίκα
1411 1011 1592 1067 δηλώσω.
1623 1011 1740 1055 ὁπότε

278 1079 357 1134 ἤδη
385 1081 448 1121 ἐπὶ
474 1080 688 1138 Κερκύρας
714 1080 944 1138 ἐστράτευε,
982 1083 1152 1123 δυσνοῦν
1178 1083 1244 1122 καὶ
1265 1080 1489 1137 δύστροπον
1507 1082 1551 1123 τὸ
1575 1082 1741 1124 Οὐεννί-

280 1165 361 1191 των
380 1147 632 1203 κατανοήσας
651 1148 770 1200 ἔθνος
778 1182 791 1202 ,
821 1151 910 1207 περὶ
927 1151 1106 1199 πλείονος
1123 1148 1237 1192 ἔθετο
1257 1149 1365 1199 ὅπως
1383 1149 1637 1204 ἂνἈγκῶνος
1654 1154 1740 1191 λοι-

281 1215 357 1258 πὸν
384 1219 670 1272 μεταποιηθεὶς
698 1216 852 1275 ὀφρύος
878 1235 919 1260 τε
945 1222 1017 1272 τῆς
1049 1218 1272 1260 Οὗεννέτων
1288 1218 1333 1266 τὸ
1352 1218 1454 1274 πολὺ
1474 1217 1739 1260 καταπαύσειε

279 1287 346 1326 καὶ
374 1285 469 1335 τοὺς
497 1286 538 1327 ἒν
562 1286 712 1346 Ἰταλία
738 1286 937 1339 πολέμους
962 1287 1146 1327 ἐντεῦθεν
1171 1285 1300 1344 ῥᾷστα
1319 1287 1599 1341 διαγωνίζοιτο.
1668 1286 1736 1328 διὰ
1750 1301 1793 1337 15

159 1359 188 1393 P
211 1360 256 1395 99
278 1357 409 1396 ταῦτα
426 1354 499 1407 μὲν
510 1354 682 1404 Ἀλεξιος
700 1354 773 1396 σὺν
787 1353 970 1411 χρήμασι
989 1358 1152 1403 πολλοῖς
1168 1355 1229 1395 ἐπὶ
1242 1354 1418 1410 Ἀγκῶνα
1435 1349 1574 1408 ἦλθεν.
1641 1352 1740 1397 ὅθεν

275 1420 581 1466 Κωνσταντῖνόν
609 1440 650 1465 τε
679 1423 749 1465 τὸν
758 1418 904 1465 ἸΏττον
922 1425 988 1464 καὶ.
1002 1423 1190 1479 Ἀνδρέαν
1208 1421 1363 1477 κόμητα
1382 1421 1534 1472 πόλεως
1546 1423 1741 1476 Ἰταλικῆς

272 1489 346 1545 τήν
375 1508 417 1532 τε
442 1497 561 1546 χεῖρα
589 1498 767 1546 γενναῖον
793 1493 859 1533 καὶ
888 1491 1073 1547 ἀνδρείας
1092 1485 1135 1533 εὗ
1152 1490 1299 1545 ἥκοντα
1318 1492 1379 1532 ἐπὶ
1399 1491 1470 1546 τὴν
1483 1491 1655 1533 Ἰταλίαν
1673 1492 1739 1533 ἕκ-

273 1559 441 1612 πίμψας
454 1556 570 1614 χεῖρά
590 1576 630 1600 τε
650 1558 863 1613 σύμμαχον
881 1558 1044 1615 ἤθροιζε
1076 1559 1227 1612 πολλὴν
1245 1561 1310 1601 καὶ
1329 1558 1463 1608 πόλεις
1480 1557 1534 1608 ὥς
1552 1561 1739 1609 πλείστας

268 1624 482 1679 Ῥωμαίοις
499 1627 732 1669 ἐδουλοῦτο·
769 1625 832 1669 ὅτε
853 1627 902 1681 δὴ
921 1628 1053 1682 γέγονέ
1068 1644 1105 1668 τι
1124 1629 1189 1668 καὶ
1208 1631 1378 1669 τοιοῦτο.
1446 1625 1466 1668 ὅ
1487 1625 1644 1681 Ῥώμης
1662 1628 1793 1684 ‹ip-20

270 1694 426 1751 χιερεῦς
444 1696 484 1734 Γ
482 1694 643 1752 ιλιέλμῳ
662 1697 800 1752 φιλίαν
826 1695 903 1750 ἤδη
931 1693 1183 1750 ὁμολογήσας
1195 1727 1207 1746 ,
1243 1695 1377 1751 ἐπειδὴ
1396 1695 1452 1737 τώ
1472 1694 1590 1751 ἄνδρε
1608 1694 1738 1737 τούτω

275 1762 344 1804 διὰ
361 1766 442 1805 τῶν
453 1760 611 1819 Ῥώμης
629 1762 729 1806 ῗόντε
748 1763 845 1819 ἴγνω
858 1765 1040 1821 χωρίων,
1078 1761 1322 1820 ἰσχυρότατα
1341 1761 1564 1805 διεκώλυεν.
1633 1763 1738 1805 ἀλλὰ

360 1903 424 1959 ς10.
448 1900 640 1949 τηρήσειν]
663 1903 718 1938 Ita
739 1903 884 1939 Tollius.
932 1903 1018 1939 Cod.
1039 1901 1239 1948 τηρήσειεν.
1369 1903 1423 1939 17.
1443 1897 1595 1950 'att-ov]
1617 1903 1736 1950 Heyse

370 1950 491 1984 Ωπον.
537 1951 602 1985 cfr.
622 1962 659 1997 p.
683 1951 740 1994 72,
762 1950 796 1984 6.

276 2077 380 2108 tunae
395 2084 567 2108 successus
582 2074 787 2109 acciderant.
833 2074 1079 2109 interveniente
1099 2074 1224 2120 quippe
1245 2077 1326 2119 post
1340 2076 1469 2119 partam
1485 2073 1625 2118 gloriam
1641 2074 1732 2108 cala-

276 2119 394 2154 mitate
405 2145 415 2161 ‚
448 2120 512 2153 etsi
527 2121 661 2154 infamia
675 2121 720 2154 sit
734 2121 841 2155 minor
851 2146 861 2162 ‚
896 2133 936 2155 eo
954 2127 1066 2155 tamen
1080 2121 1184 2154 maior
1198 2121 1342 2154 suboriri
1356 2121 1442 2154 solet
1454 2120 1610 2162 tristitia,
1641 2120 1731 2164 quod

277 2176 351 2198 cum
377 2176 483 2210 prope
509 2166 657 2199 abfueris
683 2177 702 2199 a
721 2178 847 2200 summa
861 2178 899 2200 re
914 2167 1142 2211 conficienda,
1170 2170 1273 2200 totam
1293 2165 1489 2211 perdideris.
1534 2175 1651 2199 verum
1667 2166 1732 2199 etsi

276 2215 457 2255 eapropter
484 2210 629 2244 doluerit
651 2211 833 2256 imperator
845 2239 854 2254 ‚
888 2224 1096 2257 nequaquam
1113 2218 1224 2246 tamen
1238 2212 1342 2256 fregit
1355 2212 1442 2245 illius
1455 2210 1594 2244 animum
1610 2222 1733 2245 conce-

274 2260 355 2301 ptus
371 2267 414 2289 ex
433 2256 497 2289 hac
513 2256 609 2290 clade
623 2267 766 2291 moeror.
810 2258 963 2291 Alexium
978 2259 1112 2302 itaque,
1143 2258 1201 2302 qui
1215 2263 1285 2291 tum
1300 2255 1555 2302 protostratoris
1568 2255 1733 2299 dignitate

275 2305 395 2335 auctus
409 2302 544 2344 fuerat,
574 2304 745 2336 Anconam
762 2303 871 2343 misit„
902 2309 942 2336 ut
955 2304 1032 2337 inde
1047 2303 1142 2348 quasi
1159 2315 1202 2336 ex
1217 2303 1294 2336 belli
1308 2302 1389 2336 sede
1404 2302 1447 2335 de
1461 2301 1581 2335 ltaliae
1595 2313 1731 2346 posses-

273 2347 368 2381 sione
378 2347 579 2380 decertaret.
626 2347 726 2381 fidem
743 2348 827 2382 enim
843 2349 985 2394 principi
1000 2350 1161 2383 dederant
1175 2348 1352 2394 oppidani,
1369 2358 1434 2380 non
1447 2358 1484 2380 se
1497 2346 1628 2391 quidem
1642 2348 1731 2382 ultro

273 2393 436 2426 adversus
454 2392 704 2427 Alemannorum
719 2405 834 2437 regem
850 2405 942 2427 arma
958 2399 1171 2439 sumpturos,
1200 2394 1262 2428 sed
1283 2393 1440 2439 pecunias
1462 2397 1498 2426 et
1522 2404 1607 2436 quos
1622 2393 1730 2438 impe-

270 2442 367 2471 rator
382 2438 545 2472 mississet
558 2449 598 2471 eo
615 2439 783 2473 Romanos
794 2465 803 2481 ‚
830 2444 869 2472 ut
886 2451 923 2472 se
939 2439 1030 2484 ipsos
1047 2445 1253 2474 servaturos.
1298 2450 1386 2483 quae
1400 2449 1483 2471 vero
1501 2438 1541 2471 ad
1557 2438 1590 2471 id
1607 2439 1731 2484 princi-

272 2494 348 2527 pem
370 2495 473 2517 causa
493 2484 662 2528 impulerit
675 2511 684 2524 ,
715 2496 802 2518 nunc
817 2485 935 2519 dicam.
984 2497 1056 2518 cum
1071 2486 1192 2519 bellum
1207 2485 1251 2519 ad
1267 2484 1452 2528 Corcyram
1466 2488 1603 2527 gereret
1614 2509 1625 2525 ‚
1656 2485 1728 2518 Ve-

272 2532 492 2573 netorumque
509 2530 651 2574 populos
667 2530 731 2564 sibi
746 2531 895 2564 infensos
911 2542 1128 2575 morososque
1143 2532 1353 2574 adverteret,
1385 2529 1421 2562 id
1436 2529 1572 2562 maxime
1587 2530 1728 2572 curavit,

272 2578 312 2606 ut
326 2574 495 2608 vindicata
510 2575 572 2609 sibi
588 2577 726 2609 Ancona
742 2576 947 2610 Venetorum
962 2577 1082 2610 fastum
1105 2577 1300 2610 retunderet
1321 2579 1356 2608 et
1378 2574 1587 2618 superbiam,
1619 2575 1727 2609 bella-

273 2630 342 2665 que
355 2619 434 2652 inde
449 2620 567 2654 Italica
583 2621 711 2655 facilius
727 2627 976 2666 exsequeretur.
1013 2633 1053 2655 ea
1068 2622 1172 2666 igitur
1188 2625 1327 2666 propter
1343 2630 1463 2662 magna
1478 2631 1551 2653 cum
1567 2621 1728 2665 pecunia-

273 2676 346 2699 rum
362 2664 398 2698 vi
413 2666 582 2699 Anconam
598 2667 692 2700 venit
707 2668 843 2701 Alexius
857 2679 865 2700 ε
896 2673 998 2712 atque
1021 2668 1099 2702 inde
1124 2668 1264 2701 dimissis
1288 2666 1322 2699 in
1346 2665 1475 2699 Italiam
1502 2666 1725 2701 Constantino

273 2711 360 2744 Otto
388 2714 423 2744 et
446 2711 582 2744 Andrea
607 2713 729 2746 comite
752 2713 894 2746 civitatis
913 2713 1071 2753 Italicae,
1103 2713 1176 2747 viro
1199 2722 1294 2746 manu
1314 2711 1453 2755 impigro
1482 2717 1517 2745 et
1531 2711 1727 2746 fortitudine

272 2755 415 2800 insigni,
442 2756 622 2790 auxiliares
650 2758 778 2802 aliquot
794 2759 959 2792 contraxit
975 2759 1109 2803 copias,
1139 2758 1305 2800 urbesque
1321 2767 1418 2801 quam
1439 2757 1551 2800 plures
1567 2758 1726 2791 Romanis

274 2801 439 2835 asseruit:
470 2801 598 2835 interea
615 2803 764 2847 pontifex
782 2805 973 2845 Romanus,
998 2804 1079 2836 inito
1096 2814 1169 2836 cum
1184 2802 1351 2836 Gulielmo
1370 2802 1509 2836 foedere
1520 2827 1532 2842 ‚
1560 2803 1618 2836 ubi
1632 2803 1726 2836 viros

273 2847 349 2881 illos
364 2858 426 2893 per
440 2847 624 2882 Romanum
639 2859 757 2893 agrum
773 2850 919 2884 transire
932 2848 1078 2892 audivit,
1094 2849 1126 2883 id
1142 2848 1274 2894 quidem
1286 2847 1426 2883 maxime
1439 2848 1619 2893 prohibuit.
1664 2848 1725 2883 sed
