1878 3262
211 249 279 297 86
634 245 942 293 NICEPHORI
972 246 1241 292 BRYENNII

213 362 346 419 ὅμως,
383 361 438 413 ὥς
467 362 514 406 τὸ
540 361 653 414 τέλος
680 361 913 413 ἇπέδειξενμ
964 359 1055 419 ι’ίρτι
1074 360 1153 419 γὰρ
1178 363 1253 403 τοῦ
1276 360 1441 417 romaz
1460 361 1503 405 ἔκ
1516 359 1673 419 Περσί-

157 443 190 478 D
216 435 286 482 δος
306 431 575 483 κατελθόντος
596 433 658 474 ἐπὶ
679 436 738 490 τῷ
758 431 809 474 τὰ
821 429 1032 485 Ῥωμαίων
1050 432 1260 485 ληίζεσθαι
1277 429 1355 480 ξὺν
1367 429 1513 485 πλήθει
1537 430 1674 487 Τούρ-

91 511 126 548 V
149 511 193 549 41
218 518 298 546 κων
332 504 516 553 πολλῶν,
553 503 634 543 δεΐν
666 500 764 556 ἔγνω
797 503 1085 558 προσχωρῆσαι
1110 497 1240 556 τούτῳ
1265 499 1444 540 κάκεῖνον
1463 497 1672 554 ξύμμαχον

212 574 351 623 λαβεῖν
375 569 479 611 κατὰ
500 574 573 612 τοῦ
596 567 962 627 στρατοπεδάρχου.
1027 568 1196 623 πέμψας
1213 568 1347 609 τοίνυν
1363 565 1555 624 πρότερον
1576 567 1674 624 πρέ-

215 643 329 693 σβεις
345 637 514 696 ὕστερον
536 641 604 681 καὶ
630 637 752 688 αὐτὸς
775 637 1009 695 παρεγένετο
1032 639 1088 687 εἷς
1114 636 1161 678 τὸ
1187 639 1267 678 τῶν
1287 633 1482 692 Τούρκων
1503 634 1705 692 omani-5

216 709 362 759 πεδον,
397 709 464 751 καὶ
484 711 543 764 τῷ
567 707 733 762 Τουτὰχ
754 705 1037 763 συγγενόμενος
1055 707 1123 748 καὶ
1144 706 1294 765 πίστεις
1313 704 1451 758 λαβὼν
1473 702 1589 760 ἀπῄει
1609 705 1676 746 ἐπὶ

215 776 262 818 τὸ
289 774 483 833 φρούριον
505 774 779 831 ὑποσχόμενος
799 775 906 831 ἥξειν
926 775 1146 825 εἷςινέωτα.
1214 771 1235 815 ὃ
1261 774 1304 815 δὲ
1325 770 1679 829 στρατοπεδάρχης

216 843 449 898 πυθόμενος
470 844 542 899 τὴν
563 849 636 887 τοῦ
661 845 881 902 Οὖρσελίου
911 843 1012 901 πρὸς
1036 843 1106 885 τὸν
1129 842 1295 898 Τουτὰχ
1322 841 1458 898 ἄφιξιν
1481 841 1678 894 ἐξέπεμψε

217 914 287 955 καὶ
317 913 438 962 αὐτὸς
469 913 654 970 πρέσβεις
686 915 752 955 καὶ
789 915 900 970 δῶρα
929 915 1128 966 πολυτελῆ
1147 915 1205 969 τῷ
1232 909 1418 964 Τουτάχ,
1453 911 1519 953 καὶ
1540 910 1679 966 φιλίας

214 981 330 1038 αὐτῷ
360 981 623 1036 ἀνεμίμνησκε
649 986 722 1036 τῆς
753 982 961 1035 βασιλείας
984 978 1193 1034 Ῥωμαίων
1223 979 1324 1037 πρὸς
1356 979 1425 1021 τὸν
1452 982 1677 1035 κρατοῦντα
1689 987 1733 1021 10

214 1051 413 1107 Περσῶν,
443 1051 510 1091 καὶ
543 1049 595 1104 δὴ
631 1052 698 1094 καὶ
728 1051 914 1106 πρέσβεις
948 1049 1275 1106 ἀντιπεμφθῆναι
1307 1048 1420 1103 ἠξίου
1446 1046 1541 1101 τοὺς
1565 1044 1679 1100 μάλα

214 1115 480 1167 πιστοτάτους
503 1118 634 1176 αὐτῷ,
664 1116 719 1168 ὥς
740 1117 841 1178 ἔχων
861 1134 900 1160 τι
919 1115 1084 1172 μηνύειν
1103 1121 1307 1172 μυστικῶς
1328 1116 1374 1157 οὗ
1397 1115 1545 1172 μικρὰν
1567 1115 1680 1172 αὐτῷ

213 1186 288 1240 τὴν
315 1185 451 1240 ὄνησιν
476 1186 612 1243 φέρον.
682 1184 702 1228 ὅ
729 1186 772 1230 δὲ
793 1192 877 1236 τοῖς
898 1184 1044 1243 δώροις
1065 1184 1207 1241 ἡσθεὶς
1227 1187 1294 1227 καὶ
1317 1183 1426 1234 ὅστις
1447 1184 1505 1238 εἴη
1528 1183 1680 1237 μαθών

212 1254 339 1304 εὐθὺς
360 1255 471 1312 αὐτῷ
495 1254 564 1296 τὸν
585 1253 826 1298 πιστότατον
848 1254 1047 1311 πέπομφε,
1117 1255 1199 1296 ἐπεὶ
1224 1254 1265 1295 δ’
1289 1255 1344 1303 εἷς
1357 1250 1572 1306 Ἀμάσειαν
1592 1245 1677 1306 ἧκε,

90 1329 123 1367 Ρ
146 1331 192 1368 59
215 1322 473 1381 φιλοφρόνως
496 1323 618 1365 αὐτὸν
642 1321 663 1365 ὅ
691 1322 1044 1381 στρατοπεδάρχης
1069 1320 1286 1372 ὑπεδέξατο
1312 1323 1379 1363 καὶ
1403 1320 1531 1370 οὕτως
1554 1319 1676 1361 αὐτὸν
1690 1323 1734 1360 15

214 1390 443 1450 ᾠκειώσατο
466 1393 580 1448 δῶρα
599 1391 736 1442 διδοὺς
752 1394 819 1435 καὶ
838 1391 961 1446 θαμὰ
980 1390 1128 1445 ὁμιλῶν
1155 1385 1234 1446 (ἦν
1252 1389 1330 1447 γὰρ
1351 1389 1458 1446 εἴπερ
1478 1406 1538 1438 τις
1558 1388 1681 1438 ἄλλος

214 1461 256 1503 ἓν
292 1458 426 1516 λόγοις
458 1458 590 1515 ἡδὺς)
628 1458 682 1511 ὥς
705 1463 893 1517 μεγίστην
920 1459 1076 1504 εὔνοιαν
1100 1459 1201 1516 πρὸς
1225 1459 1347 1501 αὐτὸν
1376 1457 1445 1500 τὸν
1466 1456 1680 1514 βάρβαρον

213 1527 461 1583 κτήσασθαι.
529 1526 675 1571 τούτου
707 1524 778 1571 οὖν
809 1530 1019 1585 γενομένου
1047 1530 1211 1571 τοιῶνδε
1242 1527 1342 1583 πρὸς
1372 1526 1494 1569 αὐτὸν
1527 1525 1679 1582 ἤρξατο

210 1595 341 1653 λόγων
369 1595 511 1654 “φίλοι
544 1597 647 1651 μὲν”
681 1598 805 1653 λέγων
833 1592 898 1638 “ὦ
931 1595 1006 1639 τάν
1015 1628 1028 1648 ‚
1064 1595 1085 1638 ὅ
1112 1613 1153 1638 τε
1178 1595 1369 1649 βασιλεὺς
1382 1592 1591 1648 Ῥωμαίων
1610 1594 1679 1635 καὶ

211 1663 233 1707 ὅ
266 1663 509 1716 σουλτάνος,
546 1663 567 1706 ὅ
605 1666 648 1707 δὲ
685 1665 904 1722 Οὖρσέλιος
930 1665 1082 1722 ἀμφοῖν
1103 1662 1273 1721 ὑπάρχει
1299 1660 1460 1719 ἐχθρός.
1529 1663 1735 1704 σίνεταιΞΟ

214 1734 288 1788 μὲν
311 1733 390 1791 γὰρ
412 1733 464 1776 τὰ
480 1731 716 1787 Ῥωμαίων,
751 1734 974 1776 ἐπιτίθεται
994 1734 1036 1775 δὲ
1054 1734 1120 1775 καὶ
1140 1740 1223 1783 τοῖς
1243 1730 1454 1788 Τούρκοις.
1521 1732 1588 1774 καὶ
1609 1733 1681 1771 νῦν

214 1802 314 1847 ἰδὼν
335 1802 405 1845 τὸν
429 1801 500 1845 σὸν
524 1802 685 1861 ἄμυρὰν
707 1800 1013 1863 προσελθόντα,
1049 1800 1182 1860 ὥσπερ
1203 1802 1337 1851 δείσας
1357 1799 1415 1857 μὴ
1436 1796 1510 1849 ὑπ’
1540 1799 1679 1856 ἄμφθ-ὲ

302 1921 338 1956 2.
361 1920 438 1968 τῷ]
460 1920 507 1956 V.
531 1921 615 1956 τοῦ.
751 1923 806 1958 13.
831 1919 970 1967 φέρον]
994 1921 1038 1955 V.
1062 1918 1202 1967 φέρωνέ

213 2033 292 2059 rans
309 2023 480 2057 consilium
496 2023 571 2058 iniit
587 2025 735 2058 astutum
750 2024 883 2070 quidem
899 2036 965 2058 non
979 2027 1092 2059 tamen
1107 2026 1233 2058 eventu
1249 2023 1340 2058 felix.
1386 2034 1460 2058 eum
1477 2023 1562 2057 enlm
1577 2029 1679 2057 ειοοο-Δ

213 2069 321 2116 pisset
345 2069 497 2114 erupisse
522 2070 714 2104 'rutachum
741 2082 760 2104 e
789 2071 928 2104 Perside
944 2071 985 2104 ad
1002 2075 1112 2104 terras
1128 2069 1255 2115 imperii
1271 2069 1449 2103 vastandas
1465 2081 1539 2102 cum
1553 2079 1675 2113 magno

217 2114 369 2149 exercitu
386 2115 594 2158 Turoorum,
621 2117 779 2161 optimum
795 2117 889 2150 factu
906 2116 1038 2161 putavit
1053 2116 1235 2160 adiungere
1249 2127 1286 2149 se
1300 2115 1366 2161 ipsi
1384 2122 1419 2149 et
1433 2115 1492 2149 tali
1507 2114 1597 2148 socio
1613 2114 1677 2148 ad-

213 2171 336 2195 versus
359 2160 513 2194 Alexium
540 2162 597 2195 uti.
645 2161 750 2195 missis
765 2162 867 2206 igitur
883 2162 975 2207 prius
990 2162 1109 2206 legatis
1125 2161 1335 2206 postmodum
1350 2162 1422 2206 ipse
1435 2161 1470 2194 in
1486 2160 1676 2195 Turoorum

215 2211 331 2243 eastra
357 2217 393 2239 se
421 2206 582 2251 contulit,
609 2207 815 2252 foedereque
831 2219 904 2241 cum
921 2207 1077 2243 Tutacho
1092 2207 1174 2240 inito
1191 2207 1293 2241 rediit
1305 2207 1338 2240 in
1355 2218 1464 2240 arcem
1481 2205 1676 2260 promittens

215 2263 318 2297 quam
344 2251 486 2297 primum
510 2262 547 2285 se
571 2252 766 2287 rediturum.
813 2258 850 2287 at
863 2253 1000 2287 Alexius
1015 2253 1129 2287 audita
1143 2253 1352 2298 profectione
1366 2251 1491 2286 Urselii
1505 2251 1547 2284 ad
1563 2250 1677 2285 Tuta-

217 2299 315 2331 chum
340 2297 430 2331 misit
450 2301 485 2330 et
507 2297 580 2342 ipse
604 2297 738 2342 legatos
764 2298 807 2332 ad
831 2299 973 2333 eundem
996 2311 1068 2333 cum
1093 2299 1188 2333 donis
1205 2298 1359 2344 pretiosis
1376 2304 1411 2332 et
1425 2308 1499 2331 eum
1513 2296 1679 2330 amicitiae

216 2343 409 2385 admonuit,
440 2353 529 2387 quae
549 2343 638 2376 inter
659 2344 832 2389 imperium
858 2345 1045 2378 Romanum
1059 2372 1069 2388 ,
1101 2349 1136 2378 et
1161 2345 1341 2390 principem
1357 2344 1532 2378 Persarum
1550 2342 1676 2376 consti-

216 2394 291 2423 tuta
307 2393 398 2422 eratx
427 2390 571 2432 rogabat
586 2394 765 2433 praeterea
779 2401 822 2423 ne
838 2396 1040 2434 gravaretur
1056 2390 1218 2434 quosdam
1228 2418 1237 2434 ‚
1265 2390 1384 2435 quibus
1401 2387 1537 2422 maxime
1552 2387 1677 2422 fideret

216 2434 263 2468 ad
286 2445 325 2468 se
348 2433 494 2469 mittere.
541 2434 667 2468 habere
691 2435 778 2469 enim
805 2446 843 2469 se
866 2435 912 2468 illi
940 2435 1212 2470 communicanda
1232 2446 1356 2470 arcana
1380 2433 1491 2478 magni
1506 2433 1677 2478 momenti,

217 2491 307 2524 quae
322 2490 423 2513 nosse
438 2479 543 2525 ipsius
557 2479 738 2515 interesset
752 2480 941 2525 plurimumx
972 2481 1127 2516 delinitus
1143 2481 1237 2518 donis
1252 2480 1424 2514 Tutachus
1434 2505 1444 2521 ‚
1477 2484 1511 2512 et
1531 2479 1605 2524 quis
1613 2489 1677 2513 ‘es-

214 2529 270 2559 set
291 2526 429 2559 Alexius
454 2525 563 2559 sciens
586 2526 686 2559 facile
700 2526 856 2560 inductus
873 2531 925 2559 est
940 2526 982 2560 ad
1001 2527 1161 2561 hominem
1178 2527 1240 2560 sibi
1256 2525 1446 2560 fidissimum
1462 2524 1675 2559 mittendum:

217 2570 277 2614 qui
293 2582 366 2604 cum
381 2573 557 2604 Amaseam
574 2571 723 2605 venisset
739 2571 970 2607 humanissime
985 2573 1146 2607 hominem
1163 2584 1204 2606 ac
1219 2570 1448 2605 liberalissime
1461 2571 1600 2605 Alexius
1617 2582 1676 2605 ac-

216 2615 310 2660 eepit
334 2616 447 2660 itaque
470 2617 560 2650 illum
585 2617 751 2651 demeruit
774 2618 964 2651 muneribus
987 2625 1022 2652 et
1045 2617 1269 2652 familiaritate
1283 2616 1485 2650 blandissimi
1499 2616 1675 2660 sermonis,

216 2665 292 2694 erat
309 2661 395 2693 enim
412 2662 440 2694 si
455 2662 528 2705 quis
543 2662 627 2696 alius
643 2663 746 2697 comis
760 2663 795 2697 in
810 2663 922 2697 verbis
939 2667 974 2696 et
987 2664 1181 2697 suavissime
1197 2662 1326 2708 pellax,
1351 2666 1389 2695 ut
1404 2662 1466 2695 sibi
1481 2662 1678 2696 mirabiliter

215 2705 408 2740 devinxerit
423 2707 612 2743 barbarum.
643 2713 714 2742 tum
730 2709 773 2742 ad
787 2709 853 2743 iam
868 2709 1049 2743 obnoxium
1065 2714 1100 2742 et
1115 2721 1158 2743 ex
1173 2719 1253 2742 vero
1270 2708 1467 2741 benevolum
1484 2707 1583 2742 talem
1598 2719 1676 2742 ora-

216 2752 343 2789 tionem
359 2763 498 2785 exorsus
515 2757 577 2785 est.
624 2754 750 2788 “amici
767 2755 912 2799 quidem,
939 2766 958 2787 o
977 2754 1054 2788 mihi
1072 2765 1150 2788 nare
1165 2753 1300 2794 sodalis,
1326 2758 1404 2786 sunt
1418 2754 1507 2787 inter
1522 2764 1597 2787 sese
1612 2753 1676 2787 im-

215 2802 356 2844 perator
385 2797 610 2831 Romanorum
641 2804 677 2832 et
706 2800 866 2835 Sultanus
893 2803 1008 2833 vester
1023 2825 1034 2841 ‚
1066 2799 1218 2833 Urselius
1239 2804 1348 2833 autem
1364 2799 1497 2844 utrique
1511 2799 1673 2834 infensus.

216 2846 333 2878 vastat
347 2842 433 2876 enim
449 2842 618 2877 Romanas
641 2848 768 2888 terras,
799 2845 954 2889 idemque
969 2845 1025 2878 ubi
1041 2845 1170 2879 oooasio
1187 2845 1303 2886 datur,
1334 2857 1355 2878 a
1370 2845 1494 2878 Tua-cis
1510 2844 1674 2878 violandis

215 2900 285 2924 non
301 2888 458 2924 abstinet.
505 2900 594 2925 nunc
610 2888 728 2928 videus
742 2895 835 2926 tuum
850 2891 1010 2936 Amyram
1026 2901 1100 2925 cum
1115 2891 1266 2925 exercitu
1282 2902 1471 2936 egressum,
1494 2890 1589 2925 velut
1602 2901 1674 2924 me-
