1878 3262
589 198 778 242 NOTAE
811 197 980 241 PETRI
1003 198 1236 243 POSSINI.
1551 199 1647 246 173

179 310 312 350 culum
331 322 428 350 vero
450 309 681 349 femininum
699 322 771 362 per
797 322 973 349 errorem
999 310 1202 362 irrepsisse
1229 308 1272 347 in
1292 307 1460 348 Cedreni
1479 315 1646 350 contex-

178 375 276 406 tum.
333 380 427 405 nam
455 367 575 419 paulo
604 368 783 419 superius
814 367 919 405 idem
948 367 1150 406 Cedrenus
1178 366 1388 418 imperium
1422 366 1646 407 describens

177 425 427 463 Constantini
448 423 700 463 Monomachi
729 437 815 476 pag.
843 423 938 466 765.
968 423 1064 462 edit.
1092 437 1170 475 reg.
1203 423 1258 461 sic
1286 423 1443 473 scribit,
1474 422 1496 465 o‘
1525 427 1646 466 Κων-

178 485 384 530 σταντῖνος
410 478 486 534 τὴν
518 481 751 533 ἐπωνυμίαν
771 476 1003 529 Λεικουδης
1030 496 1080 520 τα
1103 495 1245 534 πρωτα
1273 476 1362 520 τότε
1392 496 1502 534 παρα
1527 483 1644 534 βασι-

175 537 273 586 λέως
300 537 457 590 φέρων,
498 537 566 578 καὶ
592 537 690 591 μέγα
706 553 816 590 παρα
831 532 960 592 τούτῳ
979 532 1216 589 δυνάμενος.
1274 549 1326 575 ex
1349 537 1493 588 quibus
1513 539 1644 590 primo

175 601 340 647 apparet
358 595 662 634 Constantinum
677 595 796 632 istum
813 593 1029 650 gratiosum
1049 593 1157 645 apud
1177 594 1480 632 Constantinum
1501 595 1644 634 Mono-

175 651 361 690 maehum
391 658 488 690 tunc
515 653 791 703 imperantem,
839 650 889 689 ab
922 663 967 689 eo
997 657 1257 702 cognomento
1283 650 1502 698 Lichudae‚
1557 653 1643 692 sive

174 708 387 747 Lichudiae
417 709 533 747 fuisse
563 707 807 746 distinctum.
876 707 1071 757 secundo,
1110 707 1342 759 intelligitur
1369 708 1466 759 quid
1494 708 1563 747 hic
1590 710 1643 747 sit

174 762 544 820 παραδυναστευειν
570 768 627 820 τῷ
649 762 737 806 τότε
759 766 932 817 βασιλεῖ,
962 777 1102 816 nempe
1120 765 1162 802 in
1181 765 1304 815 gratia
1326 778 1428 815 esse,
1467 772 1508 804 et
1533 766 1642 805 mul-

174 829 262 862 tum
279 835 389 875 posse
410 822 518 873 apud
536 834 644 870 eum,
688 828 736 861 ut
753 821 899 860 miru'm
917 821 968 859 sit
987 821 1095 872 quod
1119 821 1326 872 Xylander
1346 828 1531 874 annotat,
1559 839 1643 864 πα-

175 875 484 934 ραδυναστεύων
509 878 710 931 dignitatis
727 891 798 918 seu
818 878 1066 930 magistratus
1083 891 1228 917 nomen
1247 879 1395 930 putari.

286 1007 327 1046 p.
358 996 411 1035 32
437 1007 477 1032 v.
502 997 542 1036 7.
599 1004 744 1031 nomen
776 991 888 1030 ducis
915 992 1139 1030 Turcorum
1170 990 1214 1028 in
1243 989 1326 1029 MS.
1356 987 1642 1044 Χρυσόκουλος

174 1056 278 1100 erat3
312 1050 382 1088 sed
400 1050 505 1089 idem
526 1050 688 1088 inferius
705 1049 854 1087 inserto
875 1059 898 1089 6
916 1045 1227 1103 Χρυσόσκουλος
1249 1047 1508 1086 scribebatur.
1565 1061 1640 1086 nos

172 1107 320 1158 ubique
342 1103 654 1163 Χρυσόσκουλον
676 1105 946 1158 rescripsimus
976 1105 1216 1144 desultoriae
1241 1104 1356 1143 istius
1372 1104 1543 1157 pertaesi
1563 1118 1640 1146 va-
1697 1116 1699 1118 ·

172 1164 330 1203 rietatis.

284 1292 328 1332 p.
347 1278 402 1322 49
434 1291 474 1318 v.
505 1279 572 1319 11.
629 1279 703 1330 τῆς
728 1277 871 1331 κυρίας
898 1273 1118 1331 παρούσης.
1178 1275 1298 1328 κυρία
1323 1275 1390 1314 hic
1413 1272 1514 1316 κατοὶ
1539 1273 1641 1330 πρό-

171 1338 310 1388 ληψιν.
366 1335 479 1373 Anna
499 1334 707 1373 Dalassena
725 1341 852 1373 mater
869 1333 998 1373 Alexii
1019 1340 1057 1372 et
1071 1334 1207 1372 Isaacii
1227 1334 1519 1372 Comnenorum
1538 1333 1641 1371 dici-

170 1398 253 1434 tur.
310 1406 391 1431 non
418 1393 522 1430 enim
549 1392 605 1430 sic
633 1392 820 1443 appellari
841 1405 891 1429 ex
912 1404 1023 1430 more
1043 1391 1183 1429 debuit
1199 1396 1410 1441 antequam
1430 1390 1536 1429 filius
1556 1391 1641 1428 eius

170 1449 343 1518 imperio
354 1451 564 1501 potiretur,
594 1449 703 1500 quod
722 1449 836 1499 longe
858 1454 948 1500 post
965 1448 1142 1500 contigit
1199 1447 1312 1486 Anna
1329 1448 1396 1486 lib.
1416 1447 1483 1487 111.
1504 1461 1543 1499 p.
1563 1447 1641 1490 75·

171 1506 215 1548 οἱ
240 1504 284 1547 δὲ
316 1502 643 1576 ὑποστρέψαντες
679 1502 966 1558 ἐπαγγέλλουσι
1002 1507 1053 1573 τῆ
1086 1505 1278 1561 δεσποίνῃ
1307 1520 1356 1544 τα
1383 1503 1641 1556 μηνυθέντα·

170 1562 359 1615 ἔφθασαν
378 1578 454 1616 γαρ
473 1561 552 1614 ἠδη
575 1560 681 1603 ου’τω
698 1559 848 1614 ταύτην
866 1565 1000 1603 καλεῖν
1020 1545 1204 1609 ἅπαντες.
1257 1545 1468 1599 redierant
1486 1560 1548 1598 ad
1562 1559 1638 1598 do·
1663 1559 1694 1594 P
1711 1558 1788 1596 114

170 1621 324 1658 minam
343 1618 456 1674 (sic
438 1634 525 1657 iam
541 1627 629 1657 tum
645 1634 779 1657 omnes·
796 1619 934 1657 Alexa·
951 1627 1119 1657 matrem
1140 1618 1405 1670 appellabant
1422 1623 1494 1655 etc.
1499 1619 1526 1668 ).
1556 1630 1598 1657 er
1601 1624 1645 1657 at

169 1683 303 1716 autem
329 1676 373 1714 id
390 1682 546 1729 tempus
563 1690 642 1728 quo
663 1677 830 1729 primam
847 1676 1002 1728 imperii
1017 1677 1304 1727 possessionem
1322 1675 1449 1713 inibat
1466 1674 1643 1714 Alexius.

169 1748 216 1772 ac
234 1733 343 1784 quod
359 1732 474 1771 Anna
496 1733 723 1783 δέσποιναν,
755 1734 979 1785 Bryennius
1000 1733 1145 1785 κυρίαν
1166 1732 1315 1781 scribit,
1345 1731 1509 1770 videtur
1525 1738 1643 1770 uter-

170 1804 246 1842 que
272 1802 411 1830 vocem
436 1789 552 1828 aliam
577 1791 696 1841 vulgo
723 1795 823 1829 tunc
850 1790 1039 1828 usitatam
1061 1789 1111 1827 ad
1133 1789 1262 1840 graeci
1281 1788 1433 1839 antiqui
1451 1789 1643 1827 sermonis

167 1861 285 1892 usum
317 1846 613 1898 interpretando
644 1847 872 1885 correxisse.
930 1846 1118 1883 credibile
1147 1846 1250 1883 enim
1282 1850 1341 1882 est
1375 1842 1527 1898 δόμνας
1558 1846 1641 1884 sive

170 1905 340 1957 δομίνας
367 1908 526 1942 vocatas
552 1903 840 1954 imperatorum
865 1908 1034 1952 matres3
1064 1901 1176 1940 cuius
1200 1902 1259 1940 rei
1283 1901 1412 1940 multo
1436 1902 1640 1954 antiquius

169 1960 392 2014 exemplum
414 1959 553 1998 afferre
575 1973 746 2012 possum.
804 1958 1007 2011 Oppianus
1029 1960 1312 2013 Κυνηγετικῶν
1332 1958 1363 1996 Ι.

386 2069 595 2115 Λυσονίου
616 2068 746 2124 Ζηνὸς
766 2070 960 2141 γλυκερόν
982 2068 1113 2121 eulog
1132 2067 1360 2122 Ἀντωνΐνε,

387 2146 459 2172 τον
483 2125 632 2199 μεγάλη
660 2126 816 2185 μεγαλῳ
844 2142 1039 2181 φιτυσατο
1064 2127 1193 2182 δόμνα
1211 2127 1384 2186 Σεβήρω

386 2183 512 2243 ὄλβίῳ
536 2183 756 2240 εὐνηθεῖσα
775 2185 843 2228 και
864 2184 1001 2241 ὄλβιον
1022 2183 1213 2228 ω’δίνασα.

168 2301 211 2340 in
229 2300 372 2352 quibus
390 2300 484 2339 satis
505 2299 698 2339 videtur
685 2311 851 2338 lnnuere
867 2303 986 2352 poeta
1007 2299 1190 2338 dominae
1207 2299 1291 2340 sive
1310 2299 1478 2338 domnae
1496 2302 1634 2353 appel-

167 2358 356 2397 lationem
378 2357 545 2396 Martiae
576 2357 711 2396 Severi
740 2357 894 2409 coniugi
921 2357 1011 2396 ideo
1040 2358 1239 2406 tribuere,
1268 2357 1378 2408 quod
1397 2370 1441 2395 ea
1459 2356 1635 2396 Antoni-

167 2428 266 2454 num
285 2422 384 2454 tunc
402 2415 670 2466 imperantem
684 2420 903 2466 pepererat.
960 2414 1124 2452 secundi
1144 2413 1471 2466 Paralipomenon
1490 2428 1522 2453 c.
1543 2415 1635 2456 XV.

168 2484 208 2511 v.
232 2475 282 2514 16
319 2473 375 2511 sic
396 2471 569 2510 habetur
598 2471 648 2510 de
672 2470 751 2509 Asa
778 2484 866 2523 rege
893 2471 1010 2510 Iuda:
1046 2469 1121 2509 sed
1145 2479 1182 2509 et
1209 2470 1433 2509 Maacham
1465 2479 1636 2510 matrem

169 2527 261 2566 Aea
279 2531 388 2582 regis·
405 2544 452 2568 ex
471 2536 650 2581 augusto
670 2527 857 2580 deposuit
876 2529 1044 2580 imperio
1056 2557 1069 2577 ,
1101 2542 1142 2565 eo
1163 2526 1277 2580 quod
1286 2529 1453 2578 fecisset
1475 2530 1520 2566 in
1543 2529 1634 2567 luco

169 2586 435 2626 simulacrum
461 2587 623 2638 Priapi.
680 2585 723 2623 in
739 2585 928 2624 Hebraeis
955 2584 1170 2635 originibus
1192 2597 1268 2635 pro
1297 2584 1373 2623 illis
1400 2585 1553 2634 verbis,
1593 2600 1639 2623 ex

171 2650 350 2694 augusto
379 2643 567 2696 deposuit
592 2644 781 2695 imperio,
822 2642 964 2694 legitur
987 2650 1155 2682 &5³:222
1178 2650 1319 2682 Πνῦη
1341 2642 1451 2692 quod
1471 2643 1523 2681 ad
1541 2655 1637 2681 ver-

170 2698 268 2736 bum
285 2700 400 2739 reddi
419 2706 570 2753 potest,
608 2701 761 2738 amovit
780 2713 868 2738 eam
890 2713 938 2737 ne
954 2706 1051 2737 esset
1068 2696 1246 2739 domina.
1304 2698 1490 2738 nimirum
1511 2699 1633 2738 reda-

170 2761 276 2795 ctam
315 2756 359 2795 in
392 2758 572 2798 ordinem
605 2757 787 2797 dominae
818 2756 1079 2810 appellatione
1107 2761 1148 2795 et
1177 2756 1414 2797 auctoritate
1439 2756 1631 2810 privavit,
