1878 3262
269 189 334 238 66
642 227 644 229 ,
708 185 1016 230 NICEPHORI
1044 184 1312 232 BRYENNII

270 303 420 357 αὐτοῦ)
454 296 705 355 κατεπήδησέ
737 316 778 342 τε
811 304 885 342 τοῦ
909 300 1036 341 *ἵππου
1070 300 1137 341 καὶ
1160 299 1414 356 περιπλακεὶς
1441 297 1730 356 κατησπάζετο.

269 372 476 425 θυμηδίας
507 364 577 411 οὖν
599 369 658 411 ὅτι
679 370 865 424 πλείστης
892 369 1137 424 πλησθέντες
1161 366 1333 424 ἀνῄεσαν
1355 366 1410 417 ὥς
1431 370 1561 426 ἐπὶ-τὸ
1587 368 1730 423 δωμά-

269 457 366 483 τιον.
436 440 502 480 καὶ
535 436 556 479 ὃ
589 439 662 492 μὲν
692 439 856 480 ἐδείπνει
881 436 1019 487 ἄσιτος
1044 436 1100 480 ὢν
1121 436 1166 478 τὸ
1188 434 1403 493 παράπαν,
1438 435 1460 480 ὃ
1480 439 1523 480 δὲ
1545 437 1572 480 ἃ
1597 437 1728 480 πάθοι

269 508 374 550 κατὰ
391 507 462 561 τὴν
484 508 763 560 αῗχμαλωσίαν
784 504 1007 562 ἀπήγγειλε.
1075 507 1143 547 καὶ
1162 500 1211 559 ἦν
1232 503 1252 547 ὃ
1273 507 1430 555 δεῖπνος
1449 505 1608 556 ἐκείνοις
1624 506 1729 561 μετὰ

267 575 417 631 ἡδονῆς
437 578 503 617 καὶ
524 573 723 632 δακρύων.
1739 584 1762 619 5

408 643 456 688 9.
527 646 670 700 Τρισὶν
703 638 774 686 οὖν
795 641 966 700 ἡμέραις
988 638 1292 692 ἀναπαύσαντες
1314 638 1482 691 ἑαυτούς
1510 659 1552 684 τε
1582 643 1650 683 καὶ
1678 642 1730 684 τὰ

267 711 486 768 ὑποζύγια,
522 713 604 755 ἐπεὶ
635 714 724 769 περὶ
752 716 831 754 τῶν
854 710 1049 768 Τούρκων
1081 708 1280 752 ἐπύθοντο
1316 708 1371 759 ὡς
1398 709 1537 766 πόρρω
1559 711 1731 765 γένοιντο

150 789 180 823 P
203 789 247 824 47
267 786 352 824 τῶν
378 780 611 835 Ῥωμαϊκῶν
645 780 787 838 ὁρίων,
832 779 1001 837 ἄραντες
1036 780 1188 822 ἐκεῖθεν
1218 780 1281 820 ἐπὶ
1314 778 1387 833 τὴν
1422 780 1618 832 βασιλίδα
1653 781 1733 823 τῶν

268 849 422 892 πόλεων
442 848 691 906 ἐπορεύοντο.
759 849 1052 906 περαιωθέντες
1083 849 1127 890 δὲ
1154 847 1225 890 τὸν
1247 846 1475 904 Σαγγάριον
1506 847 1579 902 τὴν
1603 850 1734 889 Νικο-

218 945 222 949 ·
268 917 424 973 μήδους
450 922 693 973 καταλαβεῖν
726 918 947 973 ἠπείγοντο.
1016 918 1161 958 διιοῦσι
1195 917 1238 957 δὲ
1268 914 1424 965 τούτοις
1455 915 1501 957 τὸ
1526 916 1677 972 χωρίον
1710 912 1735 956 ὃ
1745 929 1788 962 10

268 987 406 1042 Λέκτη
433 991 632 1038 καλεῖται,
667 990 748 1028 τῶν
772 984 962 1040 συνήθων
981 1002 1042 1035 τις
1061 983 1272 1039 ὑπηντίαζε
1299 986 1366 1026 καὶ
1388 983 1602 1040 παρεκάλει
1622 982 1735 1040 παρὰ

268 1060 321 1112 ,τῇ
346 1057 451 1114 οἰκίᾳ
468 1054 611 1097 τούτου
634 1056 821 1110 γενέσθαι
843 1056 909 1095 καὶ
928 1053 1096 1103 ἑαυτοὺς
1114 1052 1249 1110 βραχύ
1271 1070 1308 1094 τι
1331 1055 1618 1094 διαναπαῦσαι.
1677 1051 1736 1093 εἷ’-

150 1130 184 1166 V
206 1131 252 1166 32
276 1127 414 1174 ξαντες
439 1117 510 1164 οὖν
534 1129 623 1172 ταῖς
651 1127 724 1177 τοῦ
747 1122 893 1178 ἀνδρὸς
917 1120 1215 1178 παρακλήσεσιν
1237 1119 1437 1177 ἀπῄεσαν,
1476 1122 1543 1162 καὶ
1564 1124 1644 1163 τῶν
1662 1121 1735 1161 ‘ln-

269 1209 357 1234 πων
375 1189 599 1245 ἀποβάντες
614 1189 787 1246 ἀνῄεσαν
806 1191 868 1231 ἐπὶ
887 1189 932 1231 τὸ
953 1189 1170 1243 δωμάτιον.
1238 1191 1306 1231 καὶ
1326 1190 1364 1231 οἱ
1383 1191 1456 1242 μὲν
1475 1187 1734 1239 ἀνεπαύοντο,

271 1259 292 1301 ὃ
314 1260 355 1302 δ’
381 1258 577 1316 ἑστιάτωρ
599 1259 645 1301 τὸ
668 1261 824 1300 δεῖπνον
847 1258 1051 1315 ηὖτρέπιζε
1072 1257 1186 1311 μάλα
1211 1258 1391 1311 ἀσμένως
1399 1267 1412 1309 ,
1447 1255 1507 1299 ὅτι
1530 1255 1736 1306 τοιούτους
1749 1269 1791 1304 15

219 1334 250 1370 B
269 1327 487 1378 ὑπεδέξατο
508 1326 765 1381 δαιτυμόνας.
801 1328 841 1369 ἓν
861 1326 944 1384 ὅσῳ
968 1327 1011 1368 δὲ
1027 1331 1155 1368 ταῦτα
1175 1324 1404 1383 ἐπράττετο,
1432 1326 1574 1380 ξυνέβη
1597 1323 1737 1382 Τούρὰ

272 1414 369 1447 κους
397 1398 491 1453 περί
516 1413 593 1438 που
626 1397 856 1445 διακοσίους
878 1396 1052 1437 κατιέναι
1073 1396 1135 1437 ἐπὶ
1158 1398 1364 1452 προνομῇ,
1402 1394 1446 1435 οἳ
1460 1396 1527 1435 καὶ
1547 1392 1738 1436 διώδευον

270 1466 344 1520 τὴν
376 1464 470 1507 ὁδὸν
498 1466 561 1506 ἐπὶ
590 1465 641 1506 τὰ
663 1463 802 1520 πρόσω
832 1462 1069 1513 σπεύδοντες
1092 1466 1159 1505 καὶ
1190 1464 1342 1517 μηδένα
1377 1461 1494 1518 λόγον
1523 1467 1603 1504 τῶν
1634 1461 1739 1504 κατὰ

271 1532 452 1590 πάροδον
463 1532 672 1586 Ῥωμαίων
689 1530 931 1585 ποιούμενοι.
1001 1530 1184 1589 ἀγριότης
1213 1533 1260 1573 δέ
1282 1549 1343 1580 τις
1364 1531 1562 1587 ἀροτριῶν
1591 1530 1739 1579 αὐτοὺς

271 1600 527 1656 θεασάμενος
548 1603 616 1642 καὶ
633 1602 787 1654 οἰηθεὶς
805 1605 878 1642 τοῦ
896 1602 1046 1656 με’ρους
1063 1598 1159 1642 εἶναι
1181 1604 1260 1641 τῶν
1281 1600 1602 1656 προκληθέντων,
1626 1597 1794 1655 {qam—20

271 1689 328 1713 νει
350 1672 417 1712 καὶ
441 1669 589 1718 αὐτοὺς
614 1667 743 1711 ἐκάλει
768 1671 835 1710 καὶ
853 1668 922 1710 τὸν
943 1669 1069 1724 με’γαν
1091 1669 1325 1722 δομέστικον
1344 1666 1599 1709 ἐπιδεικνύειν
1617 1668 1738 1722 ἔπηγή-

271 1740 446 1794 γέλλετο.
514 1738 551 1779 οἱ
581 1738 625 1779 δὲ
651 1737 754 1794 πρὸς
782 1737 905 1779 αὐτὸν
924 1735 1158 1794 ἀφικόμενοι
1182 1735 1391 1793 ἐπειδήπερ
1416 1734 1647 1789 ἐμάνθανον
1668 1736 1739 1785 ξὺν

221 1807 252 1843 C
275 1808 423 1863 ὀλίγοις
443 1809 586 1848 τοῦτον
603 1806 911 1858 ἕπιξενίζεσθαι,
946 1804 1202 1856 ἐξελάσαντες
1230 1804 1303 1860 τὴν
1333 1805 1461 1846 οἷκίαν
1486 1821 1527 1846 τε
1548 1803 1739 1846 ἔκύκλουν

273 1957 339 1996 luit
355 1973 397 1996 ex
412 1972 500 2007 equo
516 1955 760 2006 complexuque
775 1963 880 2006 atque
896 1955 1011 1994 osculo
1025 1954 1187 1994 salutavit
1202 1956 1361 2002 fratrem,
1393 1955 1528 2005 quando
1552 1954 1739 1994 incredibili

275 2013 419 2052 uterque
433 2007 564 2052 perfusi
577 2007 725 2051 gaudio
716 2019 750 2041 ιιι
764 2007 822 2050 ἰὰ,
852 2006 941 2051 quod
964 2006 1031 2040 dixi
1056 2007 1274 2041 coenaculum
1300 2006 1549 2048 ascenderunt,
1580 2006 1638 2040 ubi
1654 2017 1739 2039 coe-

274 2058 379 2087 nante
394 2053 530 2096 Alexio,
563 2053 620 2098 qui
644 2053 726 2087 nihil
741 2053 851 2087 adhuc
868 2064 908 2086 eo
928 2052 982 2086 die
998 2058 1216 2096 gustaverat,
1245 2052 1392 2085 Isaacius
1409 2063 1497 2096 quae
1512 2062 1632 2097 passus
1648 2054 1739 2084 esset
1778 2091 1779 2094 Ἴ

273 2100 309 2133 ἰιι
325 2099 525 2144 captivitate
539 2099 713 2134 narrabat.
760 2099 879 2144 itaque
900 2110 968 2132 non
991 2099 1064 2133 sine
1091 2098 1244 2132 dulcibus
1262 2098 1430 2143 utrimque
1443 2098 1588 2131 lacrimis
1605 2102 1738 2131 transa-

277 2150 333 2181 cta
349 2156 456 2178 coena
472 2149 536 2178 est.

374 2191 406 2224 9.
454 2190 546 2223 Hinc
560 2189 673 2223 triduo
689 2189 847 2224 curandis
862 2189 1026 2223 hominum
1041 2189 1329 2235 iumentorumque
1345 2190 1544 2243 corpoiibus
1556 2188 1649 2230 dato,
1681 2187 1739 2222 ubl

278 2236 416 2272 audiere
440 2235 623 2269 recessisse
638 2236 772 2269 Turcos
795 2234 917 2280 procul
938 2247 958 2269 a
978 2236 1134 2269 Romanis
1155 2237 1300 2278 finibus,
1334 2241 1456 2280 coepto
1480 2235 1546 2280 ipsi
1567 2234 1740 2268 constan-

274 2281 448 2327 tinopolim
473 2292 592 2314 versus
615 2281 737 2314 itinere
759 2293 833 2314 cum
856 2286 936 2326 post
959 2281 1137 2315 traiectum
1163 2282 1362 2326 Sangarium
1386 2280 1611 2315 Nicomediam
1640 2285 1739 2325 pete-

279 2333 378 2369 rent,
394 2339 474 2361 ecce
489 2327 781 2372 praetereuntibus
797 2327 862 2360 illis
879 2327 1037 2371 oppidum
1052 2339 1118 2360 non
1133 2339 1287 2371 magnum
1305 2328 1435 2361 Decten
1446 2331 1603 2360 vocatum
1619 2336 1740 2359 occur*

277 2375 323 2409 rit
345 2374 400 2407 vir
429 2373 508 2406 olim
532 2376 632 2406 notus
655 2383 716 2417 pro
742 2372 968 2406 famiiiaritate
989 2383 1134 2426 roganS,
1165 2374 1298 2406 domum
1321 2379 1359 2407 ut
1373 2373 1414 2406 ad
1431 2383 1522 2406 suam
1536 2371 1570 2404 in
1587 2372 1738 2416 proximo

278 2421 376 2455 sitam
393 2419 601 2452 diverterent
618 2417 780 2452 modicum
795 2418 865 2451 illic
880 2418 1038 2462 quieturi.
1085 2412 1166 2452 victi
1190 2419 1344 2464 precibus
1367 2417 1562 2461 omissisque
1586 2417 1680 2461 equis
1704 2417 1740 2451 in

278 2465 433 2499 cubiculo
450 2464 614 2508 superiori
629 2463 863 2508 quiescebant,
895 2463 1028 2508 hospite
1052 2464 1184 2498 interim
1202 2470 1367 2509 occupato
1382 2464 1415 2496 in
1432 2462 1580 2508 parando
1597 2458 1740 2508 prandio

277 2511 520 2556 plurimumque
535 2509 599 2543 sibi
613 2509 826 2552 gratulante,
859 2509 949 2553 quod
967 2510 1049 2544 tales
1065 2510 1155 2554 apud
1172 2521 1208 2544 se
1225 2510 1386 2543 convivas
1405 2512 1571 2542 cerneret.
1621 2519 1740 2543 verum

279 2557 409 2590 interea
424 2556 514 2589 forte
530 2555 673 2599 contigit
689 2554 852 2589 ducentos
859 2554 992 2588 Turcos
1008 2556 1192 2600 praedandi
1208 2567 1309 2589 causa
1325 2560 1486 2598 vagantes
1501 2554 1580 2588 illac
1595 2554 1742 2588 descen-

281 2602 382 2643 der,e
416 2600 471 2645 qui
494 2612 567 2634 cum
588 2599 724 2634 innoxie
746 2601 931 2634 transirent
956 2601 1163 2645 ulteriusque
1186 2601 1315 2635 omnino
1335 2600 1459 2633 animos
1475 2611 1516 2633 ac
1531 2611 1610 2645 spes
1626 2601 1740 2634 inten-

282 2627 421 2687 derent,
455 2646 600 2679 rusticus
627 2658 685 2679 eos
701 2651 817 2680 arator
834 2646 1045 2690 conspicatus
1063 2658 1103 2680 ac
1117 2646 1177 2680 sibi
1192 2645 1399 2692 persuadens
1415 2657 1491 2679 esse
1505 2645 1582 2679 illos
1598 2658 1617 2680 e
1633 2646 1740 2680 comi-

281 2697 357 2726 tatu
373 2692 637 2733 Cwmenorum,
669 2703 752 2735 quos
768 2693 867 2725 modo
886 2697 1098 2725 transeuntes
1114 2692 1265 2734 viderat,
1293 2702 1412 2734 magna
1430 2691 1638 2736 compellatis
1652 2703 1739 2726 voce

281 2738 367 2772 dixit
397 2747 472 2771 sese
493 2735 533 2770 iis
556 2741 767 2771 ostensurum
792 2738 849 2771 ubi
872 2743 963 2771 esset
988 2748 1127 2781 magnus
1152 2736 1383 2771 domesticus..
1414 2737 1461 2770 illi
1496 2738 1539 2771 ad
1572 2737 1738 2772 hominem

281 2787 442 2818 coeuntes
467 2781 524 2816 ubi
545 2794 587 2816 ex
609 2782 683 2826 ipso
699 2791 930 2826 cognoverunt
945 2790 1120 2826 exceptum
1137 2782 1354 2816 domesticum
1370 2783 1516 2828 hospitio
1532 2794 1606 2818 cum
1619 2783 1738 2837 paucis

280 2830 315 2864 in
330 2827 487 2867 domum
477 2827 560 2874 ipsis
575 2832 766 2874 ostensam,
795 2840 870 2865 eam
891 2828 1005 2863 statim
1029 2829 1233 2864 obsederunt
1255 2828 1400 2875 undique
1424 2839 1605 2876 omnesque
1625 2829 1738 2864 exitus
