1878 3262
259 206 365 253 '230
706 203 912 249 GAROLI
942 205 1025 250 DU
1055 205 1271 251 FRESNE

265 317 382 358 moda
411 319 450 354 et
474 315 594 367 septis
623 314 884 354 circumclusa
896 346 909 367 ‚
957 315 1178 368 quibusque
1208 316 1396 355 adiuncta
1425 324 1539 358 erant
1566 318 1729 372 palatia,
1781 310 1783 312 ’

265 373 530 425 παραδείσους
547 372 797 424 appellabant
815 373 953 410 Persae
965 402 978 422 ‚
1010 373 1072 411 uti
1095 373 1276 412 scribunt
1298 374 1525 426 Xenophon
1543 376 1570 417 l.
1593 379 1613 418 1
1637 383 1678 416 et
1695 380 1724 420 9

268 431 317 469 de
344 429 470 468 Instit.
488 429 599 481 Cyri,
629 429 701 467 Dio
719 429 923 480 Chrysost.
943 430 1057 471 Orat.
1076 433 1102 472 3
1123 430 1172 469 de
1189 430 1323 482 Regno
1347 436 1386 469 et
1413 431 1609 482 Zosimus;
1650 439 1727 478 dea.

265 486 496 525 scribuntur
514 499 610 525 vero
633 486 681 524 ab
701 485 905 524 Ammiano
925 486 951 524 1.
968 486 1039 530 24,

379 557 421 596 p.
436 542 514 586 148
524 557 563 582 v.
574 546 640 586 12.
700 539 884 595 Μαύρου
905 539 1048 594 ὅρους]
1079 542 1144 581 Sic
1161 543 1410 595 appellabant
1429 544 1620 588 citerioris
1637 553 1726 592 aevi

268 601 408 640 Graeci
424 601 598 638 Taurum
616 605 792 637 montem
814 600 858 638 in
877 599 1009 637 Cilicia
1027 605 1067 637 et
1084 599 1268 638 Armenia
1279 629 1289 649 ‚
1318 606 1365 639 ut
1383 607 1524 640 auctor
1542 611 1601 643 est
1617 608 1727 649 Pho...

268 672 332 696 cas
348 658 387 696 in
401 657 589 708 Descript.
600 657 744 695 Terrae
754 658 919 694 Sanctae
935 669 966 696 c.
981 659 1000 697 1
1010 659 1029 697 1
1052 662 1091 694 et
1101 656 1287 708 Scylitzes
1303 657 1346 695 in
1355 657 1575 710 Nicephoro
1584 663 1726 708 Phoca.

267 714 397 754 Mauri
419 714 564 752 montis
584 713 764 751 meminit
782 713 898 751 etiam
918 712 1031 751 Anna
1049 713 1076 754 l.
1103 716 1154 755 13
1178 727 1218 765 Ρ.
1239 713 1344 764 412,
1373 714 1631 767 Pachymeres
1651 723 1678 761 l.
1698 724 1727 768 4

266 786 301 811 c.
328 775 380 814 12
398 771 424 810 1.
438 772 464 815 5
484 784 517 811 c.
535 771 590 813 24
607 776 647 809 et
665 769 882 809 Phrantzes
902 769 928 808 1.
946 773 973 812 3
995 782 1028 810 c.
1049 772 1116 813 27.
1172 770 1430 824 Montenegro
1452 776 1588 816 vocari
1606 778 1728 820 hodie

267 828 396 867 aiunt.

125 899 155 933 p
177 898 246 935 213
382 898 422 937 p.
444 883 521 926 151
550 896 589 922 v.
613 885 654 926 8.
710 885 794 923 ποῦ
811 880 835 924 ὅ
852 879 1041 936 τραυλός]
1073 882 1118 922 V.
1142 888 1259 922 notas
1288 883 1340 922 ad
1363 883 1562 928 Alexiadis
1593 905 1632 944 p,
1661 897 1727 941 19,

268 948 445 981 ceterum
462 939 588 978 Alexii
610 939 799 978 Comneni
814 940 945 991 magni
975 939 1178 978 domestici
1206 946 1298 979 ante
1328 941 1535 994 imperium
1558 951 1728 1000 capessi-

268 1007 357 1038 tum
392 998 427 1036 N
430 995 605 1048 icephori
642 996 865 1034 Botaniatae
909 996 1089 1048 auspiciis
1127 1009 1190 1035 res
1229 998 1429 1049 praeclare
1471 1000 1570 1042 bello
1602 1013 1728 1056 gestas

268 1056 406 1095 multis
422 1053 674 1105 prosequitur
685 1053 915 1091 Guillelmus
928 1053 1144 1104 Apuliensis
1160 1054 1187 1093 l.
1205 1053 1231 1095 4
1249 1060 1368 1105 atque
1385 1055 1563 1108 inprimis
1572 1062 1729 1114 Bryen-

269 1114 326 1152 nii
345 1118 384 1150 ct
400 1109 578 1149 Basilacii
596 1108 724 1146 clades
743 1114 780 1146 et
801 1115 1048 1159 strategema,
1076 1122 1154 1159 quo
1172 1110 1334 1148 Alexius
1349 1112 1556 1165 deceptum
1577 1119 1729 1159 Basila..

270 1171 374 1209 cium
389 1169 430 1207 in
448 1179 540 1205 suos
562 1165 730 1203 coniecit
745 1178 868 1203 casses
880 1195 891 1215 ‚
920 1164 1028 1203 hisce
1042 1165 1219 1205 versibus
1238 1179 1542 1216 commemorat:

434 1244 493 1255 --
521 1236 637 1260 senex
655 1221 827 1275 quidam
846 1224 962 1274 regni-
986 1222 1240 1274 Niceplzorus
1258 1223 1439 1263 habenas

435 1287 682 1331 sumpserat,
710 1281 886 1332 ignavus
903 1279 1024 1328 bello,
1054 1286 1187 1317 tamen
1201 1281 1411 1332 ingeniosa

437 1344 563 1375 mente
580 1350 734 1388 sagax,
769 1343 910 1374 contra
918 1337 1089 1387 furtiva
1102 1337 1292 1386 pericula
1313 1345 1482 1387 cautus,

435 1393 610 1431 imbellis
630 1401 807 1431 metuens
815 1393 1043 1445 plusquam
1061 1392 1300 1431 metuendus
1318 1394 1502 1437 habetur„

436 1451 611 1488 militiae
626 1452 814 1502 princeps
829 1456 1034 1487 sustentat
1049 1449 1222 1488 Alexius
1244 1451 1384 1503 illum,

437 1514 579 1546 astuta
595 1508 753 1545 ratione
771 1507 912 1558 vigens
929 1514 967 1544 et
985 1514 1176 1544 strenuus
1196 1508 1342 1558 armis,

428 1571 590 1616 pectore
609 1564 749 1601 clarus
765 1570 854 1601 erat
879 1563 1083 1615 clarisque
1095 1564 1339 1614 parentibus
1355 1571 1482 1607 ortus.

435 1634 567 1658 annos
588 1621 663 1658 iste
682 1634 780 1658 suae
798 1620 938 1670 plures
956 1622 1106 1658 aetatis
1125 1620 1177 1658 ab
1193 1623 1285 1672 'ipso

423 1678 535 1730 flore
555 1678 778 1715 iuventutis
796 1678 1001 1727 primaevo
1025 1675 1142 1714 duxit
1161 1678 1205 1713 in
1229 1678 1372 1718 armis.

437 1735 477 1771 si
500 1731 604 1785 quid
620 1733 824 1785 oportebat
835 1733 935 1783 fieri
949 1746 1095 1783 grave,
1124 1747 1205 1770 non
1220 1731 1439 1772 dubitabat

437 1791 605 1842 imperio
625 1797 765 1828 sancto
785 1789 865 1826 sibi
879 1791 1150 1841 praecipiente
1166 1789 1314 1829 subire.

437 1847 572 1886 hostes
590 1848 750 1898 imperii
766 1845 1038 1883 Basilacliius
1057 1853 1180 1897 atque
1199 1847 1432 1896 BriennuS,

441 1906 622 1956 insignes
642 1904 810 1952 Graeci,
840 1902 955 1940 bellis
975 1902 1199 1954 opibusque
1208 1910 1401 1954 potentes,

440 1961 517 1999 hoc
535 1959 636 1998 duce
653 1967 749 1998 sunt
767 1960 888 2009 victi,
916 1960 1063 1997 victori
1078 1961 1193 1997 cessit
1214 1966 1390 2011 uterque.

443 2031 540 2056 nam
562 2017 643 2054 sibi
660 2015 760 2054 dum
778 2017 894 2068 longe
912 2030 993 2054 non
1011 2015 1313 2068 congrederetur
1329 2016 1381 2054 ab
1398 2015 1514 2070 urbe,

442 2072 627 2112 bellando
647 2075 782 2111 victus
801 2071 926 2123 cedit,
956 2075 1195 2124 capiturque
1210 2074 1440 2111 Briennus:

444 2132 580 2170 victus
597 2130 775 2169 Alexina
791 2131 908 2167 cessit
930 2129 1202 2168 Basilaclzius
1221 2136 1328 2179 arte,

442 2187 545 2224 alter
569 2188 614 2224 in
632 2187 806 2224 alterius
826 2200 1082 2238 congressum
1103 2185 1201 2225 dum
1210 2193 1458 2238 properaret.

435 2244 628 2295 proxima
643 2250 779 2280 castra
794 2242 860 2280 die
878 2241 1032 2281 cedente
1050 2243 1238 2281 locantur
1257 2244 1482 2295 utrimque,

442 2301 721 2350 noctefugam
735 2298 914 2350 prudens·
933 2300 1148 2339 simulavit
1165 2300 1336 2338 Alexius
1356 2300 1448 2338 illa.

441 2358 590 2395 castris
607 2355 810 2405 dimissis,
840 2369 965 2407 neque
985 2363 1072 2394 tota
1091 2363 1244 2394 remota
1263 2356 1441 2408 supellex

442 2415 532 2452 eius
550 2420 657 2462 erat,
687 2411 890 2465 quaedam
910 2414 1083 2450 tentoria
1095 2413 1190 2464 fixa
1205 2412 1430 2451 manebant.

440 2470 542 2509 haec
559 2468 732 2507 dimissa
744 2470 902 2521 fugae,
931 2470 1190 2520 iumentaque
1205 2469 1291 2507 luce
1310 2470 1488 2521 sequenti

442 2527 598 2580 effecere
607 2525 759 2578 fidem,
789 2527 1015 2577 castrisque
1033 2526 1175 2564 relicta
1194 2525 1383 2576 supellex.

443 2591 583 2621 contra
599 2597 639 2621 se
656 2583 793 2621 nullos
813 2582 886 2620 ubi
901 2581 1007 2621 vidit
1024 2581 1164 2620 adesse
1171 2589 1351 2634 paratus

444 2640 604 2677 hostilis
624 2639 741 2689 belli,
771 2640 919 2677 castris
936 2640 1022 2677 sine
1035 2646 1152 2691 gente
1167 2639 1321 2676 relictis

446 2698 762 2747 circumquaque
785 2698 875 2733 suis
889 2695 1157 2734 Basilacliius
1176 2697 1346 2746 imperat
1365 2694 1423 2730 ire
1434 2721 1447 2742 ,

448 2754 487 2790 si
501 2766 602 2804 quos
618 2754 818 2803 excipiunt
836 2752 887 2790 ab
903 2754 1015 2804 equis
1031 2752 1096 2791 vel
1109 2758 1226 2804 gente
1244 2749 1458 2800 tumultus,

451 2816 498 2848 ut
515 2808 596 2847 sibi
610 2809 825 2859 notificent.
881 2810 1107 2847 mussantis
1122 2807 1241 2846 nulla
1259 2806 1433 2844 cohortis

451 2880 550 2917 vox,
578 2865 719 2905 nullus
730 2865 868 2917 potuit
890 2878 1036 2917 sonuS,
1066 2871 1139 2903 aut
1156 2864 1339 2903 hinnitus
1357 2875 1551 2915 equorum
