1878 3262
397 308 528 365 AD
609 308 963 367 URBEM
1039 309 1442 384 ROMAM,

256 436 421 493 quando
451 438 496 479 in
520 453 615 480 eam
644 439 870 482 adveniens
901 440 1139 497 triumphali
1160 456 1314 500 pompa
1337 443 1500 484 invecta
1523 452 1587 486 est

322 529 597 572 illustrissima
617 539 658 572 et
676 530 938 572 serenissima
955 529 1192 583 Succorum,
1214 532 1463 575 Gotthorum
1478 542 1519 575 et.

557 620 876 666 *Wandalorum
896 620 1037 673 regina
1061 619 1280 664 christina.

325 820 483 888 Roma
504 849 719 889 beatorum
739 847 887 891 domus
905 849 1042 890 inclita
1055 880 1066 900 ‚
1102 863 1227 905 quam
1248 848 1363 892 dedit
1382 866 1507 894 unam

394 918 585 958 omnibus
603 918 854 974 armipotens
872 919 1039 959 urbibus
1059 933 1151 959 esse
1171 927 1304 975 caput.

325 985 418 1040 quis
438 993 507 1025 tua
529 987 674 1027 stravit
691 987 819 1028 humo
841 988 1005 1039 fastigia
1016 987 1036 1027 ’ἔ
1072 986 1252 1029 Gallicus
1271 1002 1326 1028 an
1346 995 1389 1029 te

390 1054 534 1094 hostili
554 1055 707 1102 victam
726 1056 870 1097 torruit
888 1056 984 1108 igne
1005 1056 1146 1096 furor?

325 1134 380 1160 an
401 1124 512 1163 serus
531 1137 558 1178 a
577 1122 729 1179 Cannis
751 1123 909 1164 tumida
927 1125 1008 1164 ruit
1023 1124 1199 1164 Annibal
1220 1123 1282 1164 ira

392 1190 588 1232 Dardana
609 1191 838 1233 Phoenissa
857 1201 962 1233 tecta
982 1206 1161 1232 cremare
1182 1192 1302 1232 face‘t

325 1272 378 1299 an
400 1259 510 1300 Nero
531 1268 754 1301 nocturnos
771 1262 848 1301 tibi
870 1260 1052 1302 subdidit
1073 1261 1209 1301 ebrius
1228 1261 1347 1313 ignes

395 1327 602 1369 Troianos
619 1327 764 1369 ludens
788 1330 833 1369 in
851 1337 920 1369 tua
938 1331 1057 1370 busta
1078 1330 1232 1382 rogos?

324 1410 411 1435 non
431 1410 554 1437 sane:
590 1405 632 1437 at
651 1396 785 1449 gelida
803 1398 996 1438 flammas
1013 1399 1089 1438 tibi
1110 1397 1289 1440 Gotthus
1312 1397 1364 1437 ab
1387 1405 1509 1454 arcto,

396 1465 590 1516 immisit,
624 1467 800 1521 populus
820 1466 953 1507 Marte
971 1468 1137 1508 favente
1156 1469 1290 1508 ferox.

329 1531 521 1573 Gotthica
543 1533 757 1574 Romanas
776 1537 982 1587 fregerunt
1000 1536 1155 1591 spicula
1177 1543 1321 1587 turres,

391 1600 639 1643 Gotthorum
660 1602 863 1644 Ausonias
886 1603 1067 1660 pertudit
1087 1604 1208 1644 hasta
1228 1605 1356 1644 fores.

326 1682 477 1712 saevus
499 1670 699 1722 Alaricus,
735 1670 978 1727 Totilaeque
1000 1673 1155 1713 ferocia
1178 1671 1270 1722 diri,

397 1752 510 1779 arces
529 1739 573 1779 in
594 1740 795 1791 cinerem,
830 1740 968 1782 Roma
983 1772 994 1792 ,
1030 1740 1182 1782 dedere
1202 1748 1309 1781 tuas.

302 1843 305 1849 λ
330 1805 448 1847 flevit
470 1805 524 1846 ad
544 1808 651 1847 hunc
672 1810 833 1849 sumum
854 1823 1015 1850 summa
1036 1809 1273 1850 Praenestis
1295 1810 1348 1848 ab
1374 1822 1466 1848 arce

397 1874 602 1926 Fortuna,
638 1883 679 1915 et
699 1884 858 1917 tantum
880 1891 926 1917 se
945 1878 1137 1918 nocuisse
1162 1876 1289 1919 dolet.

330 1941 422 1998 ipsa
442 1943 569 1983 etiam
587 1945 778 1999 quamvis
798 1945 958 1997 glaciali
986 1944 1086 1986 dura
1107 1947 1242 1997 rigore

397 2011 628 2052 Romuleae
650 2011 813 2054 damnis
832 2014 1006 2065 ingemit
1027 2028 1119 2054 ursa
1139 2015 1274 2069 lupae.

333 2093 425 2120 ecce
446 2080 553 2132 iugis
573 2089 733 2137 septem
753 2082 914 2137 septeni
934 2080 1042 2122 dona
1064 2083 1220 2122 triones

402 2162 514 2199 sera,
546 2148 620 2189 sed
638 2150 762 2190 illatis
783 2164 914 2205 aequa
935 2151 1057 2191 malis
1078 2153 1272 2191 referunt.

334 2225 650 2273 compensantur
667 2218 817 2259 Alarici
837 2218 1081 2274 Totilaeque
1098 2220 1240 2260 ruinae

405 2286 641 2328 christinae
660 2285 863 2338 adventu3
898 2285 1062 2339 desine,
1095 2288 1255 2337 Roma,
1288 2285 1416 2341 queri.

337 2355 452 2396 salve
474 2356 591 2408 virgo
611 2356 735 2396 trium
757 2355 948 2407 domina,
984 2364 1125 2413 stupor
1145 2355 1332 2397 omnium
1350 2367 1549 2409 amorque

402 2437 621 2475 regnorum
633 2455 643 2475 ,
678 2424 809 2465 virtus
834 2425 898 2465 cui
918 2439 1058 2466 comes
1078 2433 1140 2466 est
1159 2433 1200 2465 et
1218 2425 1364 2463 honor.

338 2506 439 2544 euge
467 2491 589 2544 ades,
619 2500 661 2533 et
678 2494 801 2534 sessis
821 2494 1006 2549 requiem
1026 2494 1307 2546 auxiliumque
1326 2497 1496 2546 parante

403 2561 526 2603 rebus
546 2560 778 2604 Alexandro
791 2593 803 2614 ‚
837 2570 883 2603 tu
904 2576 1067 2618 quoque
1087 2563 1227 2602 conset
1249 2573 1386 2616 opem.

899 2687 904 2691 ⁴
929 2675 1147 2718 PETRUS
1176 2672 1457 2724 POSSINUS,

1046 2782 1070 2808 e
1105 2766 1198 2808 Soc.
1230 2765 1338 2807 Iesu.
