1878 3262
250 186 315 232 40
730 179 953 224 IOANNIS
986 178 1215 222 CINNAMI

251 299 371 349 ἀνίεις
407 293 541 354 τρόπῳ
573 295 648 338 τινὶ
674 295 870 346 πολεμῶν.
937 290 1065 334 καίτοι
1091 289 1168 332 ἴδει
1193 305 1236 332 σε
1263 289 1391 348 ἄνδρα
1415 289 1572 340 ξυνετὸν
1597 287 1694 331 ὄντα

203 370 232 405 C
255 370 374 409 ἓκεῖνο
401 371 605 407 κατανοεῖν
630 361 685 412 (ὃς
710 361 782 402 οὐκ
808 359 857 402 ἄν
880 376 975 402 ποτε
994 357 1331 412 Ῥωμαῖοιτοιάὸε
1344 356 1695 415 περιφρονούμενοι

252 434 531 482 καταδέξαιντο
571 430 620 473 ἄν
632 462 646 482 ,
685 431 752 472 καὶ
789 428 1015 482 λελείψεταί
1036 443 1080 469 σε
1105 427 1378 474 πολυπλασίαν
1403 425 1488 479 ἅμα
1511 430 1598 482 θεῷ
1621 425 1693 479 τὴν

250 502 388 556 ποινὴ-ν
414 501 646 541 ἀποδοῦναι.
711 496 738 552 ’ἢ
763 498 894 539 τοίνυν
919 494 1096 548 ἀπόσχου
1122 498 1201 536 τῶν
1223 492 1480 549 παραλόγων,
1505 493 1531 547 ἢ
1553 493 1633 547 μὴν
1653 493 1694 534 ἓν

250 572 482 626 παρασκευῇ
516 567 582 608 ἴσο
609 564 677 616 ’ὥς
713 565 854 607 αὐτίκα
872 563 1094 618 Ῥωμαίους
1116 561 1478 616 ὗποστησόμενος.”
1547 561 1599 602 τὰ
1623 561 1727 614 μὲν5

251 638 300 692 δὴ
326 635 544 692 γράμματα
570 636 611 676 ἓν
635 632 790 683 τούτοις
826 628 941 687 ἦσαν.
1012 629 1032 672 ὃ
1061 631 1103 672 δὲ
1127 629 1276 685 ταύτην
1303 630 1411 685 αὐτῷ
1435 632 1696 681 κομισθεῖσαν

251 702 541 757 ἀναλεξάμενος
565 702 638 756 τὴν
663 701 872 755 ἐπιστολὴν
898 700 1102 754 ἀμείβεται
1129 693 1217 740 ὦδε.
1258 696 1284 711 “
1297 695 1522 750 ἐδεξάμεθά
1547 711 1620 738 σου
1646 696 1697 738 τὰ

131 778 163 811 V
188 780 229 814 18
254 771 495 829 γράμματα,
520 771 676 826 με’γιστε
698 772 877 823 βασιλεῦ’.
920 770 987 810 καὶ
1014 768 1063 821 δὴ
1091 768 1155 808 καὶ
1181 757 1541 822 παρεσκευάσμεθα
1565 763 1697 820 ὥσπερ

249 840 432 888 ἐκέλευες.
500 838 571 880 σὸν
606 838 649 879 δ’
690 837 738 878 ἂν
774 827 832 891 εἷς]
866 836 1003 878 λοιπὸν
1029 833 1277 888 ἔπιταχήσειν
1301 834 1373 887 τὴν
1399 832 1534 889 ἄφιξιν
1544 864 1557 883 ,
1595 832 1698 886 μηδὲ

247 914 422 964 μακραῖς
445 904 553 960 ἡμᾶς
578 907 756 948 ἐνταῦθα
782 903 928 960 διάγειν
954 905 1210 958 ἐπαγγελίαις.
1254 896 1382 943 τᾶλλα
1407 901 1448 942 δ’
1466 900 1572 950 ὅπως
1585 899 1695 942 ἔσται
1709 906 1753 940 10
1808 935 1810 937 .

248 980 335 1032 θεῷ
360 977 426 1016 καὶ
451 973 545 1028 ’ἡμῖν
569 972 743 1027 μελήσει.
794 977 928 1029 χῶρος
954 972 995 1014 (5²
1024 970 1119 1025 ἡμῖν
1145 973 1199 1020 εἷς
1226 971 1435 1023 ξυντυχίαν
1464 969 1699 1021 Φιλομίλιον

249 1042 340 1086 τόδε
380 1042 501 1093 ἴστω,
541 1036 589 1082 οὗ
627 1041 676 1095 δὴ
711 1042 752 1082 ἐν
777 1046 834 1097 τῷ
859 1038 1024 1095 παρόντι
1050 1037 1157 1092 ἡμᾶς
1183 1039 1570 1094 ἓστρατοπεδεῦσθαι
1597 1039 1698 1088 ξυμ-

196 1120 228 1154 1)
250 1110 422 1166 βαιίἐι.”
492 1107 648 1158 τούτοις
684 1106 705 1149 ὃ
741 1108 911 1150 σουλτὰν
946 1106 1223 1164 φορτικώτατα
1247 1109 1409 1159 βασιλεῖ
1429 1102 1699 1158 διαμειψάμε-

245 1196 334 1230 νος,
366 1176 386 1219 ὃ
413 1178 484 1231 μὲν
511 1178 635 1219 αὐτοῦ
660 1193 736 1217 που
764 1177 804 1217 ἐν
833 1177 1076 1231 Φιλομιλίῳ,
1104 1174 1205 1215 ἔνθα
1230 1174 1275 1215 τὸ
1302 1177 1459 1229 πρῶτον
1485 1174 1698 1228 ἐνστρατο-

245 1245 536 1299 πεὸευσάμενος
560 1245 694 1298 ἔτυχε,
721 1244 793 1286 σὺν
817 1248 875 1300 τῷ
900 1245 1047 1285 πλείονι
1073 1246 1145 1284 τοῦ
1158 1245 1330 1298 Περσῶν
1356 1242 1479 1294 ἔμεινε
1506 1243 1694 1296 στρατοῦ,
1711 1241 1752 1278 15

245 1322 390 1370 μοῖραν
418 1314 462 1355 δέ
485 1330 574 1355 τινα
598 1310 750 1354 τούτων
777 1310 1070 1365 ἀποτεμόμενος
1082 1307 1550 1361 ὕπαντιάζεινῬωμαιόις
1563 1309 1699 1348 ἐπιοῦ-

246 1399 310 1424 σιν
347 1383 569 1434 ἐξέπεμπεν.
639 1380 684 1421 οἳ
703 1381 768 1420 καὶ
797 1379 868 1420 οὐκ
895 1381 950 1428 εἷς
974 1379 1133 1434 μακρὰν
1161 1378 1286 1433 ἀγχοῦ
1311 1375 1464 1426 πόλεως
1484 1376 1700 1431 Ἀκρουνοῢ

249 1451 342 1505 περί
363 1467 450 1492 τινα
471 1453 607 1504 χῶρον
632 1442 666 1505 ᾧ
679 1448 938 1503 Καλογραίας
960 1447 1106 1501 βουνὸς
1131 1445 1155 1500 ἡ
1183 1446 1320 1499 κλῆσίς
1345 1446 1426 1486 ἐστι
1451 1447 1615 1498 βασιλεῖ
1633 1460 1699 1498 γε·-

250 1517 380 1573 γονότι
407 1517 672 1569 συμμίξαντες
695 1513 931 1569 ἡττήθησάν
956 1532 997 1556 τε
1025 1514 1127 1556 κατὰ
1153 1511 1299 1569 κράτος
1324 1514 1390 1554 καὶ
1417 1513 1609 1569 φυγαὸίαι
1636 1513 1699 1552 ἐπὶ

248 1586 317 1627 τὸν
356 1584 527 1626 σουλ-τὰν
563 1578 706 1638 ἦλθον.
773 1584 916 1623 πολλοί
947 1599 988 1624 τε
1015 1581 1128 1623 ἄλλοι
1163 1583 1228 1622 καὶ
1254 1580 1416 1636 Χαιρὴς
1450 1580 1562 1635 παρὰ
1585 1579 1757 1635 Hip-20

251 1670 342 1702 σαις
367 1651 587 1704 ὀνομαστὸς
606 1649 828 1703 Ῥωμαϊκῆς
855 1649 967 1705 ἔργον
993 1650 1139 1705 ἐγένετο
1166 1649 1381 1704 μαχαίρας.
1430 1645 1451 1688 ὃ
1470 1645 1512 1688 δὲ
1525 1651 1582 1704 τῷ
1595 1663 1701 1700 συμ-

252 1719 407 1762 πεσόντι
445 1721 708 1773 καταπλαγεὶς
744 1718 816 1771 τὴν
853 1717 1014 1771 ψυχὴν,
1055 1717 1145 1758 οὐδ’
1175 1716 1269 1758 ὅσον
1302 1714 1627 1769 ἐνσκευάσασθαί
1648 1731 1701 1767 τι,

253 1788 343 1830 οὐδ’
373 1786 466 1828 ὅσον
500 1788 747 1840 κομίσασθαι
783 1788 862 1826 τῶν
895 1785 995 1841 πρὸς
1019 1785 1090 1838 τὴν
1113 1786 1251 1840 χρείαν
1275 1787 1333 1839 τῷ
1354 1781 1476 1839 χώρῳ
1503 1784 1703 1836 ἐπιμείνας

136 1860 163 1893 Ρ
187 1860 232 1894 23
254 1855 376 1913 ᾤχετο
405 1855 536 1912 φυγὰς
559 1856 710 1896 ἐκεῖθεν
735 1851 873 1894 ἀπιών.
943 1852 966 1894 ὃ
1000 1850 1229 1906 πυθόμενος
1251 1851 1440 1906 βασιλεὺς
1465 1851 1703 1908 ἀμφοτέρων

253 2019 343 2054 bello
368 2017 535 2051 lacessere
560 2027 627 2050 non
652 2015 787 2050 desinis.
833 2015 896 2050 tibi
917 2017 1026 2049 autem
1041 2014 1114 2048 viro
1130 2014 1288 2060 prudenti
1302 2014 1510 2059 cogitandum
1526 2014 1612 2056 fuit,
1641 2026 1703 2049 ne·-

255 2074 421 2109 quaquam
445 2063 478 2095 id
502 2063 713 2105 neglecturos
740 2063 908 2095 Romanos
921 2090 931 2105 ,
961 2061 1241 2105 multiplicemque
1256 2072 1276 2093 a
1291 2060 1354 2093 deo
1370 2060 1502 2094 vindice
1518 2060 1703 2094 istiusmodi

254 2108 458 2143 facinoribus
481 2119 619 2152 poenam
639 2108 892 2151 rependendam.
939 2107 1081 2151 proinde
1096 2106 1151 2139 vel
1167 2106 1299 2139 abstine
1313 2106 1495 2139 huiusmodi
1518 2105 1718 2150 iniquitati-·

253 2155 337 2196 bus,
367 2153 423 2186 vel
440 2153 480 2186 ad
496 2152 707 2186 sustinendos
724 2153 888 2197 extemplo
905 2152 1076 2185 Romanos
1090 2155 1127 2184 te
1140 2150 1346 2204 praepara.”
1390 2151 1560 2184 literarum
1583 2151 1617 2184 id
1640 2151 1705 2184 fuit

254 2203 503 2243 argumentum:
537 2208 620 2241 quas
635 2197 728 2230 simul
744 2208 784 2230 ac
798 2198 855 2231 ille
870 2197 1011 2231 traditas
1027 2197 1193 2242 perlegit,
1223 2208 1257 2229 in
1274 2197 1360 2229 hunc
1373 2195 1505 2229 modum
1521 2196 1703 2240 rescripsit,

257 2245 408 2278 “literas
423 2248 498 2276 tuas
513 2242 698 2286 accepimus
709 2267 718 2284 ‚
749 2242 888 2275 maxime
911 2242 1113 2287 imperator,
1142 2241 1398 2287 paravimusque
1412 2240 1520 2274 omnia
1536 2252 1623 2285 quae
1636 2241 1706 2275 ius-

255 2289 341 2324 sisti.
388 2289 552 2333 reliquum
567 2287 628 2320 tibi
644 2292 696 2320 est
710 2286 898 2320 accelerare
913 2288 1103 2322 adventum.
1148 2287 1244 2321 nobis
1259 2290 1368 2320 autem
1383 2285 1509 2319 crebris
1525 2286 1704 2320 identidem

258 2335 366 2370 missis
393 2333 614 2377 legationibus
643 2332 698 2365 hic
727 2332 847 2365 morari
877 2343 942 2365 non
972 2332 1147 2374 convenit,
1176 2336 1286 2365 cetera
1310 2335 1346 2364 et
1372 2331 1435 2364 deo
1460 2336 1496 2364 et
1510 2331 1585 2365 mibi
1603 2343 1705 2366 curae

260 2386 370 2415 erunt.
415 2379 510 2413 locus
525 2389 606 2411 vero
623 2376 813 2420 congressui
829 2377 1055 2410 Philomelium
1072 2378 1156 2420 erit,
1187 2378 1243 2411 ubi
1259 2376 1354 2410 modo
1371 2380 1480 2410 castra
1495 2377 1675 2421 posuimus.
1685 2376 1706 2393 ”

261 2424 533 2470 arrogantissimo
552 2424 614 2456 hoc
628 2422 727 2456 misso
743 2423 783 2455 ad
798 2422 1029 2466 imperatorem
1044 2434 1222 2467 responso,
1246 2422 1407 2456 Sultanus
1420 2421 1623 2466 Philomelii,
1647 2421 1706 2455 ubi

261 2476 373 2505 castra
390 2470 482 2516 prius
498 2469 690 2510 locaverat,
720 2479 792 2500 cum
809 2467 922 2500 maiori
938 2468 1142 2501 Persicarum
1158 2467 1323 2512 copiarum
1340 2471 1438 2511 parte
1448 2467 1620 2508 consistit,
1649 2478 1706 2500 re-

263 2517 371 2561 liquas
396 2526 477 2549 vero
502 2513 619 2556 mittit,
649 2512 706 2558 qui
722 2512 978 2546 adventantibus
994 2513 1152 2546 Romanis
1170 2516 1392 2546 occurrerent.
1438 2520 1540 2556 atque
1553 2511 1600 2545 illi
1615 2512 1705 2545 haud

264 2562 367 2596 multo
385 2565 462 2605 post
476 2571 547 2592 cum
563 2559 763 2603 imperatore
778 2557 833 2602 qui
847 2569 951 2602 prope
967 2559 1132 2591 Acrunum
1157 2558 1293 2599 aderat,
1324 2557 1489 2590 civitatem
1504 2557 1536 2590 in
1553 2568 1595 2590 ea
1609 2557 1704 2590 sitam

265 2608 402 2650 regione
417 2617 502 2650 quae
517 2604 725 2647 Calograeae
739 2603 829 2636 collis
845 2607 1072 2648 nuncupatur,
1098 2603 1255 2647 praelium
1271 2609 1470 2644 conserunt,
1493 2602 1707 2646 funditusque

263 2652 365 2686 deleti
394 2662 434 2684 ac
465 2649 630 2694 superati,
655 2660 753 2694 quam
778 2648 946 2682 celerrime
968 2648 1100 2691 fugiunt
1116 2649 1156 2681 ad
1174 2648 1367 2689 Sultanum3
1391 2647 1596 2691 complures,
1622 2654 1707 2692 quos

265 2698 354 2732 iuter
386 2702 421 2731 et
452 2696 599 2730 Chaeres
610 2721 619 2735 ‚
650 2694 757 2737 magni
783 2694 837 2726 vir
850 2693 939 2737 apud
957 2693 1078 2726 Persas
1094 2693 1249 2732 nominis,
1282 2693 1506 2726 Romanorum
1521 2692 1639 2736 gladiis
1652 2693 1706 2726 in—

264 2743 400 2776 teriere.
445 2741 500 2775 ille
521 2752 563 2773 ex
586 2745 725 2784 accepta
739 2739 833 2773 clade
848 2739 955 2772 animo
968 2739 1125 2772 confusus
1136 2765 1145 2780 ‚
1175 2749 1237 2772 nec
1252 2738 1439 2772 instaurare
1453 2749 1573 2772 curans
1588 2737 1706 2782 aciem,

264 2794 323 2823 aut
350 2789 449 2822 rebus
480 2787 552 2820 loco
582 2784 779 2819 necessariis
808 2784 1004 2830 providere,
1035 2785 1141 2829 fugae
1152 2789 1188 2818 et
1200 2784 1275 2829 ipse
1288 2794 1325 2817 se
1340 2783 1442 2820 dedit.
1489 2795 1555 2828 quo
1571 2783 1706 2828 cognito
