1878 3262
287 209 346 241 xx
877 195 1143 242 DUCANGII

291 310 509 353 hominum
537 319 657 367 atque
685 310 846 352 silentio
877 310 1151 364 vindicarent,
1186 311 1257 369 qui
1283 313 1483 370 permulta
1511 310 1563 353 de
1593 312 1746 354 nostris

292 381 414 422 rebus
429 411 440 432 ,
489 378 778 434 Gallorumque
797 387 883 421 toto
904 382 990 421 fere
1012 379 1181 422 Oriente
1203 380 1460 422 laudabiliter
1477 394 1524 421 ac
1543 382 1747 438 praeclare

295 449 443 500 gestis,
489 446 599 487 haud
637 455 842 504 comperta
877 449 1101 489 memoriae
1142 448 1420 505 prodiderunt.
1501 463 1602 505 quae
1642 457 1747 490 certe

297 515 422 568 digna
448 523 560 566 sunt,
595 523 641 555 ut
669 515 713 556 in
743 515 796 557 iis
826 516 1163 558 commendandis
1191 517 1488 558 immortalitati
1509 518 1750 573 scriptorum

297 584 484 626 omnium
507 591 630 624 certet
649 582 872 636 industria,
919 600 1011 625 cum
1040 599 1151 626 acres
1179 600 1302 642 saepe
1321 587 1481 626 aculeos
1506 585 1559 625 ad
1578 585 1751 638 gloriam

296 652 514 693 habuerint
545 652 721 703 alienae,
776 660 865 704 aut,
915 660 959 694 ut
983 654 1121 694 verius
1153 652 1307 706 dicam,
1363 661 1556 706 cognatae
1588 653 1751 695 virtutis

299 728 588 771 monumenta3
620 734 694 761 nec
727 721 895 762 omnino
929 720 1143 761 ferendum
1174 723 1247 773 sit,
1286 730 1331 763 ut
1355 730 1417 763 tot
1438 722 1753 763 clarissimarum
1814 728 1817 730 ’

300 789 490 845 exempla
522 788 718 830 virtutum
745 789 790 829 in
812 796 923 829 tanta
945 797 1109 845 tamque
1130 789 1318 831 diuturna
1340 789 1447 847 apud
1466 797 1655 846 posteros
1676 789 1753 830 ob-

301 857 490 898 scuritate
509 855 759 896 delitescant.
828 858 1001 898 scribere
1032 866 1170 898 autem
1198 873 1314 899 orsus
1344 873 1435 899 sum
1454 859 1504 898 ab
1522 865 1756 914 expugnata

300 932 496 981 captaque
516 938 541 964 a
560 923 709 975 Gallis,
744 932 832 965 tum
852 926 1027 966 Venetis
1050 925 1423 982 Constantinopoli,
1457 927 1608 982 partim
1632 925 1756 966 editis

302 991 358 1033 ad
389 1006 482 1033 eam
510 1006 598 1033 rem
629 993 672 1032 in
691 992 1044 1045 Villharduinum‚
1080 995 1149 1049 qui
1171 994 1446 1051 expeditionis
1463 994 1607 1045 huius,
1643 994 1756 1034 cuius

303 1069 346 1101 et
371 1061 461 1118 ipse
496 1074 591 1118 pars
613 1075 760 1113 magna
781 1063 957 1114 exstitit,
993 1062 1164 1103 exordia
1183 1062 1421 1119 descripsit,
1456 1061 1759 1103 observationi-

302 1130 402 1180 bus;
442 1130 592 1185 partim
622 1130 748 1171 etiam
778 1143 801 1170 e
826 1130 1009 1186 probatis
1042 1131 1302 1188 scriptoribus
1327 1130 1494 1172 Graecis
1519 1143 1565 1169 ac
1587 1129 1758 1180 Latinis,

303 1205 393 1238 tum
429 1198 635 1238 veteribus
667 1212 828 1253 quoque
856 1200 1133 1240 monumentis
1165 1213 1190 1240 e
1216 1200 1341 1252 regiis
1369 1199 1599 1248 tabulariis,
1656 1210 1760 1252 quae

305 1266 453 1306 harum
482 1264 792 1322 expeditionum
819 1268 988 1308 consilia
1019 1275 1137 1322 atque
1160 1275 1249 1307 acta
1275 1274 1536 1317 conservant,
1568 1264 1762 1322 deprom-

305 1334 388 1391 ptis
403 1365 414 1385 ,
456 1335 581 1374 totius
614 1335 812 1375 historiae
852 1335 961 1376 illius
1002 1336 1304 1377 continuatione
1341 1336 1525 1390 serieque
1559 1341 1762 1384 contexta,

307 1416 412 1457 quae
449 1409 490 1442 et
520 1403 688 1443 salebris
719 1401 919 1460 impedita
950 1404 1189 1460 explicaret,
1235 1417 1280 1444 ac
1313 1404 1526 1444 obscurata
1552 1414 1764 1459 paeneque

309 1472 452 1512 obruta
480 1470 524 1510 in
546 1472 678 1511 lucem
699 1473 909 1527 proferret.
976 1471 1062 1512 iam
1085 1486 1186 1514 vero
1214 1486 1266 1513 en
1298 1470 1350 1512 ad
1375 1485 1531 1512 novum
1551 1468 1766 1523 aggredior

311 1552 415 1595 opus
440 1539 606 1579 scholiis
621 1540 811 1594 notisque
826 1539 1120 1591 illustrandum,
1144 1539 1252 1594 quod
1274 1547 1438 1596 propter
1456 1540 1525 1580 vel
1544 1546 1767 1580 eventuum

309 1607 574 1657 varietatem,
625 1608 693 1648 vel
721 1621 855 1648 rerum
890 1622 989 1664 quas
1025 1609 1301 1664 complectitur
1333 1607 1644 1664 praestantiam,
1696 1606 1768 1647 vel

314 1689 458 1716 eorum
475 1676 543 1730 qui
564 1673 610 1715 id
629 1676 908 1716 elucubrarunt
932 1677 1131 1717 illustrem
1156 1675 1363 1728 dignitatis
1385 1674 1574 1728 gradum,
1609 1673 1769 1731 praeci-

311 1756 438 1800 puam
465 1742 685 1798 quamdam
715 1743 823 1800 apud
845 1743 1024 1785 eruditos
1046 1744 1218 1796 gratiam
1244 1752 1421 1785 meretur
1443 1751 1485 1784 et
1503 1741 1770 1784 commenda-

312 1812 484 1853 tionem.
553 1826 601 1852 ea
633 1819 695 1852 est
722 1812 895 1854 historia
926 1811 1194 1864 Comnenica,
1240 1827 1312 1853 seu
1336 1812 1628 1868 imperatorum
1657 1809 1770 1851 Con-

315 1880 769 1935 stantinopolitanorum
791 1895 844 1922 ex
863 1882 1121 1922 nobilissima
1140 1880 1443 1922 Comnenorum
1460 1880 1636 1930 familia,
1666 1891 1770 1933 quae

315 1961 413 2004 prae
433 1949 596 1998 ceteris,
632 1962 736 2003 quae
757 1950 925 1990 huiusce
950 1950 1112 2006 imperii
1135 1950 1400 2001 gubernacula
1423 1954 1659 1998 tenuerunt,
1694 1960 1771 1986 no—

318 2016 412 2056 stris
433 2016 696 2071 potissimum
717 2017 916 2069 innotuit,
960 2025 1048 2058 tum
1083 2018 1135 2058 ob
1166 2018 1271 2058 bella
1299 2031 1402 2072 quae
1427 2031 1518 2056 cum
1538 2015 1704 2056 Francis
1725 2027 1771 2053 ac
1819 2019 1823 2023 ’

318 2082 567 2125 Normannis
586 2085 724 2136 gessit,
760 2093 847 2126 tum
865 2094 1029 2142 propter
1048 2086 1163 2127 varia
1188 2100 1280 2126 cum
1297 2086 1349 2126 iis
1368 2085 1497 2141 pacis,
1529 2091 1648 2138 atque
1666 2080 1772 2122 adeo

321 2152 615 2192 connubiorum
634 2160 674 2192 et
692 2154 935 2194 affinitatum
954 2155 1055 2195 inita
1072 2153 1250 2195 foedera.
1317 2154 1448 2206 gentis
1465 2152 1584 2193 istius
1603 2151 1774 2191 incuna2-

320 2219 416 2260 bula
456 2233 502 2259 ac
539 2220 786 2260 incrementa
822 2222 976 2278 primus
1013 2223 1233 2278 publicavit
1261 2221 1513 2276 Nicephorus
1543 2218 1775 2272 Bryennius

323 2286 494 2338 Caesar,
528 2288 667 2328 Annae
684 2287 919 2330 Comnenae
935 2289 1307 2345 Porphyrogenitae
1324 2288 1456 2329 Alexii
1474 2286 1676 2328 Comneni
1692 2286 1775 2326 im-

323 2356 521 2411 peratoris
541 2357 650 2396 filiae
668 2358 838 2397 coniux:
872 2358 938 2398 vir
959 2372 1042 2397 non
1064 2358 1190 2398 modo
1211 2356 1426 2414 splendore
1444 2356 1641 2396 natalium
1657 2354 1777 2395 incli-

326 2430 412 2474 tus,
447 2437 493 2463 ac
513 2425 822 2477 magistratuum
840 2427 1135 2481 praerogativa,
1167 2425 1239 2467 sed
1258 2426 1370 2466 omni
1396 2425 1520 2464 etiam
1538 2423 1777 2479 disciplina-
1831 2460 1834 2462 ,

326 2506 417 2531 rum
437 2506 584 2544 genere
604 2507 726 2548 quam
742 2493 1063 2534 excultissimus:
1081 2495 1123 2533 in
1143 2495 1254 2535 cuius
1274 2491 1439 2549 quidem
1459 2491 1777 2542 commentariis,

328 2573 431 2614 quae
452 2559 503 2600 ad
520 2562 675 2617 priscos
699 2562 791 2602 illos
810 2569 1012 2603 nostrates
1033 2561 1315 2612 Normannos,
1359 2561 1427 2616 qui
1447 2561 1491 2600 in
1508 2560 1678 2602 Oriente
1695 2572 1780 2599 non

328 2627 491 2668 modica
508 2630 675 2670 bellicae
693 2630 854 2671 virtutis
876 2628 1041 2670 edidere
1062 2628 1324 2680 documenta,
1369 2635 1571 2685 spectant,
1606 2626 1781 2684 plurima

330 2705 540 2737 occurrunt
559 2698 806 2739 intermixta.
872 2698 1087 2738 historiam
1105 2711 1128 2737 a
1148 2699 1316 2749 coniuge
1338 2695 1546 2750 Bryennio
1570 2701 1782 2736 exaratam

331 2766 532 2821 excerpsit
561 2773 602 2806 et
628 2774 842 2822 prosecuta
871 2773 934 2807 est
953 2766 1066 2806 Anna
1085 2765 1294 2807 comnena
1317 2764 1573 2815 Caesarissa,
1609 2774 1782 2818 eamque

332 2832 377 2873 in
399 2831 631 2890 quindecim
651 2835 774 2877 libros
793 2835 942 2893 partita
962 2841 1044 2888 est,
1074 2835 1220 2891 quibus
1241 2832 1448 2877 Alexiadis
1468 2832 1784 2890 appellationem
