1878 3262
302 227 397 276 146
729 225 1033 270 NICEPHORI
1065 225 1330 269 BRYENNII
1374 236 1377 243 ⁴

298 346 365 386 καὶ
398 341 639 399 χρυσίζοντα
675 334 751 396 (ἦν
785 341 861 398 γὰρ
899 341 1043 390 ἐκεῖνος
1077 335 1106 370 *
1118 336 1147 370 *
1161 335 1217 394 *)
1231 372 1244 390 ,
1279 339 1379 393 μετὰ
1412 340 1485 395 τὴν
1515 341 1746 396 συμπλοκὴν

297 412 445 466 ἐκείνην
465 412 532 452 καὶ
552 410 647 460 τοὺς
665 410 866 466 γενναίους
884 409 1039 465 ἀγῶνας
1055 410 1122 450 καὶ
1139 408 1211 462 τὴν
1228 402 1350 462 ἧτταν
1365 410 1558 464 νενίκηκεν
1577 409 1623 451 οὐ
1642 408 1746 464 πλή-

244 491 272 525 Β
296 484 362 522 &a
389 477 617 533 δυνάμεως,
644 478 748 521 ἀλλὰ
776 479 965 537 καρτερία
994 479 1060 519 καὶ
1092 475 1219 534 τόλμῃ
1249 478 1315 519 καὶ
1343 477 1484 534 μελέτῃ
1505 481 1745 535 στρατηγικῇ

296 547 508 605 συνέριθον
528 545 665 602 λαβὼν
682 549 750 589 καὶ
769 547 840 602 τὴν
860 546 1016 590 ἄνωθεν
1034 543 1246 603 πρόνοιαν,
1275 544 1331 587 δι’
1352 544 1402 600 ἢν
1420 545 1471 587 τὰ
1489 546 1581 601 τέλη
1598 563 1744 603 κατορ-

297 621 468 659 θοῦνται
491 620 570 658 τῶν
593 614 862 673 ἐγχειρήσεων.
1755 619 1777 654 5

434 729 510 774 16.
583 732 738 770 Τοῦτον
776 722 847 770 οὖν
887 727 1023 781 λαβὼν
1056 725 1178 775 αὐτὸς
1205 726 1278 779 μὲν
1311 722 1426 781 ἀπῄει
1456 723 1511 774 ὥς
1543 725 1643 782 πρὸς
1675 726 1746 781 τὴν

295 790 743 847 Κωνσταντινούπολιν,
778 797 829 837 τὰ
864 797 907 837 δὲ
942 799 1177 851 κοκκοβαςοῆ
1202 795 1370 845 πέδιλα,
1407 791 1434 834 ἃ
1459 794 1603 843 ἐκεῖνος
1626 797 1746 851 βασι-

297 871 412 909 λειιῦν
442 864 647 916 ἔπεὸύετο,
682 863 905 921 μαργάροις
931 862 1027 905 ὄντα
1058 865 1122 904 καὶ
1150 864 1281 912 λίθοις
1298 859 1542 904 κατάστικτα
1563 860 1664 918 πρὸς
1680 861 1748 904 τὸν

296 927 521 990 κρατοῦντα
540 934 727 986 ἐξέπεμπε
751 931 912 987 μηνύων
935 932 1044 989 αὐτῷ
1063 931 1134 986 τὴν
1157 932 1302 973 ἐκείνου
1327 928 1574 984 κατάσχεσιν.
1645 928 1667 972 ὃ
1702 931 1745 972 δ’

294 1001 437 1056 ’ἡσθεὶς
470 1006 528 1058 τῷ
561 998 784 1054 ἄκούσματι
823 999 866 1042 ὃν
901 997 976 1053 εἶχε
1001 997 1238 1042 πιστότατον
1258 1000 1323 1040 καὶ
1346 997 1585 1040 οἰκειότατον
1604 997 1747 1056 ἄνδρα,
1759 1008 1803 1042 10

245 1079 273 1112 C
298 1070 372 1112 εἴτε
405 1068 573 1123 Σκύθην
608 1070 682 1111 εἴτε
713 1068 865 1111 Μυσὸν
913 1069 1127 1124 (Βορίλας
1156 1062 1206 1121 ἧν
1244 1066 1373 1124 τούτῳ
1408 1066 1454 1108 τὸ
1489 1064 1655 1121 ὄνομα)
1703 1065 1750 1109 ὃν

294 1135 626 1193 πρωτοπρόεδρον
656 1135 826 1190 τιμήσας
859 1134 1060 1191 ἐθνάρχην
1089 1136 1274 1189 ἐκπέμπει
1308 1133 1648 1190 παραληψόμενον
1680 1134 1749 1177 τὸν

299 1206 534 1261 Βρυὲννιον,
569 1208 628 1261 τῷ
659 1208 739 1246 τῶν
773 1206 928 1257 σχολῶν
961 1205 1178 1260 ὃομεστίκῳ
1202 1208 1259 1259 τῷ
1281 1204 1482 1260 Κομνηνῷ
1502 1202 1669 1246 κελεύων
1690 1203 1750 1257 μὴ

296 1274 456 1316 εἰσιέναι
489 1272 589 1329 πρὸς
623 1272 695 1326 τὴν
732 1269 1176 1322 Κωνσταντινούπολιν,
1213 1271 1306 1312 ἀλλ’
1340 1268 1568 1312 ἀπελθόντα
1598 1273 1666 1314 καὶ
1697 1271 1749 1314 τὰ

296 1341 399 1384 κατὰ
421 1341 493 1395 τὴν
507 1339 834 1397 Ἀδριανούπολιν
854 1338 1162 1393 καταστήσαντα
1180 1338 1283 1380 κατὰ
1302 1342 1375 1381 τοῦ
1391 1336 1603 1393 Βασιλάκη
1622 1355 1747 1396 στρα-
1760 1346 1802 1382 15

295 1408 432 1452 τεύειν.
501 1408 613 1465 ἔφθη
634 1408 710 1465 γὰρ
738 1409 917 1456 κάκεῖνος
938 1407 1107 1457 δυνατὸς
1130 1408 1343 1462 γενέσθαι,
1377 1410 1449 1447 τοῦ
1473 1407 1512 1448 ἓν
1538 1410 1597 1465 τῷ
1620 1408 1748 1450 Ἰλλυ-

297 1482 396 1535 ρικῷ
425 1477 573 1526 παντὸς
605 1475 904 1533 στρατεύματος
938 1477 1003 1517 καὶ
1034 1480 1083 1531 τῇ
1113 1477 1348 1534 Βουλγαριά
1379 1474 1489 1531 αὐτῷ
1507 1475 1747 1533 προσχωρή-

297 1562 452 1594 σαντος.
521 1544 567 1586 οὗ
588 1545 669 1598 μὴν
695 1546 737 1586 δὲ
764 1544 868 1586 ἀλλὰ
891 1545 957 1586 καὶ
978 1542 1217 1600 Βαράγγους
1236 1541 1312 1597 εἶχε
1334 1543 1436 1596 μεθ’
1460 1541 1627 1595 ἑαυτοῦ,
1661 1543 1748 1586 ὅσοι

298 1613 397 1669 πρὸς
418 1616 491 1654 τοῦ
509 1613 708 1666 βασιλέως
729 1612 902 1666 Μιχαὴλ
923 1612 993 1662 ξὺν
1016 1616 1074 1669 τῷ
1091 1609 1303 1667 Βασιλάκῃ
1327 1610 1427 1667 πρὸς
1446 1609 1492 1652 τὸ
1514 1610 1748 1669 Δυρράχιον

388 1743 418 1776 1.
466 1737 621 1784 ἐκεῖνος]
669 1740 820 1774 Iudicavi
855 1740 1031 1783 lacunam3
1078 1740 1202 1774 excidit
1240 1739 1359 1785 opinor
1393 1750 1554 1774 annorum
1582 1752 1748 1776 numerus.

386 1785 419 1820 4.
445 1783 664 1830 συνέριθον]
689 1787 730 1820 P.
753 1786 938 1830 συνεργόν.

298 1907 376 1935 tunc
391 1899 532 1946 primum
547 1899 731 1943 pubescere
744 1897 908 1942 incipiens
932 1908 1035 1931 aureo
1050 1896 1226 1932 florentem
1241 1898 1426 1932 vellusculo
1442 1897 1561 1933 faciem
1575 1900 1746 1944 praefere-

296 1947 368 1980 bat.
415 1949 451 1978 et
474 1948 588 1978 tamen
610 1943 741 1977 tantula
768 1948 880 1976 aetate
903 1943 946 1977 de
962 1943 1022 1976 tali
1037 1943 1135 1976 hoste
1149 1946 1313 1987 tantoque
1328 1944 1479 1977 exercitu
1494 1949 1573 1989 post
1588 1950 1656 1979 tam
1669 1957 1746 1980 acre

301 1998 367 2025 tam
391 1990 613 2036 periculosum
634 1993 822 2032 certamen,
851 1993 886 2022 et
899 1989 1013 2032 sugam
1027 1998 1160 2022 suorum
1175 1993 1241 2022 tam
1256 1989 1388 2034 plenam
1404 1994 1504 2034 atque
1519 1989 1682 2024 illustrem-
1694 1991 1747 2024 vi-

298 2037 441 2070 ctoriam
456 2034 590 2079 retulit,
610 2046 678 2068 non
693 2034 901 2068 multitudine
916 2035 1082 2068 roboreve
1097 2033 1264 2078 copiarum
1280 2034 1341 2068 sed
1355 2033 1554 2069 fortitudine
1567 2040 1670 2081 atque
1683 2047 1746 2070 au-

299 2081 414 2116 dentia
435 2080 705 2124 abundantiaque
728 2079 856 2113 consilii
883 2091 924 2113 ac
946 2079 1065 2113 mentis
1088 2079 1237 2124 artisque
1260 2079 1495 2125 imperatoriae
1504 2105 1514 2123 ,
1546 2086 1745 2127 cooperante

298 2127 387 2162 haud
401 2126 502 2160 dubie
517 2126 655 2159 coelesti
668 2125 897 2171 providentia,
929 2125 1021 2159 cuius
1036 2128 1089 2159 est
1103 2130 1298 2170 coeptorum
1314 2126 1486 2160 fortunare
1500 2137 1685 2161 successus.

393 2218 446 2252 16.
492 2215 635 2261 Captum
657 2215 691 2248 in
715 2215 803 2249 hunc
826 2214 958 2249 modum
983 2215 1183 2260 Bryennium
1205 2226 1315 2250 secum
1337 2216 1476 2250 Alexius
1497 2216 1619 2250 ducens
1641 2218 1746 2253 movit

301 2261 626 2307 Constantinopolim
641 2271 761 2294 versus
774 2273 784 2301 ;
812 2261 903 2305 prius
919 2261 1023 2295 missis
1038 2261 1082 2295 ad
1096 2262 1330 2306 imperatorem
1343 2262 1464 2296 nuntiis
1479 2261 1596 2307 quibus
1611 2274 1686 2297 eum
1702 2264 1746 2298 de

301 2308 442 2343 victoria
464 2318 525 2342 sua
548 2311 716 2351 captoque
736 2306 879 2340 hostium
905 2306 991 2340 duce
1012 2307 1184 2341 certiorem
1198 2307 1365 2349 faciebat,
1393 2307 1567 2352 specimine
1582 2308 1680 2343 etiam
1696 2310 1746 2344 rei

298 2358 418 2399 gestae
444 2352 575 2387 addito.
622 2362 695 2385 nam
720 2362 891 2396 purpurea
917 2352 1140 2386 calceamenta
1160 2353 1349 2396 margaritis
1363 2352 1562 2397 gemmisque
1577 2353 1743 2398 distincta,

299 2411 386 2444 quae
398 2399 455 2432 ille
469 2410 532 2443 pro
547 2398 749 2442 imperatore
765 2409 802 2431 se
817 2408 941 2441 gerens
955 2398 1109 2442 usurpati
1125 2398 1329 2443 principatus
1341 2398 1472 2442 insigne
1486 2399 1658 2441 gestabat,
1682 2411 1744 2445 per

301 2445 435 2480 eosdem
462 2445 505 2478 ad
530 2443 740 2476 Botaniatem
765 2443 952 2486 Augustum
967 2443 1075 2477 misit:
1107 2443 1164 2488 qui
1178 2443 1365 2478 delectatus
1379 2447 1415 2477 et
1428 2443 1541 2477 nuntio
1558 2447 1594 2477 et
1606 2455 1744 2480 munere

301 2502 397 2534 quem
421 2489 645 2523 fidelissimum
667 2488 880 2532 intimumque
902 2489 1020 2522 habuit
1043 2489 1190 2523 Borilam
1214 2489 1362 2529 nomine,
1391 2487 1463 2522 sive
1476 2488 1564 2523 illum
1580 2490 1743 2535 Scytham

303 2536 373 2569 sive
388 2535 536 2579 Mysum,
560 2545 658 2579 quem
674 2533 936 2578 protoprohedri
951 2534 1113 2578 dignitate
1128 2539 1162 2568 et
1176 2534 1273 2568 titulo
1290 2533 1490 2567 ethnarchae
1505 2535 1742 2578 honoraverat,

302 2581 391 2614 misit
417 2580 461 2613 ad
485 2581 692 2614 Comnenum
709 2579 922 2613 domesticum
938 2579 1122 2613 scholarum
1138 2591 1209 2613 cum
1225 2578 1388 2613 mandatis
1404 2583 1443 2611 ut
1459 2579 1520 2623 ipsi
1540 2581 1742 2624 Bryennium

300 2626 335 2659 in
349 2636 465 2658 manus
479 2626 650 2668 traderet,
680 2625 754 2670 ipse
769 2636 849 2659 vero
865 2625 1064 2659 domesticus
1077 2625 1230 2670 ingressu
1247 2623 1636 2669 Constantinopolitanae
1651 2627 1743 2662 urbis

300 2670 500 2710 abstineret3
527 2670 586 2703 sed
611 2674 772 2715 pergeret
797 2682 870 2704 cum
894 2671 1046 2704 exercitu
1065 2681 1184 2704 versus
1199 2669 1445 2713 Adrianopolim
1462 2675 1496 2704 et
1512 2677 1628 2706 contra
1643 2672 1742 2706 Basi-

296 2715 402 2749 lacem
431 2715 551 2749 bellum
576 2721 723 2758 gereret.
769 2727 842 2749 nam
870 2720 905 2750 et
925 2715 982 2749 ille
1006 2716 1135 2759 Illyrici
1159 2714 1303 2749 exercitu
1324 2715 1388 2748 sibi
1403 2715 1554 2750 adiuncto
1569 2717 1742 2762 copiisque

300 2760 450 2794 omnibus
471 2771 557 2805 quae
581 2760 615 2793 in
640 2761 802 2803 Bulgaria
825 2762 959 2794 fuerant
973 2761 1006 2794 in
1023 2765 1134 2806 partes
1161 2759 1295 2801 tractis,
1327 2768 1361 2792 et
1379 2767 1555 2804 praeterea
1570 2763 1740 2807 namugo·

297 2817 410 2841 secum
434 2805 558 2840 ducens
582 2816 668 2850 quos
691 2806 831 2841 diximus
857 2807 899 2840 ab
916 2806 1121 2851 imperatore
1141 2805 1310 2840 michaele
1331 2805 1396 2851 ipsi
1411 2806 1655 2856 errhachium
1669 2808 1739 2843 eius
