1878 3262
254 201 356 251 274
747 199 973 245 IOANNIS
989 189 1234 245 Δ(ΞῙΝΝΑΜῙ
1251 189 1253 191 ’

258 317 373 375 σφίσι
406 312 662 356 κλασθέντων
690 315 755 356 καὶ
784 313 1019 371 θρυβέντων
1037 312 1115 369 ἤδη
1134 318 1213 356 τῶν
1231 316 1377 374 ξιφῶν,
1411 319 1499 365 ταῖς
1519 309 1704 370 κορύναις

258 385 389 440 ’ἧλόων
407 389 489 432 τοῖς
506 384 769 437 κακοδαίμοσι
789 383 862 433 τὰς
880 380 1070 440 κεφαλάς.
1104 379 1169 424 ὅτε
1188 382 1238 435 δὴ
1255 380 1300 424 τό
1320 400 1362 424 τε
1383 390 1545 437 σημεῖον
1558 380 1704 438 ἧρέθη,

257 453 281 494 ὃ
297 450 486 506 πάμμεγα
503 458 586 501 τοῖς
601 450 827 508 βαρβάροις
843 450 999 501 τούτοις
1016 451 1078 492 ἐπὶ
1096 447 1253 504 ἁμάξης
1270 451 1430 507 ἐφέρετο
1438 483 1452 502 ,
1478 453 1544 493 καὶ
1562 449 1583 492 ὅ
1600 450 1702 491 Διο-

258 521 395 562 νυσιόυ
422 520 546 569 ἵππος
575 519 649 561 σὺν
679 523 730 576 τῇ
754 521 978 578 πανοπλίᾳ,
1021 517 1138 573 μόλις
1167 519 1313 560 ἐκείνου
1339 520 1405 561 καὶ
1434 517 1566 576 τρόπῳ
1596 513 1703 576 ᾧπερ

261 587 384 637 αὐτὸς
409 589 509 643 ἐρεῖν
535 588 607 630 οὐκ
636 587 712 642 ἔχω
738 587 807 630 τὸν
830 590 1010 630 κίνδυνον
1027 585 1280 644 πεφευγότος.
1347 585 1433 628 ὅσοι
1451 587 1583 640 μέντοι
1597 591 1738 643 βαρ-5

260 655 401 713 βάρων
429 657 641 713 διαδρᾶναι
672 657 769 706 τέως
801 656 990 711 ἴσχυσαν,
1023 655 1135 712 παρὰ
1160 655 1230 697 τὸν
1256 653 1437 708 ποταμὸν
1464 652 1586 704 ῗόντες
1617 652 1707 710 ἡλί-

259 739 402 767 σκοντο
432 723 532 781 πρὸς
559 729 632 767 τοῦ
653 723 862 779 Ῥωμαίων
891 728 1092 766 ναυτικοῦ.
1160 722 1343 765 ἑάλωσαν
1379 724 1511 764 τοίνυν
1547 723 1708 779 ζωγρίαι

211 804 241 838 Β
262 797 496 850 στρατηγῶν
515 793 608 846 μέν,
645 792 715 843 οὓς
745 794 857 836 αὐτοὶ
879 791 1097 845 ζουπάνους
1124 796 1314 844 καλοῦσι,
1343 791 1476 842 πέντε,
1511 806 1707 847 στρατιωο

260 866 341 904 τῶν
358 862 402 902 δὲ
421 861 526 918 ἀμφὶ
546 861 639 911 τοὺς
656 862 925 911 ὀκτακοσίους.
992 863 1133 902 πολλοὶ
1152 862 1194 902 δὲ
1211 855 1315 915 ἦσαν
1334 862 1400 901 καὶ
1420 861 1461 901 ἔν
1478 859 1613 908 αὗτοῖς
1629 862 1709 900 τῶν

259 925 304 972 εὖ
335 946 376 971 τε
406 927 621 984 γεγονότων
648 931 714 971 καὶ
747 929 879 980 ἄλλως
906 932 1126 986 διαφανῶν.
1194 928 1333 970 ἔπεσον
1363 928 1406 969 δὲ
1436 929 1502 970 καὶ
1529 931 1707 969 πλεῖσται
1720 935 1763 969 10

256 996 435 1051 χιλιάδες
453 999 494 1038 ἐν
514 996 643 1054 τούτῳ
663 1002 720 1055 τῷ
740 997 863 1056 πόνῳ.
921 998 994 1039 οὐκ
1011 993 1059 1053 ἦν
1079 998 1209 1047 οὐδεὶς
1220 995 1449 1050 Ῥωμαίων,
1477 995 1522 1045 ὃς
1542 996 1588 1037 οὗ
1609 998 1710 1037 πολ-

260 1070 344 1107 λῶν
372 1064 554 1122 αὐτόχειρ
577 1067 724 1121 ἐγένετο
750 1067 971 1123 ἀριστειῶν.
1039 1064 1197 1108 πάντων
1220 1082 1262 1120 γε
1282 1065 1363 1119 μὴν
1383 1063 1559 1119 μάλιστα
1571 1061 1711 1106 Ἰωάν-

261 1151 333 1189 νης
360 1151 401 1175 τε
431 1132 452 1174 ὃ
480 1135 811 1190 Κοντοστέφανος
838 1136 904 1176 καὶ
930 1133 1176 1190 Ἀνδρόνικος
1196 1131 1216 1175 ὅ
1234 1135 1515 1189 Λαμπαρδᾶς.
1582 1135 1711 1174 ταῦτα

262 1202 546 1258 κατωρθωκὼς
572 1200 592 1243 ὅ
618 1200 826 1256 Ῥωμαίων
853 1201 1044 1258 στρατός,
1078 1200 1285 1258 ἐπειδήπερ
1321 1201 1422 1257 ἀωρὶ
1447 1204 1527 1242 τῶν
1558 1204 1712 1242 νυκτῶν

261 1265 333 1325 ἦν,
368 1271 430 1311 ἐπὶ
458 1270 502 1312 τὸ
531 1269 801 1327 στρατόπεδον
827 1269 1084 1327 ἀνεχώρησαν
1099 1302 1112 1321 ,
1148 1269 1309 1325 ἄγοντες
1331 1267 1425 1319 τούς
1442 1269 1482 1310 τε
1503 1272 1582 1310 τῶν
1603 1266 1710 1310 Οὕν-
1723 1273 1765 1309 15

126 1349 158 1384 V
183 1346 248 1384 125
271 1355 350 1381 νων
381 1337 662 1393 αἰχμαλώτους
690 1341 756 1380 καὶ
783 1337 979 1396 θώρακας
1008 1340 1048 1388 ἐς
1075 1339 1311 1392 δισχιλίους,
1346 1335 1470 1394 κράνη
1491 1352 1533 1392 γε
1548 1336 1628 1390 μὴν
1645 1337 1714 1378 καὶ

262 1407 437 1456 ἀσπίδας
465 1409 531 1448 καὶ
556 1409 651 1463 ξίφη
683 1407 776 1449 οὐδ’
809 1406 858 1449 ἂν
890 1408 1079 1464 ἀριθμεῖν
1111 1404 1296 1461 ἠδυνήθη
1327 1422 1399 1455 τις.
1466 1405 1539 1459 τὴν
1555 1405 1628 1458 μὲν
1644 1399 1715 1446 οὖν

263 1473 387 1517 νύκτα
412 1476 563 1529 ἐκείνην
588 1477 649 1516 ἐπὶ
679 1474 875 1525 τοιούτοις
903 1476 1117 1530 ηὐλίσαντο
1124 1507 1137 1526 ,
1181 1472 1431 1530 αὖγαζούσης
1462 1474 1505 1514 δὲ
1537 1472 1615 1528 ἤδη
1643 1476 1716 1527 τῆς

211 1548 243 1582 C
266 1541 420 1599 ἡμέρας
445 1550 527 1592 τοῖς
554 1541 691 1592 ὅπλοις
719 1542 968 1592 ἐνδεδυκότες
991 1545 1046 1590 εἷς
1075 1543 1120 1584 τὸ
1146 1547 1225 1584 τῶν
1247 1541 1410 1584 Οὕννων
1430 1540 1618 1597 ἀφίκοντο
1632 1558 1715 1594 χα-

263 1609 448 1668 ράκωμα.
517 1612 598 1653 ἐπεὶ
627 1612 672 1652 δὲ
702 1611 859 1667 ἀνδρῶν
879 1611 1026 1667 ἔρημον
1048 1605 1163 1667 εὗρον
1185 1608 1305 1661 αὐτό,
1338 1607 1768 1664 σκυλαγωγήσαντεςῖω

262 1679 518 1737 ἀνέστρεφον.
585 1677 607 1721 ὅ
644 1680 717 1733 μὲν
755 1679 807 1734 δὴ
846 1679 950 1722 κατὰ
988 1678 1152 1721 Οὕννων
1184 1677 1357 1732 πόλεμος
1389 1679 1570 1719 ἐνταῦθα
1602 1678 1715 1727 τέλος

262 1746 388 1801 ἴσχεν..

401 1814 446 1859 8.
507 1811 557 1856 Ὅ
588 1814 631 1856 δὲ
656 1813 847 1869 βασιλεὺς
866 1818 946 1856 τῶν
962 1831 1003 1857 τε
1026 1814 1184 1868 τειχέων
1210 1817 1281 1868 τῆς
1301 1813 1607 1855 Κωνσταντίνου
1627 1812 1713 1854 ἔπι-

262 1882 462 1938 μεμέλητο
493 1882 631 1940 μέρεσι
650 1887 812 1934 πολλοῖς
834 1881 911 1926 ὑπὸ
933 1881 1081 1940 χρόνου
1101 1881 1354 1938 καμνόντων,
1388 1883 1455 1924 καὶ
1473 1879 1632 1924 §aanor
1650 1881 1713 1924 ἓν·

264 2056 404 2102 gladiis,
434 2056 627 2092 miserorum
656 2057 770 2104 capita
796 2058 903 2093 clavis
932 2057 1194 2093 contundebant.
1240 2059 1310 2092 tum
1338 2056 1439 2091 etiam
1459 2055 1593 2103 captum'
1613 2056 1647 2091 in
1670 2067 1713 2091 eo

265 2104 392 2149 praelio
408 2104 565 2137 vexillum
576 2129 586 2145 ‚
608 2106 697 2148 quod
716 2110 853 2150 propter
868 2105 918 2138 sui
935 2105 1189 2148 magnitudinem
1203 2114 1303 2137 curru
1319 2114 1341 2137 a
1356 2104 1503 2137 barbaris
1517 2103 1714 2144 vehebatur,

266 2154 304 2182 ut
319 2153 353 2182 et
366 2148 521 2192 Dionysii
537 2161 640 2193 equus
656 2162 729 2184 cum
746 2151 833 2184 omni
853 2155 1042 2194 armatura,
1075 2161 1148 2184 cum
1169 2150 1241 2194 ipse
1263 2149 1338 2191 vix,
1366 2159 1406 2182 ac
1432 2149 1542 2183 nescio
1566 2159 1632 2193 qua
1656 2158 1714 2182 ra-

265 2194 377 2236 tione,
408 2193 591 2238 periculum
611 2195 796 2238 effugisset.
843 2201 1010 2241 quotquot
1024 2195 1122 2229 etiam
1139 2197 1353 2229 barbarorum
1369 2196 1480 2239 fugam
1494 2194 1576 2228 inire
1591 2198 1715 2239 potue-

266 2245 362 2280 runt,
394 2239 449 2272 ubi
480 2239 522 2272 ad
547 2240 669 2273 flumen
692 2253 894 2285 pervenere,
922 2253 945 2274 a
968 2242 1073 2275 classe
1096 2242 1247 2275 Romana
1262 2239 1352 2284 capti
1366 2246 1452 2273 sunt.
1497 2239 1565 2273 vivi
1581 2251 1662 2284 ergo
1678 2239 1714 2274 in

266 2293 382 2319 manus
405 2290 588 2328 venerunt,
619 2297 661 2319 ex
683 2287 823 2320 ducibus
852 2287 1003 2331 quidem,
1035 2299 1118 2332 quos
1135 2287 1200 2332 ipsi
1213 2296 1361 2331 zupanos
1374 2289 1517 2328 vocant,
1548 2285 1711 2330 qninquez

266 2330 388 2372 milites
418 2330 621 2374 octingenti,
651 2336 753 2375 atque
775 2332 809 2365 in
833 2332 872 2366 iis
897 2334 1084 2377 complures
1101 2333 1201 2366 nobili
1216 2333 1289 2366 loco
1305 2330 1395 2372 nati,
1417 2331 1538 2375 aliique
1567 2331 1714 2365 illustres

266 2376 353 2409 viri:
384 2376 512 2420 aliquot
537 2381 645 2409 autem
671 2377 773 2411 millia
793 2377 827 2411 in
853 2378 917 2411 hoc
940 2378 1065 2423 praelio
1082 2378 1244 2411 cecidere.
1290 2387 1385 2409 nemo
1401 2376 1464 2410 fuit
1475 2377 1713 2419 Romanorum,

265 2421 323 2466 qui
350 2432 416 2454 non
445 2421 547 2454 fortia
574 2429 694 2467 suapte
723 2433 820 2456 manu
845 2423 985 2456 ediderit
1007 2423 1177 2463 facinora,
1208 2433 1288 2468 prae
1309 2421 1431 2454 ceteris
1446 2426 1556 2455 tamen
1572 2422 1714 2456 Ioannes

266 2467 562 2511 Contostephanus
592 2472 626 2500 et
657 2468 862 2502 Andronicus
891 2468 1111 2513 Lampardas.
1167 2468 1218 2502 his
1245 2474 1380 2500 strenue
1408 2467 1570 2501 confectis
1600 2468 1714 2510 rebus,

265 2512 419 2556 quoniam
446 2512 562 2546 adulta
584 2524 652 2546 nox
678 2518 773 2554 erat‚·
798 2513 832 2547 in
854 2519 964 2548 castra
986 2514 1148 2548 concessit
1163 2514 1330 2547 Romanus
1344 2512 1533 2554 exercitus,
1563 2512 1716 2547 adductis

266 2568 307 2590 eo
332 2557 475 2601 captivis
501 2558 672 2602 Hungaris
686 2584 695 2599 ‚
726 2559 900 2604 allatisque
915 2571 1025 2593 secum
1041 2560 1149 2593 loricis
1164 2559 1206 2592 ad
1223 2558 1289 2592 duo
1305 2556 1417 2591 millia.
1463 2559 1578 2602 galeas
1602 2563 1715 2592 autem

266 2608 302 2635 et
325 2602 450 2647 clipeos
477 2607 512 2636 et
534 2615 630 2637 enses
643 2630 654 2646 ,
685 2604 773 2638 haud
788 2605 888 2638 facile
903 2606 978 2658 quis
995 2608 1212 2639 numerasset.
1256 2614 1328 2637 eam
1343 2602 1474 2647 quidem
1490 2610 1621 2638 noctem
1636 2607 1717 2649 post

265 2647 349 2681 haec
375 2647 421 2681 ibi
446 2653 650 2692 transegere.
697 2654 734 2683 at
757 2650 812 2683 ubi
835 2650 964 2692 illuxlt,
995 2661 1086 2685 arma
1108 2650 1228 2683 iterum
1242 2648 1368 2690 induti,
1396 2649 1428 2682 in
1447 2649 1585 2683 hostium
1601 2654 1715 2684 castrt

263 2692 314 2726 irc
338 2697 494 2737 pergunt.
540 2706 654 2728 verum
682 2706 754 2728 cum
780 2706 820 2729 ea
842 2695 1026 2729 hominibus
1041 2706 1148 2729 vacua
1162 2693 1382 2738 invenissent,
1414 2694 1553 2740 direptis
1569 2695 1628 2741 iis,
1657 2705 1715 2730 re·

265 2738 354 2773 versi
370 2743 459 2773 sunt.
505 2739 553 2772 ita
569 2740 701 2783 quidem
717 2741 836 2774 bellum
851 2741 1012 2774 adversus
1030 2741 1208 2783 Hungaros
1224 2739 1410 2773 confectum
1428 2746 1490 2777 est.

352 2784 385 2818 8.
433 2783 590 2818 Ceterum
618 2785 801 2829 imperator
820 2797 985 2819 murorum
998 2784 1337 2830 constantinopoleos
1353 2785 1454 2819 variis
1469 2785 1502 2819 in
1516 2785 1599 2820 locis
1614 2786 1714 2820 vetu-

261 2833 351 2865 state
366 2828 588 2875 collapsurum
604 2841 717 2864 curam
733 2831 869 2875 habuit,
897 2837 932 2865 et
945 2841 1102 2876 aquarum
1118 2830 1228 2876 inopia
1244 2831 1420 2866 laborante
1433 2831 1573 2867 civitate
1588 2841 1715 2877 aquae-
