1878 3262
251 199 348 247 384
697 198 903 242 CAROLI
935 199 1015 243 DU
1047 199 1260 244 FRESNE

107 314 136 348 P
158 315 228 351 483
361 305 493 359 p.254
505 319 542 346 v.
559 309 622 349 10.
680 303 926 359 Εὕθύμιον]
956 307 1140 347 Interfuit
1159 308 1394 360 Euthymius
1411 310 1486 349 iste
1502 311 1707 350 Novarum

245 367 456 405 Patrarum
474 363 675 416 episcopus
692 364 845 416 synodo
855 396 867 415 ‚
895 378 995 416 quae
1013 365 1058 404 A.
1080 365 1152 407 Ch.
1176 369 1284 409 1166
1302 367 1496 407 celebrata
1514 369 1591 408 fuit
1609 382 1708 408 con-

245 429 310 461 tra
327 422 566 459 Demetiium
585 421 840 473 Lampenum.
896 422 990 461 vide
1009 422 1178 460 eundem
1195 422 1398 462 Allatium.

351 491 398 516 ..v
415 481 484 520 21.
542 474 802 534 αὕθεκάστῳ]
832 478 963 517 Editio
982 479 1157 548 Tplliana
1173 480 1346 530 praefert
1361 477 1605 547 αυθεκαίνῳ.
1656 494 1707 518 an

243 534 452 586 legendum
480 530 726 590 οἷντικοιίνῳΡ
770 541 828 574 est
858 535 962 574 enim
995 532 1225 576 οἷντίκαινον
1259 536 1456 587 Hesychio
1488 534 1706 586 ἰσόκαινον,

244 605 295 630 an
324 605 419 630 vero
453 576 710 646 αὕθεκάστῳ,
741 605 859 642 quam
890 605 1028 631 vocem
1053 593 1159 631 idem
1187 592 1406 644 Hesychius
1434 589 1600 646 ἀκριβῆ,
1631 591 1707 635 αὖ·

246 646 393 702 στηρόν
414 651 471 704 τῷ
487 645 604 702 λόγῳ,
638 648 890 703 ἐλευθέριον,
922 646 1154 698 ἀξιόπιστον
1175 655 1245 688 etc.
1275 650 1592 702 interpretatur?
1639 651 1708 689 sed

243 704 310 743 hic
330 705 440 744 notio
458 706 533 743 ista
552 719 634 743 non
655 706 814 744 omnino
835 706 1019 756 quadrat.
1077 706 1234 744 mallem
1258 706 1379 758 igitur
1406 703 1621 762 ἄντικαίνῳ
1639 721 1708 746 re·

242 775 411 814 ponere,
446 761 628 813 hancque
657 762 866 814 periodum
894 764 950 801 sic
976 763 1251 815 interpretari:
1293 777 1363 815 ego
1395 772 1530 801 autem
1555 765 1710 802 iniuria

242 819 361 870 afflet
389 817 509 857 haud
535 833 652 871 aegre
671 821 836 872 patior,
865 834 912 858 ne
944 822 1099 858 actione
1126 820 1255 858 simili
1272 834 1384 858 verae
1406 828 1613 873 rectaeque
1633 819 1710 859 do-

244 877 399 914 ctrinae
420 876 578 927 officere
598 875 750 915 videar.

263 964 266 967 -
357 946 398 984 p.
417 936 499 974 257
523 946 562 972 v,
586 934 624 973 8.
681 932 751 973 καὶ
778 935 914 973 τεκνοῖ
936 932 1085 985 παῖδα]
1115 932 1240 971 Natus
1260 938 1319 970 est
1337 931 1499 972 Alexius
1520 933 1710 973 Manuelis

243 989 286 1027 F.
307 987 352 1030 A.
374 992 494 1037 1167,
524 989 555 1026 si
568 988 748 1028 Alberico
767 989 887 1037 fides,
917 990 981 1028 vel
999 992 1134 1041 potius
1157 993 1208 1031 10
1229 989 1292 1026 die
1310 991 1416 1041 Sept.
1436 989 1480 1028 A.
1502 993 1631 1041 1170,
1660 997 1710 1029 ut

243 1052 303 1084 est
323 1046 430 1098 apud
450 1045 646 1084 Codinum
668 1047 716 1084 de
738 1046 844 1097 Orig.
862 1046 932 1097 Cp.
988 1047 1080 1084 vide
1103 1052 1266 1084 stemma
1290 1046 1478 1085 Comnen.

358 1116 395 1142 v.
420 1105 483 1144 18.
541 1099 764 1143 Διονύσιόν
794 1104 904 1153 τινα]
943 1103 1118 1154 Dionysii
1147 1103 1325 1141 meminit
1357 1103 1513 1140 Nicetas
1538 1116 1620 1140 non
1646 1115 1711 1149 se-

242 1160 341 1209 mel,
379 1159 474 1197 dum
498 1157 600 1196 bella
626 1158 850 1210 Hungarica
869 1161 1108 1209 exsequitur.
1166 1159 1235 1197 sed
1254 1159 1303 1197 de
1323 1159 1390 1197 illo
1411 1160 1528 1198 silent
1546 1159 1712 1211 Hunga-

241 1216 313 1255 rici
340 1216 563 1266 scriptores
868 1260 870 1262 r

355 1286 394 1324 p.
416 1273 498 1314 259
523 1284 562 1310 v.
583 1273 625 1312 7.
685 1269 708 1312 ὁ
721 1268 798 1324 γάρ
819 1286 881 1311 τοι
897 1271 1083 1324 Βρανᾶς]
1114 1271 1215 1310 Vide
1232 1271 1408 1310 Nicetam
1423 1271 1448 1310 1.
1467 1271 1495 1313 4
1513 1285 1552 1312 n.
1569 1275 1610 1315 3.

354 1342 394 1371 v.
415 1331 479 1370 11.
536 1325 591 1380 μοὶ
610 1325 684 1378 τήν
702 1327 892 1381 βασιλέως
912 1326 1118 1381 κεφαλὴν]
1148 1327 1299 1367 Auctor
1315 1335 1372 1366 est
1385 1327 1612 1380 Xiphilinus
1625 1329 1710 1366 Ro-

240 1399 403 1425 manum
433 1390 612 1422 senatum
640 1390 730 1436 post
755 1385 883 1423 Seiani
908 1385 1066 1424 caedem
1097 1385 1335 1436 decrevisse,
1377 1391 1425 1423 ut
1442 1385 1551 1423 nulla
1569 1385 1712 1424 fierent

240 1444 422 1494 deinceps
457 1442 703 1486 iuramenta,
747 1442 821 1479 nisi
852 1454 898 1479 ea
925 1442 1176 1494 imperatoris
1205 1442 1363 1480 nomine
1370 1442 1710 1511 conciperentur:

239 1497 339 1552 μήτε
358 1514 455 1546 τους
475 1495 622 1551 ὅρκους
645 1494 712 1538 ἐπ’
734 1496 856 1538 ἄλλου
877 1495 1011 1548 τινός,
1041 1495 1148 1550 πλὴν
1168 1501 1242 1539 τοῦ
1262 1493 1554 1552 αὕτοκρατορος
1580 1502 1712 1539 ποιεῖ-

239 1561 349 1596 σθαι
405 1554 500 1593 hinc
517 1554 677 1592 crebrae
695 1554 784 1594 illae
799 1562 1136 1593 sacramentorum
1158 1555 1367 1600 formulae,
1391 1569 1466 1606 per
1473 1556 1710 1604 fortunam,

231 1627 306 1664 per
317 1614 487 1664 genium
498 1642 510 1660 ,
532 1625 608 1661 per
625 1611 798 1648 salutem
810 1613 1029 1663 principis.
1086 1612 1267 1662 Elogium
1283 1613 1325 1654 S,
1342 1611 1671 1649 Panteleemonis:

460 1664 515 1718 μοὶ
537 1670 618 1706 τοῖν
637 1669 749 1707 θεῶν
768 1668 940 1719 βέλτιστε
956 1666 1031 1719 τήν
1051 1669 1262 1722 σωτηρίαν.

238 1737 337 1776 quae
356 1724 410 1763 sic
431 1723 557 1764 vertit
573 1723 805 1762 Fredericus
824 1723 1034 1762 Metellus:

456 1781 522 1818 vir
539 1782 708 1831 optime,
738 1781 893 1817 almam
903 1795 980 1831 per
998 1780 1171 1818 salutem
1182 1781 1433 1832 principum.

237 1836 479 1888 Gregorius
469 1851 510 1875 m
521 1837 611 1875 Vita
629 1839 667 1875 S.
685 1837 817 1874 Basilii
835 1837 1005 1875 Iunioris
1025 1851 1066 1875 n.
1088 1835 1134 1877 4:
1162 1852 1213 1888 νη
1234 1834 1309 1888 τήν
1330 1835 1470 1888 υγείαν
1490 1851 1572 1876 των
1591 1836 1709 1888 βασι-

236 1893 351 1934 λέων.
400 1907 476 1944 per
500 1895 757 1945 imperatoris
784 1901 907 1944 caput
932 1894 1051 1932 etiam
1075 1893 1260 1932 iurabant
1281 1892 1502 1930 Christiani.
1560 1892 1710 1944 Synod

238 1950 477 1988 Chalcedon.
501 1951 593 1989 Can.
617 1954 689 1993 30:
718 1947 761 1990 τὸ
784 1950 842 1999 εἰς
863 1965 939 2003 την
962 1947 1145 2001 κεφαλὴν
1164 1953 1240 1991 τοῦ
1261 1948 1474 2001 βασιλέως,
1503 1944 1533 2000 ἢ
1557 1950 1614 1997 εἷς
1633 1946 1709 2000 τὴν

240 2007 395 2047 οἰκείαν
421 2008 620 2060 σωτηρίαν
646 2003 787 2075 ὀμόσαι
808 2022 911 2047 τινα.
968 2007 1196 2046 Palladius·
1185 2021 1226 2045 in
1244 2006 1344 2044 Hist.
1363 2007 1550 2044 Lausiaca
1566 2019 1599 2044 c.
1613 2009 1640 2047 2
1659 2005 1709 2043 de

240 2064 279 2101 S.
302 2063 547 2102 Potamiana:
583 2062 612 2115 ’ἦ
646 2061 690 2104 δὲ
726 2059 873 2114 οἷφίησι
905 2061 1071 2116 φωνήν,
1103 2064 1294 2112 εἰποῦσα,
1324 2078 1399 2115 την
1425 2058 1605 2114 κεφαλὴν
1635 2063 1709 2102 τοῦ

239 2118 432 2171 βασιλέως
468 2132 540 2160 σου
581 2135 629 2160 ον
663 2117 713 2159 συ
745 2121 858 2174 φοβῇ
890 2127 964 2159 etc.
1024 2120 1245 2172 Vegetiusl.
1267 2123 1291 2161 3
1312 2133 1346 2159 e.
1369 2119 1394 2161 5
1415 2118 1464 2156 de
1481 2117 1708 2157 Tir'onibus:

240 2178 382 2213 iurant
401 2184 535 2213 autem
547 2191 622 2227 per
641 2175 761 2213 deum
789 2198 845 2205 -—
875 2184 910 2214 et
931 2192 1005 2228 per
1027 2180 1280 2214 maiestatem
1298 2176 1572 2228 imperatoris,
1606 2189 1709 2226 quae

238 2230 458 2275 secundum
486 2232 605 2270 deum
629 2234 768 2284 generi
795 2233 976 2271 humano
1007 2232 1219 2286 diligenda
1249 2240 1305 2270 est
1336 2239 1372 2269 et
1399 2229 1580 2269 colenda.
1638 2231 1708 2268 sed

239 2288 290 2326 de
319 2289 509 2327 eiusmodi
541 2290 719 2327 formulis
746 2290 978 2328 consulendi
1005 2291 1195 2329 Seldenus
1225 2290 1276 2328 ad.
1301 2289 1498 2328 Marmora
1516 2287 1707 2326 Arundel.

236 2357 278 2396 p.
302 2345 382 2387 147
403 2351 443 2383 et
464 2344 635 2384 Hansen.
660 2346 708 2383 de
728 2345 896 2385 Iureiur.
919 2353 1001 2386 vet.
1024 2361 1056 2385 c.
1078 2351 1145 2390 23.

350 2415 390 2453 p-
408 2404 490 2445 260
510 2415 550 2441 v.
569 2405 609 2443 9.
668 2403 708 2442 οἳ
724 2405 806 2443 τοῖν
823 2402 862 2451 ἐξ
878 2399 1062 2455 Ἰταλίας]
1096 2404 1216 2442 Vetus
1241 2415 1286 2441 ea
1310 2400 1389 2440 suit
1419 2405 1459 2437 et
1495 2399 1579 2437 fere
1608 2413 1709 2438 con-

239 2463 346 2496 stans
372 2458 524 2510 opinio‚
565 2457 732 2497 Blachos
757 2471 827 2496 seu
852 2459 1021 2498 Vlachos
1050 2474 1072 2498 a
1097 2460 1284 2498 Romanis
1301 2470 1422 2510 genus
1442 2456 1622 2506 duxisse,
1666 2461 1724 2507 et*

239 2527 262 2550 a
291 2515 422 2552 nescio
451 2529 529 2566 quo
559 2515 734 2554 eiusdem
758 2516 884 2567 gentis
907 2516 1047 2555 Flacco
1069 2517 1274 2569 sumpsisse
1295 2514 1483 2565 originem
1508 2519 1546 2551 et
1567 2512 1708 2565 appel-

237 2570 437 2612 lationem.
480 2573 570 2610 Pius
587 2572 623 2610 ΙΙ
644 2586 707 2625 pp.
730 2572 779 2610 de
799 2572 999 2614 Valachis:
1023 2581 1226 2626 postremo
1244 2572 1447 2611 Romanis
1462 2571 1589 2607 armis
1606 2569 1708 2608 sub-

239 2628 323 2664 acti
350 2641 399 2664 ac
430 2626 548 2665 deleti
567 2637 684 2679 sunt,
715 2637 750 2667 et
776 2631 933 2667 colonia
954 2632 1255 2679 Romanorum,
1287 2642 1391 2680 quae
1412 2626 1531 2664 daces
1552 2639 1707 2664 coerce-

238 2690 317 2732 ret,
348 2698 389 2720 eo
407 2681 582 2722 deducta
601 2684 702 2723 duce
721 2685 897 2738 quodam
917 2687 1065 2724 Flacco
1077 2717 1088 2737 ‚
1118 2700 1146 2723 a
1169 2699 1248 2737 quo
1265 2685 1434 2723 Flaccia
1452 2689 1705 2734 nuncupata.

241 2741 330 2777 exin
351 2739 470 2791 longo
492 2743 680 2792 temporis
698 2750 835 2780 tractu
852 2750 1060 2794 corrupto,
1090 2742 1218 2793 utfit,
1247 2741 1464 2790 vocabalo,
1500 2740 1546 2779 V
1537 2739 1706 2778 alachin

242 2795 373 2846 dicta,
404 2804 440 2834 et
458 2811 535 2848 pro
554 2798 734 2835 Flac-ciis
769 2799 814 2837 V
808 2799 948 2836 alachi
965 2799 1174 2850 appellati.
1236 2798 1304 2836 sed
1321 2799 1413 2836 licet
1431 2796 1535 2835 hanc
1553 2795 1603 2834 de
1622 2794 1705 2835 Va-

240 2852 448 2892 lachorum
472 2853 619 2906 origine
640 2855 872 2894 sententiam
884 2886 896 2906 ,
924 2860 972 2893 ut
987 2854 1131 2894 fabulis
1148 2853 1324 2894 innixam
1341 2858 1503 2907 respuat
1521 2852 1706 2892 damnet-
