1878 3262
358 203 418 246 IN
437 201 752 246 HISTORIAM
769 203 996 246 IOANNIS
1018 203 1248 247 CINNAMI
1268 205 1471 250 NOTAE.
1558 207 1657 252 359

187 326 281 352 nam
299 311 372 351 etsi
386 326 471 351 non·
488 312 609 350 semel
627 312 679 351 de
696 312 772 351 hae
795 313 989 366 dignitate
1011 327 1232 354 sermonem
1249 316 1405 367 ingerat
1425 315 1538 355 idem-
1551 317 1655 355 scri-

188 377 303 422 ptor,
330 369 380 407 de
397 369 608 407 functione*
623 370 695 408 ista
714 371 816 408 silet.
859 371 1033 410 occurrit
1049 377 1254 424 praeterea
1273 373 1520 426 primicerius
1541 374 1654 413 aulae

188 426 295 479 apud
315 426 632 464 Cantacuzenum
653 427 679 464 1.
700 430 725 468 3
747 441 780 468 c.
801 430 870 471 32.

298 497 337 535 p.
353 484 432 525 185
451 496 490 522 v.
501 486 537 525 9.
569 486 648 523 τῶν
660 480 719 524 ἐπ’
735 481 969 534 οἶδελφιδαῖς
980 480 1092 538 αὗτῷ
1104 485 1312 539 γαμβρῶν]
1324 486 1492 539 Tyrius:
1509 488 1654 525 statim
1675 493 1705 529 P
1728 495 1795 531 464

187 541 229 578 in
253 554 466 578 occursum
488 541 524 578 ei
543 539 595 577 ab
618 554 660 578 eo
685 538 926 593 diriguntur
946 539 1026 578 duo
1050 549 1209 592 nepotes
1241 544 1347 592 eius,
1372 545 1540 593 fratres
1565 551 1656 582 ute-

187 598 292 647 rini,
336 597 501 635 Ioannes
525 595 711 635 videlicet
722 597 999 649 protosebasto
1028 605 1065 634 et
1083 598 1258 636 Alexius
1275 607 1559 651 protostrator,
1580 604 1655 653 qui

185 655 290 691 inter
308 654 492 691 illustres
509 655 620 691 sacri
641 654 803 705 palatii
817 656 1002 706 primum
1020 654 1252 693 obtinebant
1274 657 1420 707 locum,
1448 672 1541 696 cum
1559 673 1652 696 ma-

183 712 290 748 ximo
306 711 506 749 nobilium
524 712 734 749 comitatu.
791 711 858 762 qui
886 711 1044 762 quidem
1062 711 1224 750 Alexius
1247 720 1518 763 protostrator
1546 715 1651 753 filius

182 767 258 805 fuit
274 767 430 806 Ioannis
451 767 609 806 Axuchi
627 781 678 805 m.
703 768 906 806 domestici
935 774 975 806 et
1005 769 1172 806 maritus
1191 768 1295 806 filiae
1315 770 1443 809 Alexii
1460 772 1650 810 Comneni

179 824 338 863 Ioannis
354 825 450 876 imp⁸
472 824 541 862 filii
561 825 822 876 primogeniti.
881 839 919 863 v.
939 830 1102 863 stemma
1124 826 1312 864 Comnen.

291 894 331 920 V.
352 881 416 923 115.
476 880 578 921 ἔνθα
594 881 662 921 καὶ
679 879 889 934 βασιλεῦς]
918 882 1071 920 Nemini
1093 882 1237 934 quippe
1263 895 1364 933 equo
1391 883 1577 922 insidenti
1605 883 1647 922 in

179 936 371 988 palatium
404 938 546 976 licebat
569 938 724 989 ingredi
757 945 1040 991 praeterquam-
1062 939 1140 991 ipsi
1164 939 1236 978 seli
1254 940 1496 992 imperatori.
1553 941 1646 980 vide

179 1007 279 1044 quae
299 1001 483 1033 notamus
501 995 553 1033 ad
572 995 762 1034 villhard.
784 1009 823 1034 n.
845 998 938 1038 111.

291 1066 332 1091 v.
356 1055 420 1095 18.
480 1052 599 1104 ἕδραν
616 1051 659 1092 δέ
675 1068 765 1093 τινα
781 1049 1016 1105 χθαμαλὴν]
1039 1053 1295 1104 Prosequitur
1312 1054 1474 1104 Tyrius:
1503 1052 1647 1091 deinde

178 1108 281 1158 ipsis
309 1122 398 1146 eum
426 1107 666 1147 ducentibus
696 1123 824 1162 usque
853 1109 911 1147 ad
942 1113 1093 1148 ostium
1124 1113 1310 1159 tentorii,
1354 1110 1427 1148 ubi
1452 1109 1646 1148 dominus

177 1165 397 1215 imperator
416 1180 507 1203 cum
527 1167 616 1203 suis
637 1167 872 1205 illustribus
890 1166 1109 1217 residebat,
1150 1181 1243 1204 cum
1260 1167 1391 1204 multa
1410 1167 1550 1219 gloria
1576 1169 1646 1205 in-

176 1220 413 1272 troductus,
443 1222 740 1262 humanissime
769 1224 821 1261 ab
851 1238 893 1261 eo
919 1225 1132 1262 salutatus
1160 1231 1197 1262 et
1223 1223 1282 1262 ad
1312 1224 1497 1261 osculum
1523 1226 1645 1275 pacis

175 1285 348 1328 erectus,
384 1293 497 1318 secus
519 1294 609 1317 eum
635 1282 681 1318 in
702 1279 792 1318 sede
816 1281 1008 1330 honesta,
1048 1280 1268 1318 humiliore
1293 1288 1446 1331 tamen,
1485 1281 1644 1319 locatus

173 1341 243 1374 est.
271 1335 329 1373 ita
348 1349 438 1374 cum
458 1336 676 1376 Amalricus
699 1337 891 1376 Hierosol.
912 1350 983 1376 rex
1004 1338 1387 1389 Constantinopolim
1406 1337 1458 1376 ad
1475 1337 1643 1376 Manu‘e-

172 1390 250 1428 lem
267 1394 400 1442 venit,
429 1395 546 1431 iuxta
569 1408 657 1432 eum
684 1393 873 1433 dominus
900 1409 968 1433 rex
994 1395 1138 1432 tlzrono
1165 1394 1270 1432 sedit
1289 1394 1471 1441 lzonesto,
1500 1395 1643 1432 llumi-

173 1447 272 1485 liore
290 1456 424 1486 tamen
456 1450 512 1488 ait
527 1451 631 1488 idem
650 1451 794 1503 Tyrius
810 1452 836 1491 l.
853 1455 909 1493 20
929 1466 962 1492 c.
981 1453 1050 1495 24.
1079 1465 1120 1494 V.
1144 1452 1377 1490 Cilmflmum
1399 1465 1440 1503 P·
1455 1454 1555 1493 206·

283 1519 324 1557 p.
343 1509 421 1548 186
438 1519 478 1546 v.
504 1510 567 1550 12.
597 1507 663 1548 ἐπὶ
689 1505 877 1562 Τερόζην]
909 1508 1198 1547 Reconciliatus
1220 1515 1281 1547 est
1298 1508 1450 1560 pariter
1466 1508 1640 1547 manueli
1658 1561 1660 1563 v

169 1561 299 1600 Toros
313 1562 521 1601 Armeniae
539 1565 711 1616 regulus.
741 1578 825 1603 rem
843 1572 983 1604 narrat
1005 1566 1151 1616 Tyrius
1174 1565 1262 1603 loco
1287 1567 1420 1603 citato.

284 1632 323 1670 p.
347 1622 427 1661 187
445 1634 485 1659 v.
511 1624 572 1662 10.
625 1622 682 1670 εἷς
704 1619 748 1662 δὲ
768 1620 842 1673 τήν
863 1618 1011 1673 πόλιν]
1043 1622 1236 1660 ΜειιιιὲΙίε
1257 1622 1299 1659 in
1324 1621 1465 1660 urbem
1492 1619 1641 1659 Antio-

170 1673 334 1715 chenam
364 1689 516 1716 summo
547 1691 639 1716 cum
666 1685 859 1730 apparatu
879 1680 1098 1730 ingressum
1126 1678 1314 1717 describit
1334 1678 1450 1716 etiam
1468 1677 1638 1718 Nicetas.

169 1731 237 1768 sed
257 1732 304 1769 in
318 1733 457 1784 primis
477 1735 697 1774 audiendus
718 1735 794 1774 hac
815 1736 863 1773 de
879 1749 922 1774 re
936 1736 1098 1787 Tyrius:
1124 1743 1295 1786 peracta
1311 1737 1444 1787 igitur
1462 1737 1506 1772 in
1532 1734 1639 1773 Cili-⁷

168 1789 236 1826 cia
260 1788 489 1828 dominicae
510 1792 691 1842 paschae
719 1794 993 1843 solemnitate,
1034 1794 1288 1830 transcursis
1308 1792 1450 1829 diebus
1473 1791 1638 1829 celebri-

168 1843 262 1894 bus,
300 1860 441 1884 versus
473 1848 741 1887 Antiochiam
768 1851 963 1887 exercitus
992 1847 1139 1901 dirigit
1179 1857 1215 1886 et
1255 1848 1484 1901 legionibus
1509 1862 1638 1899 usque

168 1900 229 1939 ad
252 1903 390 1940 urbem
410 1905 633 1955 applicatis
654 1920 733 1956 pro
751 1906 923 1956 foribus
949 1908 1038 1944 eius
1056 1905 1220 1943 adstitit
1239 1907 1284 1943 in
1300 1906 1468 1957 infinita
1491 1905 1637 1942 multi-

166 1956 309 1995 tudine
315 1959 585 2010 formidabili
593 1977 605 1998 .·
635 1962 708 1999 ubi
731 1961 923 2000 dominus
942 1963 1189 2014 patriarcha
1208 1977 1300 2000 cum
1322 1964 1507 2000 universo
1530 1962 1637 1999 clero

165 2021 204 2051 et
220 2016 376 2066 populo
407 2030 498 2054 cum
529 2017 704 2055 textibus
735 2021 1038 2070 evangeliorum
1067 2026 1103 2056 et
1127 2018 1357 2057 omnimodo
1376 2019 1636 2056 ecclesiarum

165 2079 318 2108 ornatu
347 2072 496 2110 obvius
524 2073 678 2125 adfuit.
742 2089 811 2112 rex
839 2090 995 2127 quoque
1021 2088 1112 2113 cum
1131 2077 1318 2127 principe
1348 2074 1526 2113 eiusdem
1553 2075 1634 2111 loci

162 2135 200 2165 et
221 2129 530 2168 Asoalonitano*
548 2132 691 2169 comite
719 2145 812 2169 cum
837 2134 1038 2171 universis
1068 2139 1155 2170 tam
1184 2135 1301 2182 regni
1327 2144 1453 2181 quam
1478 2130 1632 2168 Antio-

163 2184 277 2223 chem·
288 2180 550 2238 principatus
570 2188 807 2239 proceribus
826 2190 862 2226 ei
877 2189 1039 2227 obviam
1057 2191 1206 2236 exiens,
1239 2200 1333 2224 cum
1352 2200 1515 2224 summa
1534 2188 1632 2239 glo-

162 2243 229 2279 ria
256 2244 464 2294 imperiali
488 2243 718 2282 diademate
745 2245 979 2284 laureatum
1007 2253 1044 2283 et
1073 2243 1368 2294 augustalibus
1394 2242 1633 2281 decoratum

160 2299 394 2351 insignibus
423 2315 515 2339 cum
539 2302 735 2339 tubarum
757 2301 931 2340 stridore
958 2305 996 2335 et
1023 2306 1308 2350 tympanorum
1334 2302 1506 2352 strepitu
1539 2315 1631 2338 cum

161 2354 322 2406 hymnis
339 2364 382 2395 et·
400 2360 575 2396 canticis
593 2358 637 2394 in
656 2359 792 2392 urbem
810 2354 1079 2393 introducunt
1107 2363 1144 2394 et
1172 2371 1301 2408 usque
1328 2356 1388 2394 ad
1411 2356 1631 2396 cathedra-

160 2411 236 2448 lem
269 2414 495 2460 ecclesiam,
550 2410 609 2449 ad
639 2411 854 2449 basilicam
882 2411 1067 2452 videlicet
1104 2414 1378 2465 apostolorum
1407 2415 1629 2465 principis,

161 2465 302 2505 deinde
328 2467 390 2506 ad-
404 2469 619 2520 palatium
649 2483 742 2507 cum
773 2467 905 2508 eodem
926 2477 1100 2522 patrum
1126 2477 1162 2508 et
1189 2470 1321 2522 plebis
1344 2472 1631 2522 prosecutione

160 2521 377 2563 deducunt.

271 2594 310 2619 v.
329 2585 394 2623 23.
452 2582 654 2635 βασίλειον
678 2580 957 2633 παραθέοντας
979 2582 1129 2634 ἵππον]
1160 2582 1206 2621 ld
1219 2583 1349 2635 ipsum
1371 2585 1626 2636 praestiterat

160 2635 237 2673 iam
275 2643 366 2675 ante
397 2639 645 2678 Raimundus
679 2639 886 2691 princePS,
934 2653 1026 2678 cum
1050 2640 1215 2678 Ioannes
1241 2641 1334 2693 imp.
1370 2641 1625 2681 Antiochiam

160 2692 330 2744 primum
351 2694 546 2746 ingressus
563 2702 633 2735 est.
693 2697 836 2747 Tyrius
852 2696 879 2734 l.
903 2697 955 2739 15
978 2710 1010 2736 c.
1032 2695 1080 2737 4:
1129 2700 1366 2750 perveniens
1380 2700 1514 2750 igitur
1527 2699 1622 2737 An·-

161 2749 354 2787 tioclziam
372 2751 562 2790 dominus
584 2754 822 2804 imperator,
851 2767 942 2792 cum
958 2755 1071 2805 filiis
1095 2756 1183 2793 suis
1208 2762 1245 2792 et
1259 2756 1558 2807 familiaribus
1586 2762 1622 2791 et

161 2806 314 2843 militia
333 2821 413 2844 non
431 2809 590 2846 modica
607 2809 666 2847 ad
683 2810 819 2848 urbem
834 2812 1062 2862 ingressus,
1104 2809 1266 2850 domino
1278 2814 1466 2864 principe
1492 2811 1622 2850 domi·-

161 2877 291 2914 noque
311 2865 454 2902 comite
469 2869 662 2905 stratoris!
681 2867 866 2920 officium
890 2868 1192 2921 exsequentibus
1213 2874 1287 2911 etc.
