<?xml version="1.0" encoding="UTF-8"?>
<!DOCTYPE html PUBLIC "-//W3C//DTD XHTML 1.0 Transitional//EN"
    "http://www.w3.org/TR/xhtml1/DTD/xhtml1-transitional.dtd">
<html xmlns="http://www.w3.org/1999/xhtml" xml:lang="en" lang="en">
 <head>
  <title>
</title>
<meta http-equiv="Content-Type" content="text/html;charset=utf-8" />
  <meta name='ocr-system' content='tesseract 3.04.00' />
  <meta name='ocr-capabilities' content='ocr_page ocr_carea ocr_par ocr_line ocrx_word'/>
</head>
<body>
  <div class='ocr_page' id='page_1' title='image "./corpusscriptorum26niebuoft_0194.png"; bbox 0 0 1878 3262; ppageno 0'>
   <div class='ocr_carea' id='block_1_1' title="bbox 253 227 1214 281">
    <p class='ocr_par' dir='ltr' id='par_1_1' title="bbox 253 227 1214 281">
     <span class='ocr_line' id='line_1_1' title="bbox 253 227 1214 281; baseline -0.012 0"><span class='ocrx_word' id='word_1_1' title='bbox 253 235 345 281; x_wconf 79' lang='lat'><strong>162</strong></span> <span class='ocrx_word' id='word_1_2' title='bbox 729 227 952 271; x_wconf 77' lang='lat' dir='ltr'><strong>loANle</strong></span> <span class='ocrx_word' id='word_1_3' title='bbox 985 227 1214 271; x_wconf 79' lang='lat' dir='ltr'><strong>CINNAMI</strong></span> 
     </span>
    </p>
   </div>
   <div class='ocr_carea' id='block_1_2' title="bbox 123 339 1748 1902">
    <p class='ocr_par' dir='ltr' id='par_1_2' title="bbox 246 339 1697 459">
     <span class='ocr_line' id='line_1_2' title="bbox 246 339 1697 405; baseline -0.003 -17"><span class='ocrx_word' id='word_1_4' title='bbox 246 350 316 405; x_wconf 57' lang='grc' dir='ltr'><strong>φὴς</strong></span> <span class='ocrx_word' id='word_1_5' title='bbox 355 347 462 395; x_wconf 84' lang='grc' dir='ltr'><strong><em>ὅστις</em></strong></span> <span class='ocrx_word' id='word_1_6' title='bbox 500 344 558 398; x_wconf 67' lang='grc' dir='ltr'><strong><em>εἴη</em></strong></span> <span class='ocrx_word' id='word_1_7' title='bbox 597 342 764 400; x_wconf 75' lang='grc' dir='ltr'><strong><em>γεγονὼς</em></strong></span> <span class='ocrx_word' id='word_1_8' title='bbox 798 342 967 401; x_wconf 85' lang='grc' dir='ltr'><strong><em>χρυσίου</em></strong></span> <span class='ocrx_word' id='word_1_9' title='bbox 1003 339 1111 384; x_wconf 85' lang='grc' dir='ltr'><strong><em>δόσει</em></strong></span> <span class='ocrx_word' id='word_1_10' title='bbox 1137 340 1205 384; x_wconf 86' lang='grc' dir='ltr'><strong>τὸν</strong></span> <span class='ocrx_word' id='word_1_11' title='bbox 1231 340 1482 397; x_wconf 76' lang='grc' dir='ltr'><strong><em>κατασχόντα</em></strong></span> <span class='ocrx_word' id='word_1_12' title='bbox 1507 339 1697 384; x_wconf 74' lang='grc' dir='ltr'><strong><em>ὑπελθὼν</em></strong></span> 
     </span>
     <span class='ocr_line' id='line_1_3' title="bbox 246 414 538 459; baseline -0.017 0"><span class='ocrx_word' id='word_1_13' title='bbox 246 416 387 459; x_wconf 67' lang='grc' dir='ltr'><strong><em>ἑαυτὸν</em></strong></span> <span class='ocrx_word' id='word_1_14' title='bbox 411 414 538 456; x_wconf 66' lang='grc' dir='ltr'><strong><em>ἔλυσε.</em></strong></span> 
     </span>
    </p>

    <p class='ocr_par' dir='ltr' id='par_1_3' title="bbox 123 475 1748 1152">
     <span class='ocr_line' id='line_1_4' title="bbox 123 475 1694 536; baseline -0.004 -12"><span class='ocrx_word' id='word_1_15' title='bbox 123 491 151 524; x_wconf 89' lang='grc' dir='ltr'>Ρ</span> <span class='ocrx_word' id='word_1_16' title='bbox 175 490 220 526; x_wconf 83' lang='grc'><strong>94</strong></span> <span class='ocrx_word' id='word_1_17' title='bbox 384 482 457 526; x_wconf 90' lang='grc'><strong>11.</strong></span> <span class='ocrx_word' id='word_1_18' title='bbox 522 480 752 534; x_wconf 75' lang='grc' dir='ltr'><strong><em>“Ρωμαίους</em></strong></span> <span class='ocrx_word' id='word_1_19' title='bbox 778 479 821 522; x_wconf 75' lang='grc' dir='ltr'><strong>δὲ</strong></span> <span class='ocrx_word' id='word_1_20' title='bbox 847 477 963 536; x_wconf 78' lang='grc' dir='ltr'><strong><em>φήμη</em></strong></span> <span class='ocrx_word' id='word_1_21' title='bbox 989 495 1048 528; x_wconf 89' lang='grc' dir='ltr'><strong>τις</strong></span> <span class='ocrx_word' id='word_1_22' title='bbox 1074 477 1260 534; x_wconf 69' lang='grc' dir='ltr'><strong><em>περιέπτη</em></strong></span> <span class='ocrx_word' id='word_1_23' title='bbox 1284 475 1339 526; x_wconf 81' lang='grc' dir='ltr'><strong>ὥς</strong></span> <span class='ocrx_word' id='word_1_24' title='bbox 1358 478 1398 518; x_wconf 92' lang='grc' dir='ltr'>Γ</span> <span class='ocrx_word' id='word_1_25' title='bbox 1396 479 1567 531; x_wconf 84' lang='grc' dir='ltr'><strong><em>ιλιέλμος</em></strong></span> <span class='ocrx_word' id='word_1_26' title='bbox 1590 475 1694 518; x_wconf 69' lang='grc' dir='ltr'><strong><em>ἕπει-</em></strong></span> 
     </span>
     <span class='ocr_line' id='line_1_5' title="bbox 243 544 1693 608; baseline -0.005 -15"><span class='ocrx_word' id='word_1_27' title='bbox 243 568 306 593; x_wconf 87' lang='grc' dir='ltr'><strong>σιν</strong></span> <span class='ocrx_word' id='word_1_28' title='bbox 333 550 451 608; x_wconf 68' lang='grc' dir='ltr'><strong><em>ὀλίγῳ</em></strong></span> <span class='ocrx_word' id='word_1_29' title='bbox 488 548 655 605; x_wconf 77' lang='grc' dir='ltr'><strong><em>ὕστερον</em></strong></span> <span class='ocrx_word' id='word_1_30' title='bbox 682 546 871 602; x_wconf 83' lang='grc' dir='ltr'><strong><em>δυνάμεις</em></strong></span> <span class='ocrx_word' id='word_1_31' title='bbox 905 546 1148 603; x_wconf 89' lang='grc' dir='ltr'><strong><em>ἐπαγόμενος</em></strong></span> <span class='ocrx_word' id='word_1_32' title='bbox 1171 547 1340 602; x_wconf 78' lang='grc' dir='ltr'><strong><em>βαρείας</em></strong></span> <span class='ocrx_word' id='word_1_33' title='bbox 1364 544 1628 603; x_wconf 79' lang='grc' dir='ltr'><strong><em>ήπειρώτιδάς</em></strong></span> <span class='ocrx_word' id='word_1_34' title='bbox 1653 562 1693 586; x_wconf 88' lang='grc' dir='ltr'><strong>τε</strong></span> 
     </span>
     <span class='ocr_line' id='line_1_6' title="bbox 241 611 1726 668; baseline -0.005 -7"><span class='ocrx_word' id='word_1_35' title='bbox 241 621 307 662; x_wconf 80' lang='grc' dir='ltr'><strong>καὶ</strong></span> <span class='ocrx_word' id='word_1_36' title='bbox 334 616 536 668; x_wconf 84' lang='grc' dir='ltr'><strong><em>ναυτικάς.</em></strong></span> <span class='ocrx_word' id='word_1_37' title='bbox 606 616 703 659; x_wconf 80' lang='grc' dir='ltr'><strong><em>ὅθεν</em></strong></span> <span class='ocrx_word' id='word_1_38' title='bbox 730 619 796 659; x_wconf 85' lang='grc' dir='ltr'><strong>καὶ</strong></span> <span class='ocrx_word' id='word_1_39' title='bbox 823 618 865 658; x_wconf 84' lang='grc' dir='ltr'><strong>ἐκ</strong></span> <span class='ocrx_word' id='word_1_40' title='bbox 890 621 971 659; x_wconf 82' lang='grc' dir='ltr'><strong>τῶν</strong></span> <span class='ocrx_word' id='word_1_41' title='bbox 997 613 1163 657; x_wconf 88' lang='grc' dir='ltr'><strong><em>ἐνόντων</em></strong></span> <span class='ocrx_word' id='word_1_42' title='bbox 1201 611 1540 667; x_wconf 78' lang='grc' dir='ltr'><strong><em>συσκευασάμενοι</em></strong></span> <span class='ocrx_word' id='word_1_43' title='bbox 1564 611 1696 668; x_wconf 70' lang='grc' dir='ltr'><strong><em>ἡσυχῆ</em></strong></span> <span class='ocrx_word' id='word_1_44' title='bbox 1705 623 1726 658; x_wconf 85' lang='grc'><strong>5</strong></span> 
     </span>
     <span class='ocr_line' id='line_1_7' title="bbox 239 679 1700 741; baseline -0.004 -13"><span class='ocrx_word' id='word_1_45' title='bbox 239 687 390 741; x_wconf 58' lang='grc' dir='ltr'><strong><em>ἐζιιενον.</em></strong></span> <span class='ocrx_word' id='word_1_46' title='bbox 459 685 570 729; x_wconf 63' lang='grc' dir='ltr'><strong><em>οὔπω</em></strong></span> <span class='ocrx_word' id='word_1_47' title='bbox 605 687 648 728; x_wconf 74' lang='grc' dir='ltr'><strong>δὲ</strong></span> <span class='ocrx_word' id='word_1_48' title='bbox 682 686 839 740; x_wconf 74' lang='grc' dir='ltr'><strong><em>πέμπτη</em></strong></span> <span class='ocrx_word' id='word_1_49' title='bbox 874 684 970 739; x_wconf 78' lang='grc' dir='ltr'><strong><em>μετ’</em></strong></span> <span class='ocrx_word' id='word_1_50' title='bbox 1007 685 1154 738; x_wconf 79' lang='grc' dir='ltr'><strong><em>ἐκείνην</em></strong></span> <span class='ocrx_word' id='word_1_51' title='bbox 1190 681 1321 739; x_wconf 69' lang='grc' dir='ltr'><strong><em>ἡμέρα</em></strong></span> <span class='ocrx_word' id='word_1_52' title='bbox 1355 679 1596 738; x_wconf 76' lang='grc' dir='ltr'><strong><em>ἐφειστήκει,</em></strong></span> <span class='ocrx_word' id='word_1_53' title='bbox 1628 682 1700 723; x_wconf 86' lang='grc' dir='ltr'><strong>καί</strong></span> 
     </span>
     <span class='ocr_line' id='line_1_8' title="bbox 238 749 1696 808; baseline -0.004 -12"><span class='ocrx_word' id='word_1_54' title='bbox 238 773 300 806; x_wconf 86' lang='grc' dir='ltr'><strong>τις</strong></span> <span class='ocrx_word' id='word_1_55' title='bbox 325 756 367 797; x_wconf 85' lang='grc' dir='ltr'><strong>ἐκ</strong></span> <span class='ocrx_word' id='word_1_56' title='bbox 394 759 467 797; x_wconf 79' lang='grc' dir='ltr'><strong><em>τοῦ</em></strong></span> <span class='ocrx_word' id='word_1_57' title='bbox 491 758 571 797; x_wconf 81' lang='grc' dir='ltr'><strong>τῶν</strong></span> <span class='ocrx_word' id='word_1_58' title='bbox 604 755 803 807; x_wconf 83' lang='grc' dir='ltr'><strong><em>πολεμίων</em></strong></span> <span class='ocrx_word' id='word_1_59' title='bbox 830 751 1112 806; x_wconf 77' lang='grc' dir='ltr'><strong><em>αὐτομολήσας</em></strong></span> <span class='ocrx_word' id='word_1_60' title='bbox 1145 754 1322 808; x_wconf 80' lang='grc' dir='ltr'><strong><em>στρατοῦ</em></strong></span> <span class='ocrx_word' id='word_1_61' title='bbox 1346 751 1387 791; x_wconf 92' lang='grc' dir='ltr'><strong><em>Γ</em></strong></span> <span class='ocrx_word' id='word_1_62' title='bbox 1384 751 1557 803; x_wconf 83' lang='grc' dir='ltr'><strong><em>ιλίελμον</em></strong></span> <span class='ocrx_word' id='word_1_63' title='bbox 1583 749 1696 804; x_wconf 78' lang='grc' dir='ltr'><strong><em>ἐγγὺς</em></strong></span> 
     </span>
     <span class='ocr_line' id='line_1_9' title="bbox 237 817 1696 880; baseline -0.005 -15"><span class='ocrx_word' id='word_1_64' title='bbox 237 830 421 880; x_wconf 79' lang='grc' dir='ltr'><strong><em>παρεῖναι</em></strong></span> <span class='ocrx_word' id='word_1_65' title='bbox 447 821 588 877; x_wconf 89' lang='grc' dir='ltr'><strong><em>ἐμήνυε</em></strong></span> <span class='ocrx_word' id='word_1_66' title='bbox 609 821 841 876; x_wconf 68' lang='grc' dir='ltr'><strong>ςΡωμαίους</strong></span> <span class='ocrx_word' id='word_1_67' title='bbox 867 819 921 871; x_wconf 79' lang='grc' dir='ltr'><strong>ὡς</strong></span> <span class='ocrx_word' id='word_1_68' title='bbox 944 822 985 863; x_wconf 92' lang='grc' dir='ltr'><strong><em>ἐν</em></strong></span> <span class='ocrx_word' id='word_1_69' title='bbox 1011 820 1155 877; x_wconf 77' lang='grc' dir='ltr'><strong><em>ἄρκυσι</em></strong></span> <span class='ocrx_word' id='word_1_70' title='bbox 1182 817 1500 874; x_wconf 81' lang='grc' dir='ltr'><strong><em>συλληψόμενον.</em></strong></span> <span class='ocrx_word' id='word_1_71' title='bbox 1567 821 1696 859; x_wconf 78' lang='grc' dir='ltr'><strong><em>ταῦτα</em></strong></span> 
     </span>
     <span class='ocr_line' id='line_1_10' title="bbox 237 886 1694 947; baseline -0.005 -14"><span class='ocrx_word' id='word_1_72' title='bbox 237 893 275 933; x_wconf 78' lang='grc' dir='ltr'><strong>οἳ</strong></span> <span class='ocrx_word' id='word_1_73' title='bbox 296 890 513 944; x_wconf 68' lang='grc' dir='ltr'><strong>ε,Ρωμαίων</strong></span> <span class='ocrx_word' id='word_1_74' title='bbox 540 889 782 940; x_wconf 73' lang='grc' dir='ltr'><strong><em>ἀκούσαντες</em></strong></span> <span class='ocrx_word' id='word_1_75' title='bbox 815 891 1031 947; x_wconf 81' lang='grc' dir='ltr'><strong><em>στρατηγοὶ</em></strong></span> <span class='ocrx_word' id='word_1_76' title='bbox 1065 888 1134 930; x_wconf 82' lang='grc' dir='ltr'><strong>τὸν</strong></span> <span class='ocrx_word' id='word_1_77' title='bbox 1160 886 1335 941; x_wconf 86' lang='grc' dir='ltr'><strong><em>πόλεμον</em></strong></span> <span class='ocrx_word' id='word_1_78' title='bbox 1359 886 1437 942; x_wconf 72' lang='grc' dir='ltr'><strong>ἤδη</strong></span> <span class='ocrx_word' id='word_1_79' title='bbox 1466 886 1694 943; x_wconf 70' lang='grc' dir='ltr'><strong><em>διέγραφον.</em></strong></span> 
     </span>
     <span class='ocr_line' id='line_1_11' title="bbox 235 954 1748 1012; baseline -0.003 -11"><span class='ocrx_word' id='word_1_80' title='bbox 235 958 363 1002; x_wconf 82' lang='grc' dir='ltr'><strong><em>ἐδόκει</em></strong></span> <span class='ocrx_word' id='word_1_81' title='bbox 400 961 532 1002; x_wconf 84' lang='grc' dir='ltr'><strong><em>τοίνυν</em></strong></span> <span class='ocrx_word' id='word_1_82' title='bbox 569 962 811 1012; x_wconf 77' lang='grc' dir='ltr'><strong><em>Βασαβίλαν</em></strong></span> <span class='ocrx_word' id='word_1_83' title='bbox 845 959 919 1012; x_wconf 76' lang='grc' dir='ltr'><strong><em>μὲν</em></strong></span> <span class='ocrx_word' id='word_1_84' title='bbox 957 959 1022 999; x_wconf 81' lang='grc' dir='ltr'><strong>καὶ</strong></span> <span class='ocrx_word' id='word_1_85' title='bbox 1045 955 1232 1011; x_wconf 80' lang='grc' dir='ltr'><em>Ἰωάννην</em></span> <span class='ocrx_word' id='word_1_86' title='bbox 1257 956 1326 998; x_wconf 84' lang='grc' dir='ltr'><strong>τὸν</strong></span> <span class='ocrx_word' id='word_1_87' title='bbox 1343 955 1527 1011; x_wconf 78' lang='grc' dir='ltr'><strong><em>Ἄγγελον</em></strong></span> <span class='ocrx_word' id='word_1_88' title='bbox 1552 954 1597 996; x_wconf 84' lang='grc' dir='ltr'><strong><em>τὸ</em></strong></span> <span class='ocrx_word' id='word_1_89' title='bbox 1623 972 1694 1007; x_wconf 88' lang='grc' dir='ltr'><strong><em>μι-</em></strong></span> <span class='ocrx_word' id='word_1_90' title='bbox 1706 963 1748 998; x_wconf 84' lang='grc'><strong>10</strong></span> 
     </span>
     <span class='ocr_line' id='line_1_12' title="bbox 234 1024 1701 1084; baseline -0.004 -15"><span class='ocrx_word' id='word_1_91' title='bbox 234 1028 485 1084; x_wconf 73' lang='grc' dir='ltr'><strong><em>σθοᾳορικὸν</em></strong></span> <span class='ocrx_word' id='word_1_92' title='bbox 520 1026 627 1068; x_wconf 82' lang='grc' dir='ltr'><strong><em>ἅπαν</em></strong></span> <span class='ocrx_word' id='word_1_93' title='bbox 663 1026 828 1080; x_wconf 65' lang='grc' dir='ltr'><strong><em>ἔχοντας</em></strong></span> <span class='ocrx_word' id='word_1_94' title='bbox 863 1028 929 1068; x_wconf 80' lang='grc' dir='ltr'><strong>καὶ</strong></span> <span class='ocrx_word' id='word_1_95' title='bbox 956 1026 1050 1075; x_wconf 78' lang='grc' dir='ltr'><strong><em>τοὺς</em></strong></span> <span class='ocrx_word' id='word_1_96' title='bbox 1085 1024 1171 1067; x_wconf 82' lang='grc' dir='ltr'><strong><em>ὅσοι</em></strong></span> <span class='ocrx_word' id='word_1_97' title='bbox 1198 1026 1240 1074; x_wconf 78' lang='grc' dir='ltr'><strong>ἐξ</strong></span> <span class='ocrx_word' id='word_1_98' title='bbox 1261 1024 1432 1074; x_wconf 87' lang='grc' dir='ltr'><strong><em>Ἰταλίας</em></strong></span> <span class='ocrx_word' id='word_1_99' title='bbox 1455 1028 1514 1082; x_wconf 55' lang='lat' dir='ltr'><strong>‘ug‘</strong></span> <span class='ocrx_word' id='word_1_100' title='bbox 1536 1025 1701 1077; x_wconf 81' lang='grc' dir='ltr'><strong><em>βασιλεῖ’</em></strong></span> 
     </span>
     <span class='ocr_line' id='line_1_13' title="bbox 232 1089 1693 1152; baseline -0.003 -15"><span class='ocrx_word' id='word_1_101' title='bbox 232 1094 570 1152; x_wconf 76' lang='grc' dir='ltr'><strong><em>προσεχώρησαν,</em></strong></span> <span class='ocrx_word' id='word_1_102' title='bbox 605 1094 674 1136; x_wconf 83' lang='grc' dir='ltr'><strong>τὸν</strong></span> <span class='ocrx_word' id='word_1_103' title='bbox 700 1096 742 1136; x_wconf 83' lang='grc' dir='ltr'><strong>ἐκ</strong></span> <span class='ocrx_word' id='word_1_104' title='bbox 776 1099 848 1149; x_wconf 80' lang='grc' dir='ltr'><strong><em>τῆς</em></strong></span> <span class='ocrx_word' id='word_1_105' title='bbox 873 1095 1037 1150; x_wconf 72' lang='grc' dir='ltr'><strong><em>ἠπείρου</em></strong></span> <span class='ocrx_word' id='word_1_106' title='bbox 1074 1094 1350 1143; x_wconf 77' lang='grc' dir='ltr'><strong><em>ἀναδέξασθαι</em></strong></span> <span class='ocrx_word' id='word_1_107' title='bbox 1376 1091 1520 1144; x_wconf 80' lang='grc' dir='ltr'><strong><em>πόνον,</em></strong></span> <span class='ocrx_word' id='word_1_108' title='bbox 1557 1089 1626 1133; x_wconf 88' lang='grc' dir='ltr'><strong>τόν</strong></span> <span class='ocrx_word' id='word_1_109' title='bbox 1650 1107 1693 1146; x_wconf 85' lang='grc' dir='ltr'><strong><em>γε</em></strong></span> 
     </span>
    </p>

    <p class='ocr_par' dir='ltr' id='par_1_4' title="bbox 178 1159 1745 1902">
     <span class='ocr_line' id='line_1_14' title="bbox 178 1159 1693 1218; baseline -0.003 -13"><span class='ocrx_word' id='word_1_110' title='bbox 178 1176 209 1211; x_wconf 88' lang='grc' dir='ltr'><strong>Β</strong></span> <span class='ocrx_word' id='word_1_111' title='bbox 231 1164 314 1218; x_wconf 79' lang='grc' dir='ltr'><strong><em>μὴν</em></strong></span> <span class='ocrx_word' id='word_1_112' title='bbox 335 1162 503 1205; x_wconf 82' lang='grc' dir='ltr'><strong><em>Δούκαν</em></strong></span> <span class='ocrx_word' id='word_1_113' title='bbox 523 1169 607 1212; x_wconf 78' lang='grc' dir='ltr'><strong><em>τοῖς</em></strong></span> <span class='ocrx_word' id='word_1_114' title='bbox 629 1164 671 1204; x_wconf 87' lang='grc' dir='ltr'><strong>ἐκ</strong></span> <span class='ocrx_word' id='word_1_115' title='bbox 691 1161 907 1217; x_wconf 91' lang='grc' dir='ltr'><strong><em>θαλάσσης</em></strong></span> <span class='ocrx_word' id='word_1_116' title='bbox 929 1165 1242 1218; x_wconf 77' lang='grc' dir='ltr'><strong><em>διαγωνιεῖσθαι.</em></strong></span> <span class='ocrx_word' id='word_1_117' title='bbox 1286 1159 1390 1203; x_wconf 73' lang='grc' dir='ltr'><strong><em>οὕτω</em></strong></span> <span class='ocrx_word' id='word_1_118' title='bbox 1411 1161 1488 1216; x_wconf 78' lang='grc' dir='ltr'><strong><em>γὰρ</em></strong></span> <span class='ocrx_word' id='word_1_119' title='bbox 1516 1159 1693 1216; x_wconf 64' lang='grc' dir='ltr'><strong><em>ἔφασκον</em></strong></span> 
     </span>
     <span class='ocr_line' id='line_1_15' title="bbox 229 1225 1693 1286; baseline -0.003 -13"><span class='ocrx_word' id='word_1_120' title='bbox 229 1230 420 1286; x_wconf 79' lang='grc' dir='ltr'><strong><em>ἀλλήλοις</em></strong></span> <span class='ocrx_word' id='word_1_121' title='bbox 447 1229 609 1285; x_wconf 73' lang='grc' dir='ltr'><strong><em>ἀμύνειν</em></strong></span> <span class='ocrx_word' id='word_1_122' title='bbox 636 1231 763 1280; x_wconf 77' lang='grc' dir='ltr'><strong><em>ἱκανοὶ</em></strong></span> <span class='ocrx_word' id='word_1_123' title='bbox 788 1230 968 1273; x_wconf 60' lang='grc' dir='ltr'><strong><em>ἔσεσθαι.</em></strong></span> <span class='ocrx_word' id='word_1_124' title='bbox 1039 1231 1165 1271; x_wconf 70' lang='grc' dir='ltr'><strong><em>ἕωθεν</em></strong></span> <span class='ocrx_word' id='word_1_125' title='bbox 1187 1225 1257 1272; x_wconf 70' lang='grc' dir='ltr'><strong><em>οὖν</em></strong></span> <span class='ocrx_word' id='word_1_126' title='bbox 1283 1227 1304 1271; x_wconf 80' lang='grc' dir='ltr'><strong><em>ὃ</em></strong></span> <span class='ocrx_word' id='word_1_127' title='bbox 1329 1230 1403 1283; x_wconf 74' lang='grc' dir='ltr'><strong><em>μὲν</em></strong></span> <span class='ocrx_word' id='word_1_128' title='bbox 1428 1227 1593 1278; x_wconf 81' lang='grc' dir='ltr'><strong><em>Δούκας</em></strong></span> <span class='ocrx_word' id='word_1_129' title='bbox 1619 1227 1693 1269; x_wconf 77' lang='grc' dir='ltr'><strong>σὺν</strong></span> 
     </span>
     <span class='ocr_line' id='line_1_16' title="bbox 228 1295 1744 1357; baseline -0.003 -16"><span class='ocrx_word' id='word_1_130' title='bbox 228 1307 314 1350; x_wconf 77' lang='grc' dir='ltr'><strong><em>τοῖς</em></strong></span> <span class='ocrx_word' id='word_1_131' title='bbox 339 1298 639 1357; x_wconf 68' lang='grc' dir='ltr'><strong><em>καταφράκτοις</em></strong></span> <span class='ocrx_word' id='word_1_132' title='bbox 672 1303 752 1341; x_wconf 79' lang='grc' dir='ltr'><strong>τῶν</strong></span> <span class='ocrx_word' id='word_1_133' title='bbox 788 1300 878 1356; x_wconf 86' lang='grc' dir='ltr'><strong><em>περὶ</em></strong></span> <span class='ocrx_word' id='word_1_134' title='bbox 905 1297 1027 1340; x_wconf 74' lang='grc' dir='ltr'><strong><em>αὐτὸν</em></strong></span> <span class='ocrx_word' id='word_1_135' title='bbox 1054 1298 1202 1339; x_wconf 69' lang='grc' dir='ltr'><strong><em>ἱππέων</em></strong></span> <span class='ocrx_word' id='word_1_136' title='bbox 1225 1295 1358 1352; x_wconf 80' lang='grc' dir='ltr'><strong><em>βάδην</em></strong></span> <span class='ocrx_word' id='word_1_137' title='bbox 1381 1298 1443 1339; x_wconf 85' lang='grc' dir='ltr'><strong>ἐπὶ</strong></span> <span class='ocrx_word' id='word_1_138' title='bbox 1469 1301 1541 1351; x_wconf 83' lang='grc' dir='ltr'><strong><em>τῆς</em></strong></span> <span class='ocrx_word' id='word_1_139' title='bbox 1567 1296 1744 1350; x_wconf 81' lang='grc' dir='ltr'><strong><em>ἄκτῆς15</em></strong></span> 
     </span>
     <span class='ocr_line' id='line_1_17' title="bbox 228 1363 1690 1425; baseline -0.003 -16"><span class='ocrx_word' id='word_1_140' title='bbox 228 1367 463 1425; x_wconf 84' lang='grc' dir='ltr'><strong><em>ἐπορεύετο,</em></strong></span> <span class='ocrx_word' id='word_1_141' title='bbox 499 1369 561 1409; x_wconf 80' lang='grc' dir='ltr'><strong>ἐπὶ</strong></span> <span class='ocrx_word' id='word_1_142' title='bbox 589 1366 747 1424; x_wconf 78' lang='grc' dir='ltr'><strong><em>θάτερα</em></strong></span> <span class='ocrx_word' id='word_1_143' title='bbox 772 1364 1084 1424; x_wconf 80' lang='grc' dir='ltr'><strong><em>παραπλεούσας</em></strong></span> <span class='ocrx_word' id='word_1_144' title='bbox 1108 1366 1182 1416; x_wconf 81' lang='grc' dir='ltr'><strong><em>τὰς</em></strong></span> <span class='ocrx_word' id='word_1_145' title='bbox 1206 1370 1304 1415; x_wconf 79' lang='grc' dir='ltr'><strong><em>ναῦς</em></strong></span> <span class='ocrx_word' id='word_1_146' title='bbox 1329 1365 1443 1419; x_wconf 66' lang='grc' dir='ltr'><strong><em>ἔχων,</em></strong></span> <span class='ocrx_word' id='word_1_147' title='bbox 1480 1365 1517 1406; x_wconf 77' lang='grc' dir='ltr'><strong>οἳ</strong></span> <span class='ocrx_word' id='word_1_148' title='bbox 1564 1365 1583 1379; x_wconf 76' lang='lat'><strong>&#39;&#39;</strong></span> <span class='ocrx_word' id='word_1_149' title='bbox 1614 1363 1690 1406; x_wconf 77' lang='grc' dir='ltr'><strong>ἄλ-</strong></span> 
     </span>
     <span class='ocr_line' id='line_1_18' title="bbox 225 1430 1690 1493; baseline -0.003 -15"><span class='ocrx_word' id='word_1_150' title='bbox 225 1440 290 1478; x_wconf 76' lang='grc' dir='ltr'><strong><em>λοι</em></strong></span> <span class='ocrx_word' id='word_1_151' title='bbox 317 1436 417 1493; x_wconf 81' lang='grc' dir='ltr'><strong><em>πρὸς</em></strong></span> <span class='ocrx_word' id='word_1_152' title='bbox 454 1436 527 1491; x_wconf 81' lang='grc' dir='ltr'><strong>τὴν</strong></span> <span class='ocrx_word' id='word_1_153' title='bbox 553 1437 595 1477; x_wconf 86' lang='grc' dir='ltr'><strong>ἐκ</strong></span> <span class='ocrx_word' id='word_1_154' title='bbox 630 1440 702 1490; x_wconf 85' lang='grc' dir='ltr'><strong><em>τῆς</em></strong></span> <span class='ocrx_word' id='word_1_155' title='bbox 736 1436 901 1492; x_wconf 73' lang='grc' dir='ltr'><strong><em>ἠπείρου</em></strong></span> <span class='ocrx_word' id='word_1_156' title='bbox 929 1433 1237 1489; x_wconf 67' lang='grc' dir='ltr'><strong><em>ἑτοιμασάμενοι</em></strong></span> <span class='ocrx_word' id='word_1_157' title='bbox 1270 1432 1406 1489; x_wconf 81' lang='grc' dir='ltr'><strong><em>μάχην</em></strong></span> <span class='ocrx_word' id='word_1_158' title='bbox 1432 1433 1535 1475; x_wconf 82' lang='grc' dir='ltr'><strong><em>κατὰ</em></strong></span> <span class='ocrx_word' id='word_1_159' title='bbox 1559 1430 1690 1482; x_wconf 81' lang='grc' dir='ltr'><strong><em>τάξεις</em></strong></span> 
     </span>
     <span class='ocr_line' id='line_1_19' title="bbox 225 1499 1689 1561; baseline -0.003 -15"><span class='ocrx_word' id='word_1_160' title='bbox 225 1502 416 1561; x_wconf 82' lang='grc' dir='ltr'><strong><em>ἐχώρουν.</em></strong></span> <span class='ocrx_word' id='word_1_161' title='bbox 487 1504 529 1545; x_wconf 79' lang='grc' dir='ltr'><strong>αἱ</strong></span> <span class='ocrx_word' id='word_1_162' title='bbox 555 1504 599 1545; x_wconf 82' lang='grc' dir='ltr'><strong>δὲ</strong></span> <span class='ocrx_word' id='word_1_163' title='bbox 623 1509 703 1546; x_wconf 82' lang='grc' dir='ltr'><strong>τῶν</strong></span> <span class='ocrx_word' id='word_1_164' title='bbox 729 1507 945 1546; x_wconf 80' lang='grc' dir='ltr'><strong><em>Σικελικῶν</em></strong></span> <span class='ocrx_word' id='word_1_165' title='bbox 970 1508 1084 1558; x_wconf 82' lang='grc' dir='ltr'><strong><em>νῆες,</em></strong></span> <span class='ocrx_word' id='word_1_166' title='bbox 1129 1501 1339 1559; x_wconf 84' lang='grc' dir='ltr'><strong><em>ἐπειδήπερ</em></strong></span> <span class='ocrx_word' id='word_1_167' title='bbox 1366 1502 1493 1557; x_wconf 79' lang='grc' dir='ltr'><strong><em>ἀγχοῦ</em></strong></span> <span class='ocrx_word' id='word_1_168' title='bbox 1517 1505 1589 1555; x_wconf 81' lang='grc' dir='ltr'><strong><em>τῆς</em></strong></span> <span class='ocrx_word' id='word_1_169' title='bbox 1614 1499 1689 1542; x_wconf 90' lang='grc' dir='ltr'><strong>πό-</strong></span> 
     </span>
     <span class='ocr_line' id='line_1_20' title="bbox 225 1569 1687 1628; baseline -0.001 -16"><span class='ocrx_word' id='word_1_170' title='bbox 225 1576 325 1621; x_wconf 80' lang='grc' dir='ltr'><strong><em>λεως</em></strong></span> <span class='ocrx_word' id='word_1_171' title='bbox 349 1572 428 1626; x_wconf 72' lang='grc' dir='ltr'><strong>ἤδη</strong></span> <span class='ocrx_word' id='word_1_172' title='bbox 452 1571 626 1625; x_wconf 68' lang='grc' dir='ltr'><strong><em>ἐγίνοντο</em></strong></span> <span class='ocrx_word' id='word_1_173' title='bbox 635 1603 649 1623; x_wconf 82' lang='lat'><em>,</em></span> <span class='ocrx_word' id='word_1_174' title='bbox 687 1572 759 1613; x_wconf 78' lang='grc' dir='ltr'><strong>οὒκ</strong></span> <span class='ocrx_word' id='word_1_175' title='bbox 781 1571 945 1625; x_wconf 63' lang='grc' dir='ltr'><strong><em>ἔχουσαι</em></strong></span> <span class='ocrx_word' id='word_1_176' title='bbox 969 1570 1121 1628; x_wconf 81' lang='grc' dir='ltr'><strong><em>ἀθρόαι</em></strong></span> <span class='ocrx_word' id='word_1_177' title='bbox 1142 1575 1200 1628; x_wconf 73' lang='grc' dir='ltr'><strong><em>τῷ</em></strong></span> <span class='ocrx_word' id='word_1_178' title='bbox 1220 1571 1347 1624; x_wconf 73' lang='grc' dir='ltr'><strong><em>λιμένι</em></strong></span> <span class='ocrx_word' id='word_1_179' title='bbox 1371 1572 1562 1613; x_wconf 81' lang='grc' dir='ltr'><strong><em>εἶσπεσεῖν</em></strong></span> <span class='ocrx_word' id='word_1_180' title='bbox 1576 1569 1687 1625; x_wconf 80' lang='grc' dir='ltr'><strong><em>(ἱκα-</em></strong></span> 
     </span>
     <span class='ocr_line' id='line_1_21' title="bbox 224 1637 1745 1697; baseline -0.001 -16"><span class='ocrx_word' id='word_1_181' title='bbox 224 1644 303 1689; x_wconf 80' lang='grc' dir='ltr'><strong><em>νῶς</em></strong></span> <span class='ocrx_word' id='word_1_182' title='bbox 338 1640 416 1696; x_wconf 79' lang='grc' dir='ltr'><strong><em>γὰρ</em></strong></span> <span class='ocrx_word' id='word_1_183' title='bbox 464 1639 602 1680; x_wconf 71' lang='grc' dir='ltr'><strong><em>ἔνδοθι</em></strong></span> <span class='ocrx_word' id='word_1_184' title='bbox 649 1638 908 1696; x_wconf 77' lang='grc' dir='ltr'><strong><em>εὖρυνόμενος</em></strong></span> <span class='ocrx_word' id='word_1_185' title='bbox 942 1638 1026 1682; x_wconf 78' lang='grc' dir='ltr'><strong><em>εἶτα</em></strong></span> <span class='ocrx_word' id='word_1_186' title='bbox 1064 1641 1119 1689; x_wconf 79' lang='grc' dir='ltr'><strong><em>εἷς</em></strong></span> <span class='ocrx_word' id='word_1_187' title='bbox 1155 1638 1292 1680; x_wconf 85' lang='grc' dir='ltr'><strong><em>στενὸν</em></strong></span> <span class='ocrx_word' id='word_1_188' title='bbox 1324 1639 1457 1696; x_wconf 70' lang='grc' dir='ltr'><strong><em>ἠρέμα</em></strong></span> <span class='ocrx_word' id='word_1_189' title='bbox 1493 1637 1745 1697; x_wconf 71' lang='grc' dir='ltr'><strong><em>τελευτᾷ)20</em></strong></span> 
     </span>
     <span class='ocr_line' id='line_1_22' title="bbox 224 1705 1689 1764; baseline -0.002 -15"><span class='ocrx_word' id='word_1_190' title='bbox 224 1708 329 1749; x_wconf 81' lang='grc' dir='ltr'><strong><em>κατὰ</em></strong></span> <span class='ocrx_word' id='word_1_191' title='bbox 356 1705 529 1757; x_wconf 83' lang='grc' dir='ltr'><strong><em>δεκάδας</em></strong></span> <span class='ocrx_word' id='word_1_192' title='bbox 555 1709 820 1764; x_wconf 79' lang='grc' dir='ltr'><strong><em>διαιρεθεῖσαι</em></strong></span> <span class='ocrx_word' id='word_1_193' title='bbox 848 1706 1030 1764; x_wconf 74' lang='grc' dir='ltr'><strong><em>εἰσῄεσαν</em></strong></span> <span class='ocrx_word' id='word_1_194' title='bbox 1056 1708 1099 1749; x_wconf 84' lang='grc' dir='ltr'><strong>ἐκ</strong></span> <span class='ocrx_word' id='word_1_195' title='bbox 1126 1709 1331 1761; x_wconf 75' lang='grc' dir='ltr'><strong><em>διαδοχῆς.</em></strong></span> <span class='ocrx_word' id='word_1_196' title='bbox 1410 1705 1474 1748; x_wconf 82' lang='grc' dir='ltr'><strong>ὅτε</strong></span> <span class='ocrx_word' id='word_1_197' title='bbox 1502 1706 1553 1760; x_wconf 85' lang='grc' dir='ltr'><strong>δὴ</strong></span> <span class='ocrx_word' id='word_1_198' title='bbox 1579 1706 1689 1761; x_wconf 86' lang='grc' dir='ltr'><strong><em>λε’γε-</em></strong></span> 
     </span>
     <span class='ocr_line' id='line_1_23' title="bbox 222 1772 1688 1831; baseline -0.001 -15"><span class='ocrx_word' id='word_1_199' title='bbox 222 1793 290 1816; x_wconf 86' lang='grc' dir='ltr'><strong>ται</strong></span> <span class='ocrx_word' id='word_1_200' title='bbox 329 1774 385 1825; x_wconf 78' lang='grc' dir='ltr'><strong>ὡς</strong></span> <span class='ocrx_word' id='word_1_201' title='bbox 419 1774 439 1816; x_wconf 82' lang='grc' dir='ltr'><em>ὃ</em></span> <span class='ocrx_word' id='word_1_202' title='bbox 467 1773 635 1825; x_wconf 78' lang='grc' dir='ltr'><strong><em>Δούκας</em></strong></span> <span class='ocrx_word' id='word_1_203' title='bbox 667 1776 769 1831; x_wconf 85' lang='grc' dir='ltr'><strong><em>πρὸς</em></strong></span> <span class='ocrx_word' id='word_1_204' title='bbox 801 1776 847 1817; x_wconf 85' lang='grc' dir='ltr'><strong><em>τὸ</em></strong></span> <span class='ocrx_word' id='word_1_205' title='bbox 882 1780 1042 1830; x_wconf 79' lang='grc' dir='ltr'><strong><em>πλῆθος</em></strong></span> <span class='ocrx_word' id='word_1_206' title='bbox 1077 1775 1363 1817; x_wconf 80' lang='grc' dir='ltr'><strong><em>ἄποδειλιᾶσαν</em></strong></span> <span class='ocrx_word' id='word_1_207' title='bbox 1396 1773 1442 1816; x_wconf 81' lang='grc' dir='ltr'><strong><em>τὸ</em></strong></span> <span class='ocrx_word' id='word_1_208' title='bbox 1471 1772 1688 1827; x_wconf 69' lang='grc' dir='ltr'><strong>εΡωμαίων</strong></span> 
     </span>
     <span class='ocr_line' id='line_1_24' title="bbox 223 1841 1687 1902; baseline -0.001 -18"><span class='ocrx_word' id='word_1_209' title='bbox 223 1841 329 1899; x_wconf 77' lang='grc' dir='ltr'><strong><em>ὁρῶν</em></strong></span> <span class='ocrx_word' id='word_1_210' title='bbox 364 1843 550 1886; x_wconf 83' lang='grc' dir='ltr'><strong><em>ναυτικὸν</em></strong></span> <span class='ocrx_word' id='word_1_211' title='bbox 587 1842 655 1885; x_wconf 81' lang='grc' dir='ltr'><strong>ἅτε</strong></span> <span class='ocrx_word' id='word_1_212' title='bbox 691 1845 838 1901; x_wconf 78' lang='grc' dir='ltr'><strong><em>κομιδῇ</em></strong></span> <span class='ocrx_word' id='word_1_213' title='bbox 873 1843 1005 1900; x_wconf 78' lang='grc' dir='ltr'><strong><em>ὀλίγον</em></strong></span> <span class='ocrx_word' id='word_1_214' title='bbox 1040 1842 1086 1886; x_wconf 80' lang='grc' dir='ltr'><strong><em>ὂν</em></strong></span> <span class='ocrx_word' id='word_1_215' title='bbox 1113 1843 1323 1902; x_wconf 67' lang='grc' dir='ltr'><strong><em>(τέσσαρες</em></strong></span> <span class='ocrx_word' id='word_1_216' title='bbox 1358 1842 1437 1900; x_wconf 79' lang='grc' dir='ltr'><strong><em>γὰρ</em></strong></span> <span class='ocrx_word' id='word_1_217' title='bbox 1472 1841 1574 1900; x_wconf 86' lang='grc' dir='ltr'><strong><em>πρὸς</em></strong></span> <span class='ocrx_word' id='word_1_218' title='bbox 1598 1848 1687 1892; x_wconf 77' lang='grc' dir='ltr'><strong><em>ταῖς</em></strong></span> 
     </span>
    </p>
   </div>
   <div class='ocr_carea' id='block_1_3' title="bbox 315 1971 1099 2019">
    <p class='ocr_par' dir='ltr' id='par_1_5' title="bbox 315 1971 1099 2019">
     <span class='ocr_line' id='line_1_25' title="bbox 315 1971 1099 2019; baseline 0 -9"><span class='ocrx_word' id='word_1_219' title='bbox 315 1975 370 2010; x_wconf 79' lang='grc'><strong>12.</strong></span> <span class='ocrx_word' id='word_1_220' title='bbox 393 1971 675 2019; x_wconf 69' lang='grc' dir='ltr'><strong><em>ἀναδέξασθαι]</em></strong></span> <span class='ocrx_word' id='word_1_221' title='bbox 697 1973 814 2009; x_wconf 82' lang='lat' dir='ltr'>Malim</span> <span class='ocrx_word' id='word_1_222' title='bbox 837 1972 1099 2018; x_wconf 73' lang='grc' dir='ltr'><strong><em>ἀναδέξεσθαι.</em></strong></span> 
     </span>
    </p>
   </div>
   <div class='ocr_carea' id='block_1_4' title="bbox 215 2086 1711 2854">
    <p class='ocr_par' dir='ltr' id='par_1_6' title="bbox 224 2086 1681 2177">
     <span class='ocr_line' id='line_1_26' title="bbox 224 2086 1681 2133; baseline 0.001 -14"><span class='ocrx_word' id='word_1_223' title='bbox 224 2086 366 2119; x_wconf 88' lang='lat' dir='ltr'><strong>cherem.</strong></span> <span class='ocrx_word' id='word_1_224' title='bbox 414 2087 476 2120; x_wconf 85' lang='lat' dir='ltr'><strong>sed</strong></span> <span class='ocrx_word' id='word_1_225' title='bbox 500 2087 529 2120; x_wconf 82' lang='lat' dir='ltr'><strong>is</strong></span> <span class='ocrx_word' id='word_1_226' title='bbox 555 2088 749 2132; x_wconf 82' lang='lat' dir='ltr'><strong>priusquam</strong></span> <span class='ocrx_word' id='word_1_227' title='bbox 775 2087 850 2132; x_wconf 82' lang='lat' dir='ltr'><strong>quis</strong></span> <span class='ocrx_word' id='word_1_228' title='bbox 882 2091 974 2122; x_wconf 87' lang='lat' dir='ltr'><strong>esset</strong></span> <span class='ocrx_word' id='word_1_229' title='bbox 998 2090 1261 2133; x_wconf 81' lang='lat' dir='ltr'><strong>agnosceretur,</strong></span> <span class='ocrx_word' id='word_1_230' title='bbox 1300 2090 1474 2122; x_wconf 80' lang='lat' dir='ltr'><strong>numerata</strong></span> <span class='ocrx_word' id='word_1_231' title='bbox 1497 2087 1545 2122; x_wconf 88' lang='lat' dir='ltr'><strong>illi</strong></span> <span class='ocrx_word' id='word_1_232' title='bbox 1571 2097 1594 2121; x_wconf 84' lang='lat' dir='ltr'><strong>a</strong></span> <span class='ocrx_word' id='word_1_233' title='bbox 1614 2097 1681 2132; x_wconf 85' lang='lat' dir='ltr'><strong>quo</strong></span> 
     </span>
     <span class='ocr_line' id='line_1_27' title="bbox 224 2132 888 2177; baseline 0.005 -13"><span class='ocrx_word' id='word_1_234' title='bbox 224 2137 343 2177; x_wconf 83' lang='lat' dir='ltr'><strong>captus</strong></span> <span class='ocrx_word' id='word_1_235' title='bbox 359 2132 472 2165; x_wconf 83' lang='lat' dir='ltr'><strong>suerat</strong></span> <span class='ocrx_word' id='word_1_236' title='bbox 487 2134 629 2176; x_wconf 85' lang='lat' dir='ltr'><strong>pecunia</strong></span> <span class='ocrx_word' id='word_1_237' title='bbox 644 2145 720 2167; x_wconf 77' lang='lat' dir='ltr'><strong>sese</strong></span> <span class='ocrx_word' id='word_1_238' title='bbox 737 2132 888 2168; x_wconf 75' lang='lat' dir='ltr'>redemit.</span> 
     </span>
    </p>

    <p class='ocr_par' dir='ltr' id='par_1_7' title="bbox 215 2177 1711 2854">
     <span class='ocr_line' id='line_1_28' title="bbox 313 2177 1682 2224; baseline -0.001 -12"><span class='ocrx_word' id='word_1_239' title='bbox 313 2179 368 2212; x_wconf 86' lang='lat'><strong>11.</strong></span> <span class='ocrx_word' id='word_1_240' title='bbox 413 2177 494 2210; x_wconf 86' lang='lat' dir='ltr'><strong>Non</strong></span> <span class='ocrx_word' id='word_1_241' title='bbox 518 2179 620 2211; x_wconf 85' lang='lat' dir='ltr'><strong>multo</strong></span> <span class='ocrx_word' id='word_1_242' title='bbox 637 2179 813 2213; x_wconf 83' lang='lat' dir='ltr'><strong>interiecto</strong></span> <span class='ocrx_word' id='word_1_243' title='bbox 828 2184 982 2224; x_wconf 84' lang='lat' dir='ltr'><strong>tempore</strong></span> <span class='ocrx_word' id='word_1_244' title='bbox 1006 2179 1049 2212; x_wconf 83' lang='lat' dir='ltr'><strong>ad</strong></span> <span class='ocrx_word' id='word_1_245' title='bbox 1074 2179 1245 2213; x_wconf 85' lang='lat' dir='ltr'><strong>Romanos</strong></span> <span class='ocrx_word' id='word_1_246' title='bbox 1268 2180 1358 2213; x_wconf 80' lang='lat' dir='ltr'><strong>fama</strong></span> <span class='ocrx_word' id='word_1_247' title='bbox 1380 2177 1520 2224; x_wconf 86' lang='lat' dir='ltr'><strong>pertulit</strong></span> <span class='ocrx_word' id='word_1_248' title='bbox 1545 2177 1682 2211; x_wconf 85' lang='lat' dir='ltr'><strong>Guliel-</strong></span> 
     </span>
     <span class='ocr_line' id='line_1_29' title="bbox 220 2222 1682 2269; baseline 0.001 -15"><span class='ocrx_word' id='word_1_249' title='bbox 220 2232 307 2255; x_wconf 88' lang='lat' dir='ltr'><strong>mum</strong></span> <span class='ocrx_word' id='word_1_250' title='bbox 332 2233 406 2255; x_wconf 88' lang='lat' dir='ltr'><strong>cum</strong></span> <span class='ocrx_word' id='word_1_251' title='bbox 430 2222 623 2266; x_wconf 81' lang='lat' dir='ltr'>ingentibus</span> <span class='ocrx_word' id='word_1_252' title='bbox 650 2228 743 2257; x_wconf 86' lang='lat' dir='ltr'><strong>terra</strong></span> <span class='ocrx_word' id='word_1_253' title='bbox 766 2224 914 2268; x_wconf 87' lang='lat' dir='ltr'><strong>marique</strong></span> <span class='ocrx_word' id='word_1_254' title='bbox 941 2225 1046 2269; x_wconf 88' lang='lat' dir='ltr'><strong>copiis</strong></span> <span class='ocrx_word' id='word_1_255' title='bbox 1069 2225 1264 2259; x_wconf 86' lang='lat' dir='ltr'><strong>adventare.</strong></span> <span class='ocrx_word' id='word_1_256' title='bbox 1311 2225 1526 2269; x_wconf 84' lang='lat' dir='ltr'><strong>quamobrem</strong></span> <span class='ocrx_word' id='word_1_257' title='bbox 1550 2223 1682 2256; x_wconf 86' lang='lat' dir='ltr'><strong>cunctis</strong></span> 
     </span>
     <span class='ocr_line' id='line_1_30' title="bbox 219 2267 1681 2314; baseline 0.003 -15"><span class='ocrx_word' id='word_1_258' title='bbox 219 2267 262 2300; x_wconf 87' lang='lat' dir='ltr'><strong>ad</strong></span> <span class='ocrx_word' id='word_1_259' title='bbox 288 2267 409 2300; x_wconf 89' lang='lat' dir='ltr'><strong>bellum</strong></span> <span class='ocrx_word' id='word_1_260' title='bbox 433 2268 561 2311; x_wconf 82' lang='lat' dir='ltr'><strong>paratis</strong></span> <span class='ocrx_word' id='word_1_261' title='bbox 588 2268 692 2312; x_wconf 81' lang='lat' dir='ltr'><strong>quieti</strong></span> <span class='ocrx_word' id='word_1_262' title='bbox 718 2273 857 2303; x_wconf 86' lang='lat' dir='ltr'><strong>stetere.</strong></span> <span class='ocrx_word' id='word_1_263' title='bbox 904 2270 964 2304; x_wconf 83' lang='lat' dir='ltr'><strong>vix</strong></span> <span class='ocrx_word' id='word_1_264' title='bbox 989 2270 1124 2314; x_wconf 89' lang='lat' dir='ltr'><strong>quintus</strong></span> <span class='ocrx_word' id='word_1_265' title='bbox 1146 2271 1222 2304; x_wconf 89' lang='lat' dir='ltr'><strong>inde</strong></span> <span class='ocrx_word' id='word_1_266' title='bbox 1237 2269 1418 2303; x_wconf 79' lang='lat' dir='ltr'><strong>effluxerat</strong></span> <span class='ocrx_word' id='word_1_267' title='bbox 1432 2268 1523 2311; x_wconf 72' lang='lat' dir='ltr'><strong>dies,</strong></span> <span class='ocrx_word' id='word_1_268' title='bbox 1547 2279 1621 2302; x_wconf 90' lang='lat' dir='ltr'><strong>cum</strong></span> <span class='ocrx_word' id='word_1_269' title='bbox 1637 2269 1681 2303; x_wconf 77' lang='lat' dir='ltr'><strong>ab</strong></span> 
     </span>
     <span class='ocr_line' id='line_1_31' title="bbox 220 2312 1682 2360; baseline 0.001 -15"><span class='ocrx_word' id='word_1_270' title='bbox 220 2312 333 2346; x_wconf 88' lang='lat' dir='ltr'><strong>hostili</strong></span> <span class='ocrx_word' id='word_1_271' title='bbox 349 2313 499 2346; x_wconf 85' lang='lat' dir='ltr'><strong>exercitu</strong></span> <span class='ocrx_word' id='word_1_272' title='bbox 517 2314 701 2347; x_wconf 80' lang='lat' dir='ltr'><strong>adveniens</strong></span> <span class='ocrx_word' id='word_1_273' title='bbox 725 2317 902 2358; x_wconf 81' lang='lat' dir='ltr'><strong>transfuga</strong></span> <span class='ocrx_word' id='word_1_274' title='bbox 917 2327 1024 2360; x_wconf 83' lang='lat' dir='ltr'><strong>prope</strong></span> <span class='ocrx_word' id='word_1_275' title='bbox 1038 2327 1115 2350; x_wconf 83' lang='lat' dir='ltr'><strong>esse</strong></span> <span class='ocrx_word' id='word_1_276' title='bbox 1131 2315 1332 2349; x_wconf 88' lang='lat' dir='ltr'><strong>Gulielmum</strong></span> <span class='ocrx_word' id='word_1_277' title='bbox 1348 2313 1532 2355; x_wconf 81' lang='lat' dir='ltr'><strong>nuntiavit,</strong></span> <span class='ocrx_word' id='word_1_278' title='bbox 1558 2314 1682 2347; x_wconf 87' lang='lat' dir='ltr'><strong>Roma-</strong></span> 
     </span>
     <span class='ocr_line' id='line_1_32' title="bbox 220 2359 1682 2395; baseline 0.001 -4"><span class='ocrx_word' id='word_1_279' title='bbox 220 2369 281 2391; x_wconf 86' lang='lat' dir='ltr'><strong>nos</strong></span> <span class='ocrx_word' id='word_1_280' title='bbox 296 2369 408 2391; x_wconf 86' lang='lat' dir='ltr'><strong>omnes</strong></span> <span class='ocrx_word' id='word_1_281' title='bbox 424 2359 529 2392; x_wconf 88' lang='lat' dir='ltr'><strong>veluti</strong></span> <span class='ocrx_word' id='word_1_282' title='bbox 544 2359 632 2392; x_wconf 83' lang='lat' dir='ltr'><strong>inter</strong></span> <span class='ocrx_word' id='word_1_283' title='bbox 648 2359 734 2392; x_wconf 86' lang='lat' dir='ltr'><strong>retia</strong></span> <span class='ocrx_word' id='word_1_284' title='bbox 750 2360 993 2395; x_wconf 87' lang='lat' dir='ltr'><strong>conclusurum.</strong></span> <span class='ocrx_word' id='word_1_285' title='bbox 1041 2362 1092 2395; x_wconf 88' lang='lat' dir='ltr'><strong>his</strong></span> <span class='ocrx_word' id='word_1_286' title='bbox 1108 2361 1229 2394; x_wconf 84' lang='lat' dir='ltr'><strong>auditis</strong></span> <span class='ocrx_word' id='word_1_287' title='bbox 1254 2360 1478 2394; x_wconf 84' lang='lat' dir='ltr'><strong>Romanorum</strong></span> <span class='ocrx_word' id='word_1_288' title='bbox 1499 2359 1602 2392; x_wconf 88' lang='lat' dir='ltr'><strong>duces</strong></span> <span class='ocrx_word' id='word_1_289' title='bbox 1628 2359 1682 2393; x_wconf 80' lang='lat' dir='ltr'><strong>ita</strong></span> 
     </span>
     <span class='ocr_line' id='line_1_33' title="bbox 220 2403 1678 2450; baseline 0.001 -14"><span class='ocrx_word' id='word_1_290' title='bbox 220 2403 420 2437; x_wconf 80' lang='lat' dir='ltr'>ordinavere</span> <span class='ocrx_word' id='word_1_291' title='bbox 435 2403 540 2438; x_wconf 80' lang='lat' dir='ltr'><strong>aciem</strong></span> <span class='ocrx_word' id='word_1_292' title='bbox 551 2431 562 2447; x_wconf 79' lang='lat'>,</span> <span class='ocrx_word' id='word_1_293' title='bbox 585 2409 624 2438; x_wconf 81' lang='lat' dir='ltr'><strong>ut</strong></span> <span class='ocrx_word' id='word_1_294' title='bbox 648 2404 836 2438; x_wconf 81' lang='lat' dir='ltr'><strong>Bassavilla</strong></span> <span class='ocrx_word' id='word_1_295' title='bbox 851 2411 887 2439; x_wconf 87' lang='lat' dir='ltr'><strong>et</strong></span> <span class='ocrx_word' id='word_1_296' title='bbox 902 2407 1046 2439; x_wconf 87' lang='lat' dir='ltr'><strong>Ioannes</strong></span> <span class='ocrx_word' id='word_1_297' title='bbox 1061 2407 1208 2450; x_wconf 83' lang='lat' dir='ltr'><strong>Angelus</strong></span> <span class='ocrx_word' id='word_1_298' title='bbox 1230 2417 1304 2440; x_wconf 86' lang='lat' dir='ltr'><strong>cum</strong></span> <span class='ocrx_word' id='word_1_299' title='bbox 1319 2404 1545 2450; x_wconf 81' lang='lat' dir='ltr'><strong>stipendiariis</strong></span> <span class='ocrx_word' id='word_1_300' title='bbox 1561 2404 1678 2449; x_wconf 86' lang='lat' dir='ltr'><strong>copiis,</strong></span> 
     </span>
     <span class='ocr_line' id='line_1_34' title="bbox 217 2449 1676 2496; baseline 0 -14"><span class='ocrx_word' id='word_1_301' title='bbox 217 2454 321 2493; x_wconf 84' lang='lat' dir='ltr'><strong>atque</strong></span> <span class='ocrx_word' id='word_1_302' title='bbox 335 2449 410 2493; x_wconf 45' lang='lat' dir='ltr'><strong>iisJ-</strong></span> <span class='ocrx_word' id='word_1_303' title='bbox 424 2460 511 2493; x_wconf 85' lang='lat' dir='ltr'><strong>quae</strong></span> <span class='ocrx_word' id='word_1_304' title='bbox 527 2461 569 2483; x_wconf 88' lang='lat' dir='ltr'><strong>ex</strong></span> <span class='ocrx_word' id='word_1_305' title='bbox 584 2449 679 2483; x_wconf 82' lang='lat' dir='ltr'><strong>Italia</strong></span> <span class='ocrx_word' id='word_1_306' title='bbox 693 2461 769 2484; x_wconf 87' lang='lat' dir='ltr'><strong>sese</strong></span> <span class='ocrx_word' id='word_1_307' title='bbox 786 2451 1007 2485; x_wconf 86' lang='lat' dir='ltr'><strong>adiunxerant</strong></span> <span class='ocrx_word' id='word_1_308' title='bbox 1020 2451 1236 2496; x_wconf 79' lang='lat' dir='ltr'><strong>imperatori,</strong></span> <span class='ocrx_word' id='word_1_309' title='bbox 1260 2457 1353 2485; x_wconf 81' lang='lat' dir='ltr'><strong>terra</strong></span> <span class='ocrx_word' id='word_1_310' title='bbox 1377 2450 1454 2484; x_wconf 84' lang='lat' dir='ltr'><strong>belli</strong></span> <span class='ocrx_word' id='word_1_311' title='bbox 1469 2450 1587 2484; x_wconf 87' lang='lat' dir='ltr'><strong>molem</strong></span> <span class='ocrx_word' id='word_1_312' title='bbox 1603 2460 1676 2483; x_wconf 87' lang='lat' dir='ltr'><strong>sus-</strong></span> 
     </span>
     <span class='ocr_line' id='line_1_35' title="bbox 218 2494 1711 2542; baseline 0.002 -16"><span class='ocrx_word' id='word_1_313' title='bbox 218 2494 386 2528; x_wconf 85' lang='lat' dir='ltr'><strong>tinerent:</strong></span> <span class='ocrx_word' id='word_1_314' title='bbox 411 2494 522 2528; x_wconf 84' lang='lat' dir='ltr'><strong>Ducas</strong></span> <span class='ocrx_word' id='word_1_315' title='bbox 548 2506 631 2528; x_wconf 85' lang='lat' dir='ltr'><strong>vero</strong></span> <span class='ocrx_word' id='word_1_316' title='bbox 656 2496 827 2529; x_wconf 84' lang='lat' dir='ltr'>maritimis</span> <span class='ocrx_word' id='word_1_317' title='bbox 843 2497 987 2530; x_wconf 85' lang='lat' dir='ltr'><strong>hostium</strong></span> <span class='ocrx_word' id='word_1_318' title='bbox 1002 2498 1108 2542; x_wconf 87' lang='lat' dir='ltr'><strong>copiis</strong></span> <span class='ocrx_word' id='word_1_319' title='bbox 1123 2509 1199 2531; x_wconf 91' lang='lat' dir='ltr'><strong>sese</strong></span> <span class='ocrx_word' id='word_1_320' title='bbox 1217 2502 1412 2541; x_wconf 80' lang='lat' dir='ltr'><strong>opponeret.</strong></span> <span class='ocrx_word' id='word_1_321' title='bbox 1436 2495 1486 2528; x_wconf 85' lang='lat' dir='ltr'><strong>sic</strong></span> <span class='ocrx_word' id='word_1_322' title='bbox 1501 2495 1588 2528; x_wconf 86' lang='lat' dir='ltr'><strong>enim</strong></span> <span class='ocrx_word' id='word_1_323' title='bbox 1603 2495 1678 2529; x_wconf 84' lang='lat' dir='ltr'><strong>aie-</strong></span> <span class='ocrx_word' id='word_1_324' title='bbox 1700 2498 1711 2505; x_wconf 74' lang='grc'><strong>”</strong></span> 
     </span>
     <span class='ocr_line' id='line_1_36' title="bbox 218 2539 1678 2587; baseline 0.001 -15"><span class='ocrx_word' id='word_1_325' title='bbox 218 2539 302 2573; x_wconf 80' lang='lat' dir='ltr'><strong>bant</strong></span> <span class='ocrx_word' id='word_1_326' title='bbox 325 2539 400 2573; x_wconf 87' lang='lat' dir='ltr'><strong>fore</strong></span> <span class='ocrx_word' id='word_1_327' title='bbox 416 2544 453 2573; x_wconf 82' lang='lat' dir='ltr'><strong>ut</strong></span> <span class='ocrx_word' id='word_1_328' title='bbox 468 2540 531 2574; x_wconf 89' lang='lat' dir='ltr'><strong>sibi</strong></span> <span class='ocrx_word' id='word_1_329' title='bbox 557 2540 703 2575; x_wconf 84' lang='lat' dir='ltr'><strong>vicissim</strong></span> <span class='ocrx_word' id='word_1_330' title='bbox 719 2541 968 2579; x_wconf 80' lang='lat' dir='ltr'><strong>auxiliarentur.</strong></span> <span class='ocrx_word' id='word_1_331' title='bbox 1011 2542 1127 2587; x_wconf 85' lang='lat' dir='ltr'><strong>itaque</strong></span> <span class='ocrx_word' id='word_1_332' title='bbox 1142 2543 1247 2587; x_wconf 80' lang='lat' dir='ltr'><strong>prima</strong></span> <span class='ocrx_word' id='word_1_333' title='bbox 1261 2543 1335 2575; x_wconf 90' lang='lat' dir='ltr'><strong>luce</strong></span> <span class='ocrx_word' id='word_1_334' title='bbox 1350 2541 1464 2574; x_wconf 80' lang='lat' dir='ltr'><strong>Ducas</strong></span> <span class='ocrx_word' id='word_1_335' title='bbox 1479 2552 1553 2574; x_wconf 91' lang='lat' dir='ltr'><strong>cum</strong></span> <span class='ocrx_word' id='word_1_336' title='bbox 1580 2546 1678 2574; x_wconf 80' lang='lat' dir='ltr'><strong>cata-</strong></span> 
     </span>
     <span class='ocr_line' id='line_1_37' title="bbox 218 2585 1675 2632; baseline 0.002 -15"><span class='ocrx_word' id='word_1_337' title='bbox 218 2585 367 2629; x_wconf 78' lang='lat' dir='ltr'><strong>phractis</strong></span> <span class='ocrx_word' id='word_1_338' title='bbox 383 2585 552 2629; x_wconf 84' lang='lat' dir='ltr'><strong>equitibus</strong></span> <span class='ocrx_word' id='word_1_339' title='bbox 565 2586 655 2620; x_wconf 87' lang='lat' dir='ltr'><strong>lento</strong></span> <span class='ocrx_word' id='word_1_340' title='bbox 672 2587 716 2620; x_wconf 84' lang='lat' dir='ltr'><strong>ad</strong></span> <span class='ocrx_word' id='word_1_341' title='bbox 738 2587 833 2621; x_wconf 84' lang='lat' dir='ltr'><strong>littus</strong></span> <span class='ocrx_word' id='word_1_342' title='bbox 847 2588 957 2631; x_wconf 81' lang='lat' dir='ltr'><strong>gradu</strong></span> <span class='ocrx_word' id='word_1_343' title='bbox 972 2588 1197 2632; x_wconf 83' lang='lat' dir='ltr'><strong>proficiscitur</strong></span> <span class='ocrx_word' id='word_1_344' title='bbox 1207 2613 1218 2630; x_wconf 92' lang='lat'>,</span> <span class='ocrx_word' id='word_1_345' title='bbox 1242 2587 1284 2621; x_wconf 81' lang='lat' dir='ltr'><strong>ab</strong></span> <span class='ocrx_word' id='word_1_346' title='bbox 1299 2587 1406 2620; x_wconf 86' lang='lat' dir='ltr'><strong>altera</strong></span> <span class='ocrx_word' id='word_1_347' title='bbox 1421 2591 1519 2631; x_wconf 87' lang='lat' dir='ltr'><strong>parte</strong></span> <span class='ocrx_word' id='word_1_348' title='bbox 1535 2585 1675 2620; x_wconf 85' lang='lat' dir='ltr'><strong>adnavi-</strong></span> 
     </span>
     <span class='ocr_line' id='line_1_38' title="bbox 219 2631 1675 2679; baseline 0.003 -17"><span class='ocrx_word' id='word_1_349' title='bbox 219 2635 323 2674; x_wconf 86' lang='lat' dir='ltr'><strong>gante</strong></span> <span class='ocrx_word' id='word_1_350' title='bbox 337 2631 465 2664; x_wconf 83' lang='lat' dir='ltr'><strong>classe:</strong></span> <span class='ocrx_word' id='word_1_351' title='bbox 501 2631 606 2664; x_wconf 85' lang='lat' dir='ltr'><strong>ceteri</strong></span> <span class='ocrx_word' id='word_1_352' title='bbox 633 2643 714 2665; x_wconf 89' lang='lat' dir='ltr'><strong>vero</strong></span> <span class='ocrx_word' id='word_1_353' title='bbox 736 2633 779 2666; x_wconf 90' lang='lat' dir='ltr'><strong>ad</strong></span> <span class='ocrx_word' id='word_1_354' title='bbox 804 2638 966 2667; x_wconf 76' lang='lat' dir='ltr'><strong>terrestre</strong></span> <span class='ocrx_word' id='word_1_355' title='bbox 980 2634 1143 2678; x_wconf 82' lang='lat' dir='ltr'><strong>praelium</strong></span> <span class='ocrx_word' id='word_1_356' title='bbox 1166 2632 1293 2679; x_wconf 78' lang='lat' dir='ltr'><strong>parati,</strong></span> <span class='ocrx_word' id='word_1_357' title='bbox 1318 2631 1472 2666; x_wconf 81' lang='lat' dir='ltr'><strong>ordinata</strong></span> <span class='ocrx_word' id='word_1_358' title='bbox 1495 2631 1568 2666; x_wconf 81' lang='lat' dir='ltr'><strong>acie</strong></span> <span class='ocrx_word' id='word_1_359' title='bbox 1591 2643 1675 2676; x_wconf 88' lang='lat' dir='ltr'><strong>pro-</strong></span> 
     </span>
     <span class='ocr_line' id='line_1_39' title="bbox 219 2675 1674 2724; baseline 0.001 -16"><span class='ocrx_word' id='word_1_360' title='bbox 219 2675 392 2709; x_wconf 82' lang='lat' dir='ltr'><strong>cedebant.</strong></span> <span class='ocrx_word' id='word_1_361' title='bbox 440 2680 476 2709; x_wconf 86' lang='lat' dir='ltr'><strong>at</strong></span> <span class='ocrx_word' id='word_1_362' title='bbox 492 2676 626 2711; x_wconf 83' lang='lat' dir='ltr'><strong>Siculae</strong></span> <span class='ocrx_word' id='word_1_363' title='bbox 652 2688 776 2720; x_wconf 67' lang='lat' dir='ltr'><strong>naves,</strong></span> <span class='ocrx_word' id='word_1_364' title='bbox 799 2684 978 2724; x_wconf 80' lang='lat' dir='ltr'><strong>postquam</strong></span> <span class='ocrx_word' id='word_1_365' title='bbox 995 2679 1069 2712; x_wconf 92' lang='lat' dir='ltr'><strong>urbi</strong></span> <span class='ocrx_word' id='word_1_366' title='bbox 1091 2678 1424 2724; x_wconf 81' lang='lat' dir='ltr'><strong>appropinquarunt,</strong></span> <span class='ocrx_word' id='word_1_367' title='bbox 1449 2688 1522 2710; x_wconf 91' lang='lat' dir='ltr'><strong>cum</strong></span> <span class='ocrx_word' id='word_1_368' title='bbox 1538 2682 1674 2721; x_wconf 86' lang='lat' dir='ltr'><strong>portum</strong></span> 
     </span>
     <span class='ocr_line' id='line_1_40' title="bbox 215 2720 1672 2769; baseline 0.001 -15"><span class='ocrx_word' id='word_1_369' title='bbox 215 2720 331 2754; x_wconf 86' lang='lat' dir='ltr'><strong>subire</strong></span> <span class='ocrx_word' id='word_1_370' title='bbox 347 2721 521 2756; x_wconf 81' lang='lat' dir='ltr'><strong>confertim</strong></span> <span class='ocrx_word' id='word_1_371' title='bbox 538 2733 604 2755; x_wconf 92' lang='lat' dir='ltr'><strong>non</strong></span> <span class='ocrx_word' id='word_1_372' title='bbox 620 2728 759 2767; x_wconf 87' lang='lat' dir='ltr'><strong>possent</strong></span> <span class='ocrx_word' id='word_1_373' title='bbox 784 2726 878 2768; x_wconf 86' lang='lat' dir='ltr'><strong>(nam</strong></span> <span class='ocrx_word' id='word_1_374' title='bbox 904 2724 937 2758; x_wconf 87' lang='lat' dir='ltr'><strong>in</strong></span> <span class='ocrx_word' id='word_1_375' title='bbox 963 2723 1073 2758; x_wconf 89' lang='lat' dir='ltr'><strong>medio</strong></span> <span class='ocrx_word' id='word_1_376' title='bbox 1103 2724 1231 2769; x_wconf 82' lang='lat' dir='ltr'><strong>amplus</strong></span> <span class='ocrx_word' id='word_1_377' title='bbox 1252 2723 1334 2756; x_wconf 83' lang='lat' dir='ltr'><strong>satis</strong></span> <span class='ocrx_word' id='word_1_378' title='bbox 1349 2723 1472 2756; x_wconf 81' lang='lat' dir='ltr'><strong>sensim</strong></span> <span class='ocrx_word' id='word_1_379' title='bbox 1496 2722 1530 2756; x_wconf 90' lang='lat' dir='ltr'><strong>in</strong></span> <span class='ocrx_word' id='word_1_380' title='bbox 1545 2722 1672 2756; x_wconf 82' lang='lat' dir='ltr'><strong>exitum</strong></span> 
     </span>
     <span class='ocr_line' id='line_1_41' title="bbox 215 2766 1673 2814; baseline 0.003 -15"><span class='ocrx_word' id='word_1_381' title='bbox 215 2766 441 2810; x_wconf 85' lang='lat' dir='ltr'><strong>angustiorem</strong></span> <span class='ocrx_word' id='word_1_382' title='bbox 465 2766 604 2810; x_wconf 89' lang='lat' dir='ltr'><strong>desinit)</strong></span> <span class='ocrx_word' id='word_1_383' title='bbox 634 2768 749 2802; x_wconf 89' lang='lat' dir='ltr'><strong>decem</strong></span> <span class='ocrx_word' id='word_1_384' title='bbox 774 2768 870 2802; x_wconf 88' lang='lat' dir='ltr'><strong>simul</strong></span> <span class='ocrx_word' id='word_1_385' title='bbox 894 2780 956 2814; x_wconf 88' lang='lat' dir='ltr'><strong>per</strong></span> <span class='ocrx_word' id='word_1_386' title='bbox 982 2769 1074 2804; x_wconf 76' lang='lat' dir='ltr'><strong>vices</strong></span> <span class='ocrx_word' id='word_1_387' title='bbox 1094 2769 1207 2803; x_wconf 81' lang='lat' dir='ltr'><strong>divisis</strong></span> <span class='ocrx_word' id='word_1_388' title='bbox 1229 2768 1401 2802; x_wconf 85' lang='lat' dir='ltr'><strong>ordinibus</strong></span> <span class='ocrx_word' id='word_1_389' title='bbox 1427 2767 1673 2812; x_wconf 73' lang='lat' dir='ltr'><strong>ingrediuntur.</strong></span> 
     </span>
     <span class='ocr_line' id='line_1_42' title="bbox 217 2812 1671 2854; baseline 0.001 -10"><span class='ocrx_word' id='word_1_390' title='bbox 217 2818 286 2845; x_wconf 79' lang='lat' dir='ltr'><strong>tum</strong></span> <span class='ocrx_word' id='word_1_391' title='bbox 301 2823 381 2845; x_wconf 86' lang='lat' dir='ltr'><strong>vero</strong></span> <span class='ocrx_word' id='word_1_392' title='bbox 397 2812 526 2846; x_wconf 86' lang='lat' dir='ltr'><strong>Ducam</strong></span> <span class='ocrx_word' id='word_1_393' title='bbox 541 2812 647 2854; x_wconf 87' lang='lat' dir='ltr'><strong>aiunt,</strong></span> <span class='ocrx_word' id='word_1_394' title='bbox 673 2824 746 2848; x_wconf 90' lang='lat' dir='ltr'><strong>cum</strong></span> <span class='ocrx_word' id='word_1_395' title='bbox 763 2814 896 2848; x_wconf 77' lang='lat' dir='ltr'><strong>navium</strong></span> <span class='ocrx_word' id='word_1_396' title='bbox 913 2814 1082 2848; x_wconf 81' lang='lat' dir='ltr'><strong>hostilium</strong></span> <span class='ocrx_word' id='word_1_397' title='bbox 1098 2813 1304 2847; x_wconf 84' lang='lat' dir='ltr'><strong>multitudine</strong></span> <span class='ocrx_word' id='word_1_398' title='bbox 1318 2814 1513 2848; x_wconf 83' lang='lat' dir='ltr'><strong>exterritam</strong></span> <span class='ocrx_word' id='word_1_399' title='bbox 1531 2813 1671 2846; x_wconf 83' lang='lat' dir='ltr'><strong>classem</strong></span> 
     </span>
    </p>
   </div>
   <div class='ocr_carea' id='block_1_5' title="bbox 217 2857 1670 2906">
    <p class='ocr_par' dir='ltr' id='par_1_8' title="bbox 217 2857 1670 2906">
     <span class='ocr_line' id='line_1_43' title="bbox 217 2857 1670 2906; baseline 0.001 -14"><span class='ocrx_word' id='word_1_400' title='bbox 217 2858 400 2894; x_wconf 74' lang='lat' dir='ltr'><strong>Romanam</strong></span> <span class='ocrx_word' id='word_1_401' title='bbox 427 2857 574 2903; x_wconf 78' lang='lat' dir='ltr'><strong>videret,</strong></span> <span class='ocrx_word' id='word_1_402' title='bbox 608 2863 727 2905; x_wconf 87' lang='lat' dir='ltr'><strong>utpote</strong></span> <span class='ocrx_word' id='word_1_403' title='bbox 752 2860 902 2906; x_wconf 76' lang='lat' dir='ltr'><strong>exiguam</strong></span> <span class='ocrx_word' id='word_1_404' title='bbox 925 2860 1102 2898; x_wconf 81' lang='lat' dir='ltr'><strong>admodum</strong></span> <span class='ocrx_word' id='word_1_405' title='bbox 1128 2860 1204 2905; x_wconf 79' lang='lat' dir='ltr'><strong>(vix</strong></span> <span class='ocrx_word' id='word_1_406' title='bbox 1230 2860 1317 2895; x_wconf 86' lang='lat' dir='ltr'><strong>enim</strong></span> <span class='ocrx_word' id='word_1_407' title='bbox 1341 2866 1488 2906; x_wconf 81' lang='lat' dir='ltr'><strong>quatuor</strong></span> <span class='ocrx_word' id='word_1_408' title='bbox 1505 2858 1670 2904; x_wconf 76' lang='lat' dir='ltr'><strong>illisupm</strong></span> 
     </span>
    </p>
   </div>
  </div>
 </body>
</html>
