1878 3262
278 201 342 248 20
475 198 479 203 ’
703 197 1012 242 NICEPHORI
1043 197 1314 243 BRYENNII

277 321 349 371 τῆς
384 312 536 363 δύσεως
554 310 866 370 στρατευμάτων
889 312 1163 366 ἅποδέδειχεν,
1191 309 1237 353 ὃν
1257 309 1383 354 πάλαι
1406 311 1641 368 δομὲστικον
1659 316 1741 356 τῶν

279 387 435 438 σχολῶν
456 381 656 433 ἐκάλουν,
682 384 767 424 νυνὶ
793 383 836 424 δὲ
858 382 984 438 με’γαν
1003 385 1172 423 καλοῦσι
1191 380 1435 434 δομὲστικον.
1500 382 1553 423 τὰ
1574 383 1647 435 μὲν
1669 376 1742 423 οὖν

280 452 384 494 κατὰ
413 452 482 493 τὸν
503 450 702 493 Ἰσαάκιον
729 450 837 500 ὅπως
865 455 945 492 τῶν
969 451 1184 504 βασιλείων
1206 447 1418 503 ἐπελάβετο
1440 448 1651 507 σκήπτρων
1673 450 1741 492 καὶ

279 521 350 578 ἐφ’
378 519 472 562 ὅσον
491 522 556 562 καὶ
579 519 687 569 ὅπως
703 523 832 561 ταῦτα
854 521 1006 561 ‹illm-ve
1020 551 1031 570 ,
1061 518 1245 575 περιττὸν
1261 517 1310 559 ἂν
1332 518 1390 571 εἴη
1409 518 1552 572 λέγειν·
1587 519 1741 568 ἐξέσται

278 590 358 646 γὰρ
383 596 467 639 τοῖς
485 589 747 642 βουλομένοις
777 589 1043 643 ἀναλέγεσθαι
1070 591 1199 629 ταῦτα
1222 592 1311 635 ταῖς
1328 587 1416 642 περὶ
1441 590 1582 628 τοῦτον
1602 589 1774 642 {ww-5

276 657 454 712 χάνοντα
484 658 690 714 ἱστορίαις.
759 655 780 698 ὃ
806 658 847 698 δὲ
864 654 1050 710 Ἰωάννης
1070 656 1203 710 ἐπειδὴ
1223 659 1294 709 τῆς
1316 653 1468 704 δύσεως
1492 653 1742 711 ἄρχεινηὲλα-

276 744 371 780 χεν,
409 725 464 776 ὥς
492 725 513 767 ὃ
546 725 664 781 λόγος
693 723 864 782 φθάσας
894 724 1067 778 ἐδήλωσε
1076 757 1088 775 ,
1124 731 1315 778 μνημεῖον
1335 723 1509 777 ἅληστον
1528 723 1601 772 τὰς
1620 724 1745 764 αὐτοῦ

228 802 258 836 Β
282 795 445 852 πράξεις
466 796 648 837 κατέλιπε
669 795 803 853 Θρᾳξί
823 812 864 836 τε
886 795 951 836 καὶ
974 791 1191 839 ΖΥ-Ῑακεδόσι
1210 795 1276 835 καὶ
1297 793 1432 846 μέντοι
1455 793 1521 833 καὶ
1537 792 1746 848 Ἰλλυριοῖς

281 866 347 906 καὶ
368 862 620 920 Βουλγάροις
641 863 814 920 ἄρχουσί
829 880 870 904 τε
888 864 954 904 καὶ
976 862 1224 918 ἀρχολιιένοις.
1294 863 1360 902 καὶ
1383 861 1454 902 οὐκ
1473 855 1522 915 ἦν
1539 859 1582 910 ὃς
1602 860 1648 902 οὗ
1671 877 1744 902 πε-

277 935 442 990 πείρατο
465 937 537 987 τῆς
561 936 634 974 τοῦ
660 932 807 988 ἀνδρὸς
837 933 1163 987 καλοκαγαθίας·
1198 930 1370 984 ἐπιεικὴς
1392 929 1469 986 γὰρ
1494 930 1559 970 καὶ
1583 929 1745 985 μέτριος
1758 932 1801 967 10

280 996 387 1058 εἴπερ
418 1018 480 1050 τις
511 1000 633 1049 ἄλλος
665 999 895 1057 ἀνθρώπων
924 998 1132 1055 γενόμενος
1162 999 1235 1052 τὴν
1267 997 1455 1040 ἁπάντων
1477 997 1634 1039 εὔνοιαν
1655 999 1746 1039 ἕπε-

279 1068 466 1113 σπάσατο
478 1102 490 1120 ,
521 1069 623 1125 πρὸς
654 1070 726 1122 μὲν
747 1069 792 1111 τὸ
815 1070 1027 1124 εὐεργετεῖν
1048 1067 1240 1118 ὀξύτατος
1264 1066 1320 1109 ὢν
1342 1068 1408 1108 καὶ
1435 1064 1747 1117 συντονιότατος,

280 1138 382 1194 πρὸς
412 1138 454 1179 δὲ
486 1137 532 1179 τὸ
566 1136 744 1188 κολάζειν
776 1137 935 1191 ἀμβλὺς
968 1138 1034 1178 καὶ
1067 1137 1313 1190 δυσκίνητος.
1382 1133 1577 1190 τεκμήρια
1605 1135 1648 1176 δὲ
1675 1138 1749 1188 τῆς

280 1205 454 1261 τάνδρὸς
483 1206 627 1261 ἀρετῆς
655 1207 722 1247 καὶ
756 1205 861 1247 ἄλλα
893 1205 967 1258 μὲν
992 1209 1180 1255 πλεῖστα,
1217 1205 1291 1257 οὐχ
1310 1198 1430 1258 ἧττον
1452 1204 1495 1244 δὲ
1518 1205 1584 1244 καὶ
1605 1203 1650 1244 τὸ
1675 1202 1747 1257 τὴν

282 1276 491 1329 βασιλείαν
511 1272 897 1316 ἀποσκευάσασθαι·
933 1272 1042 1322 ὅπως
1062 1273 1125 1323 δέ,
1154 1272 1303 1328 προϊών
1326 1270 1346 1313 ὁ
1370 1270 1486 1326 λόγος
1506 1269 1690 1326 δηλώσει.
1758 1275 1803 1311 15

420 1342 466 1387 4.
539 1343 686 1397 Τρίτον
711 1342 798 1392 ἔτος
821 1340 953 1384 ἀνύων
977 1341 1055 1396 ἤδη
1073 1340 1178 1383 κατὰ
1199 1341 1270 1394 τὴν
1291 1342 1499 1394 βασιλείαν
1526 1337 1546 1380 ὅ
1573 1337 1750 1396 ἀδελφός

281 1429 323 1454 τε
347 1412 414 1453 καὶ
436 1411 628 1465 βασιλεὺς
650 1411 719 1453 τὸν
736 1416 808 1464 τῆς
826 1412 1109 1467 Προποντίδος
1129 1408 1376 1465 διαπεράσας
1394 1407 1585 1465 πορθμὸν
1607 1409 1648 1449 ἓν
1667 1414 1750 1457 τοῖς

234 1487 265 1521 C
287 1482 379 1537 περὶ
405 1480 451 1521 τὸ
474 1477 693 1534 Ὄνοράτου
721 1481 922 1533 πολίχνιον
948 1480 1202 1536 προαστείοις
1222 1478 1424 1532 ηὐλίζετο,
1460 1478 1522 1518 ἐπὶ
1548 1475 1686 1533 θήραν
1706 1492 1749 1518 τε

283 1552 459 1601 συνεχῶς
487 1547 601 1597 ἐξιών
634 1549 699 1588 καὶ
737 1548 783 1589 τὸ
817 1552 936 1600 σῶμα
961 1545 1183 1603 γυμνάζων.
1253 1545 1357 1587 ἀλλὰ
1379 1545 1475 1587 κατ’
1499 1545 1616 1586 οὐδὲν
1639 1545 1750 1600 αὐτῷ’

283 1617 477 1659 συνετέλει
501 1615 546 1657 τὸ
564 1613 805 1670 γυμνάσιον·
840 1613 946 1671 νόσῳ
966 1615 1043 1671 γὰρ
1065 1614 1287 1668 συνεσχὲθη
1307 1614 1548 1670 πλευρίτιδι,
1576 1615 1642 1654 καὶ
1660 1614 1805 1669 ‘cpi-20

282 1702 355 1740 την
376 1683 530 1740 ἡμέραν
552 1682 868 1741 ἐγκαρτερήσας,
899 1683 1034 1737 ἐπειδὴ
1056 1682 1208 1739 ᾔσθετο
1231 1680 1379 1723 ἑαυτοῦ
1399 1681 1456 1735 μὴ
1478 1681 1748 1734 καλῶς-ἔχον-

283 1770 374 1806 τος,
404 1755 460 1802 εἷς
482 1751 551 1794 τὸν
572 1752 782 1807 βασιλικὸν
805 1751 999 1794 εἴσελθών
1022 1749 1213 1808 δρόμωνα
1235 1752 1434 1805 ἐκομίσθη
1452 1748 1624 1806 πρὸςτὰ
1648 1747 1749 1791 ἀνά-

377 1870 434 1907 15.
459 1843 636 1915 δηλώσει]
659 1870 705 1905 v.
727 1866 913 1914 δηλώσειε.
1051 1870 1104 1906 18.
1126 1869 1191 1914 τε]
1214 1868 1259 1903 v.
1283 1865 1339 1904 δέ.

285 1986 358 2009 cem
381 1984 540 2008 summum
564 1970 792 2006 occiduorum
815 1970 1023 2005 exercituum
1040 1970 1241 2014 declaravit,
1269 1981 1368 2016 quem
1381 1970 1599 2006 domesticum
1613 1970 1748 2007 schola-

286 2032 359 2055 rum
376 2020 546 2053 vocabant
561 2018 636 2052 olim
649 2043 659 2059 ‚
684 2016 784 2051 hodie
799 2028 951 2061 magnum
967 2017 1183 2051 domesticum
1199 2017 1372 2062 appellare
1386 2029 1457 2051 mos
1472 2024 1534 2051 est.
1579 2017 1646 2051 iam
1661 2028 1748 2062 quo-

286 2066 385 2100 modo
401 2065 549 2099 Isaacius
563 2063 742 2109 imperium
755 2063 938 2109 arripuerit
948 2087 959 2104 ‚
985 2074 1119 2109 quaque
1133 2063 1265 2097 ratione
1279 2068 1314 2097 et
1328 2063 1484 2108 quamdiu
1497 2062 1664 2107 gesserit,
1678 2073 1748 2096 su·-

286 2121 534 2158 pervacaneum
564 2109 668 2144 suerit
696 2109 819 2154 exponi
851 2121 872 2143 a
903 2120 966 2144 me.
1012 2108 1128 2142 licebit
1153 2109 1239 2142 enim
1259 2120 1465 2152 cognoscere
1479 2109 1546 2143 ista
1558 2107 1749 2142 volentibus

286 2156 492 2191 commodius
522 2167 565 2189 ea
594 2159 711 2200 petere
743 2167 762 2188 e
792 2154 936 2200 publicis
964 2166 1052 2200 quae
1075 2159 1208 2188 exstant
1231 2154 1377 2189 historiis
1398 2161 1583 2200 temporum
1605 2153 1748 2189 illorum.

286 2203 430 2237 Ioannes
457 2212 561 2246 porro
589 2200 815 2234 Occiduarum
839 2200 984 2245 partium
1012 2211 1113 2242 cura,
1144 2201 1192 2234 uti
1207 2201 1369 2241 diximus,
1393 2205 1547 2244 suscepta
1562 2199 1749 2234 immortale

286 2251 536 2283 monumentum
559 2246 696 2279 virtutis
722 2257 802 2279 suae
828 2246 912 2280 actis
936 2246 1122 2290 insignibus
1147 2250 1182 2280 et
1206 2246 1441 2280 laudatissimis
1467 2244 1555 2290 apud
1579 2244 1747 2289 Thracas,

287 2293 496 2328 Macedonas
508 2317 518 2333 ‚
550 2291 687 2335 Illyrios
710 2298 745 2324 et
765 2292 931 2335 Bulgaros
945 2291 1080 2336 reliquit
1095 2291 1228 2325 summis
1243 2303 1280 2326 se
1294 2292 1388 2326 iuxta
1402 2291 1590 2334 infimisque
1606 2291 1749 2335 privatis

288 2345 325 2374 et
346 2337 592 2382 magistratibus
622 2348 665 2370 ex
689 2348 798 2381 aequo
823 2338 992 2382 probans,
1024 2337 1252 2382 neminemque
1278 2338 1375 2371 ullius
1395 2335 1528 2380 generis
1555 2342 1616 2369 aut
1646 2336 1749 2370 sortis

288 2397 370 2420 suae
395 2383 608 2418 humanitatis
632 2383 881 2427 aequitatisque
907 2388 1081 2428 expertem
1096 2383 1218 2416 sinens.
1266 2394 1361 2416 nemo
1376 2382 1433 2415 illo
1450 2381 1602 2423 facilior,
1631 2382 1748 2416 mode-

288 2431 416 2474 ratior,
448 2429 619 2462 amabilior
643 2428 816 2467 omnibus,
848 2428 974 2473 quippe
990 2428 1032 2461 ad
1049 2429 1323 2462 benefaciendum
1349 2426 1630 2473 promptissimus,
1661 2427 1748 2461 isto-

289 2488 356 2521 que
370 2476 404 2509 in
421 2475 530 2509 studio
547 2474 590 2508 de
605 2473 724 2519 quovis
741 2474 827 2507 bene
843 2473 988 2507 merendi
1003 2475 1098 2508 iuxta
1111 2474 1378 2518 diligentissimus
1394 2479 1428 2506 et
1443 2473 1746 2508 constantissimus.

288 2523 333 2555 ad
362 2521 566 2566 puniendum
596 2519 708 2563 segnis
738 2530 908 2563 aegreque
938 2520 1078 2554 mobilis.
1126 2520 1321 2553 documenta
1343 2529 1424 2552 vero
1438 2518 1575 2552 virtutis
1590 2518 1655 2552 viri
1672 2530 1746 2553 cum

288 2566 405 2600 afferri
421 2567 525 2600 multa
540 2565 688 2611 possint,
717 2569 787 2598 tum
813 2564 936 2600 nullum
951 2564 1112 2599 illustrius
1127 2564 1336 2600 recusatione
1349 2563 1499 2609 imperii,
1529 2563 1573 2598 de
1586 2575 1654 2610 qua
1669 2575 1747 2599 mox

332 2623 397 2646 am.
1689 2635 1692 2638 .
1719 2636 1722 2640 .

287 2622 331 2656 ag
378 2658 412 2690 4.
458 2655 612 2690 Tertium
628 2656 661 2689 in
677 2656 817 2702 imperio
833 2667 953 2689 annum
967 2665 1072 2700 agens
1087 2655 1158 2690 eius
1173 2656 1279 2690 frater
1293 2654 1440 2688 Isaacius
1455 2654 1648 2700 Augustus,
1671 2659 1746 2690 tra·-

285 2702 377 2736 iecto
393 2701 606 2746 Propontidis
620 2702 731 2746 freto,
760 2703 794 2736 in
812 2701 957 2736 Onorati
973 2700 1088 2746 oppidi
1111 2700 1277 2734 suburbiis
1300 2700 1556 2744 diversabantur,
1589 2707 1745 2735 venatum

288 2747 445 2782 continuo
464 2746 579 2780 exiens
606 2757 795 2792 corpusque
809 2757 982 2782 exercens.
1027 2747 1064 2780 id
1080 2746 1170 2792 quod
1186 2746 1232 2780 illi
1248 2757 1365 2791 parum
1381 2746 1518 2791 profuit.
1563 2745 1746 2792 pleuritide

287 2792 449 2838 siquidem
476 2795 673 2836 correptus,
704 2804 777 2826 cum
802 2793 914 2827 triduo
930 2792 963 2825 in
977 2792 1056 2825 loco‘
1071 2802 1207 2826 manens
1222 2792 1370 2826 morbum
1386 2793 1545 2835 frangere
1567 2796 1745 2835 tentasset,

285 2837 431 2885 denique
451 2837 537 2872 malo
560 2836 669 2872 victus
690 2837 852 2874 dromone
874 2837 1088 2883 imperatorio
1114 2847 1295 2873 conscenso
1317 2837 1352 2873 in
1369 2837 1530 2884 palatium
1544 2837 1744 2884 deportatus
