1878 3262
270 213 305 261 6
695 207 1003 255 NICEPHORI
1031 207 1302 253 BRYENNII

170 332 206 369 V
226 333 250 369 2
271 327 403 372 τοίνυν
435 328 516 368 τῶν
540 327 612 379 τῆς
632 323 842 379 βασιλείας
861 319 1074 380 σκήπτρων
1091 319 1380 376 ἐπιλαβομένου
1401 323 1468 365 καὶ
1490 332 1732 380 προτετιμη-

271 396 392 450 μένου
422 397 496 435 τοῦ
530 397 710 450 φυσικῶς
744 392 806 435 ἐπὶ
829 390 980 446 ταύτην
1005 391 1281 444 δικαιουμένου
1308 387 1351 445 (ὃ
1375 394 1448 432 τοῦ
1471 389 1615 433 Δούκα
1639 391 1732 433 Μι-

218 468 252 504 D
271 462 381 518 χαὴλ
406 455 523 511 οὗτός
544 456 593 516 ἦν
617 459 792 518 ἀδελφός
804 492 818 513 ,
845 461 1150 508 Κωνσταντΐνος
1172 453 1576 514 Πορφυρογέννητος)
1609 457 1629 500 ὃ
1658 460 1734 512 δη·-

272 531 422 580 λωθεὶς
443 529 658 584 Κσμνηνὸς
673 529 845 581 Ἀλεξιος
867 527 1038 571 συνιδών
1062 527 1108 570 τὸ
1131 530 1204 569 τοῦ
1225 523 1462 582 πράγματος
1482 525 1652 578 ἄτοπον,
1677 524 1735 576 ὥς

275 597 366 643 οὔτε
398 596 418 640 ὅ
448 602 520 653 τῆς
552 599 761 653 βασιλείας
791 599 944 649 δίκαιος
977 593 1225 652 κληρονόμος
1250 593 1316 635 ἐπ’
1342 594 1444 651 αὐτῇ
1467 595 1734 645 δεδικαίωται,
1758 599 1782 636 5

177 672 207 706 Ρ
231 673 254 710 3
278 666 368 710 οὔτε
391 665 528 721 μνήμη
553 683 614 716 τις
634 666 766 722 γέγονε
795 669 868 708 τοῦ
895 665 1050 707 δικαίου
1075 668 1147 719 τῆς
1166 662 1374 717 βασιλείας
1394 665 1467 704 τοῦ
1489 666 1738 718 προβεβασι-

274 733 463 784 λευκότος
490 736 606 776 θειόυ
639 735 764 776 αὐτοῦ
795 737 868 776 τοῦ
893 733 1095 775 Ἰσαακίου
1125 733 1364 786 Κομνηνοῦ,
1415 732 1471 779 εἷς
1500 728 1547 771 ὃν
1577 727 1738 772 πάντων

275 804 526 859 συνέδραμον
560 801 613 844 τὰ
645 800 861 856 θελήματα
894 803 961 843 καὶ
1003 799 1049 842 ὃν
1083 798 1228 851 πάντες
1265 796 1418 848 ἑκόντες
1451 799 1507 847 εἷς
1539 797 1635 849 τοὺς
1667 801 1740 852 τῆς

274 872 485 926 βασιλείας
508 868 704 926 ἀνήγαγον
736 869 882 920 ἄξονας
908 871 975 911 καὶ
995 867 1125 926 τούτῳ
1145 865 1401 924 κυριεύεσθαι
1427 867 1603 917 εἵλοντο,
1637 863 1741 907 ὥστε

274 939 366 981 τινὰ
388 942 467 980 τῶν
490 939 532 988 ἐξ
552 939 699 980 ἐκείνου
720 938 792 992 τὴν
811 941 884 981 τοῦ
904 938 1040 993 γένους
1061 934 1255 980 ἑλκόντων
1269 934 1405 991 σειρὰν
1419 931 1664 990 δικαιότερον
1686 934 1742 983 εἷς
1753 940 1798 976 10

224 1009 257 1045 Β
279 1011 397 1049 τοῦτο
419 1007 690 1062 λογίσασθαι,
725 1005 951 1060 ἤσχαλλεν,
986 1003 1224 1062 ἐδυσφόρει,
1259 1000 1483 1059 παρεζήλου
1517 1001 1563 1045 τὸ
1588 1003 1742 1043 δίκαιον

277 1072 383 1132 δρῶν
403 1072 687 1128 ἃθετούμενον,
717 1076 783 1115 καὶ
807 1074 936 1116 οὐκέτι
961 1074 1095 1130 φέρειν
1117 1071 1193 1126 εἶχε
1215 1071 1260 1113 τὸ
1284 1068 1501 1125 συμπεσόν.
1569 1068 1643 1113 κᾶν
1665 1068 1743 1126 γὰρ

279 1144 347 1185 καὶ
362 1141 407 1184 τὸ
431 1144 572 1185 οἲκεῖον
595 1142 760 1196 θέλημα
783 1143 1042 1191 συνιστῶντες
1069 1141 1107 1183 οἳ
1130 1135 1745 1195 τηνικαῦταπαραδυναστεῦειν

278 1208 470 1263 λαχόντες
511 1209 584 1263 τὴν
614 1211 686 1265 μὲν
719 1207 918 1252 ἀπώλειαν
950 1214 1023 1264 τῆς
1047 1207 1273 1264 Ῥωμαϊκῆς
1303 1208 1511 1262 βασιλείας
1545 1204 1599 1256 ὥς
1629 1205 1745 1247 οὐδέν

230 1276 261 1312 C
284 1279 515 1332 ἐλογίζοντο,
536 1276 580 1318 τὸ
596 1278 638 1319 ὁὲ
650 1276 750 1333 πρὸς
761 1277 832 1331 τὴν
845 1277 977 1319 αὐτῶν
996 1274 1123 1332 μόνην
1142 1276 1362 1332 θεραπείαν
1384 1275 1623 1329 ἐπελέγοντο,
1645 1272 1741 1315 ἀλλ’
1757 1278 1801 1315 15

280 1346 426 1395 ἐκεῖνος
448 1345 521 1400 τὴν
545 1347 715 1402 καρδίαν
732 1343 969 1398 νυττόμενος
999 1346 1066 1389 καὶ
1093 1344 1138 1386 τὸ
1163 1348 1235 1398 τῆς
1255 1346 1393 1397 ψυχῆς
1421 1341 1575 1391 δεικνὺς
1597 1341 1746 1397 εὐγενές

281 1414 354 1455 οὔκ
376 1413 549 1467 ἠνείχετο
574 1420 657 1462 τοῖς
681 1411 785 1455 οὕτω
809 1413 1163 1470 διαπραττομένοις
1189 1409 1451 1468 ἔφησυχάζειν
1483 1411 1550 1453 καὶ
1579 1409 1649 1451 τὸν
1682 1410 1748 1452 ἐπὶ

281 1485 332 1537 τῇ
349 1482 538 1541 βασιλεία
556 1479 831 1534 δικαιούμενον
851 1485 1036 1537 καθορᾶν
1055 1479 1175 1537 ἑτέρῳ
1197 1479 1254 1533 μὴ
1280 1478 1542 1534 δικαιουμένῳ
1568 1475 1747 1519 ὑποτατ-

228 1558 263 1595 D
285 1546 465 1604 τόμενον.
534 1547 642 1599 ὅπως
661 1549 735 1603 μὲν
757 1543 828 1590 οὖν
856 1547 877 1590 ὃ
900 1547 1114 1604 Κομνηνὸς
1141 1551 1199 1606 τῷ
1220 1547 1384 1604 ἀδελφῷ
1402 1545 1660 1602 προσηνέχθη
1689 1547 1750 1604 τῷ

377 1656 433 1690 11.
456 1630 659 1699 ἤσχαλλεν]
682 1654 736 1689 Ita
757 1655 800 1689 P.
822 1666 885 1700 pro
907 1650 1075 1700 ἤσχαλεν.
1223 1654 1279 1688 19.
1302 1648 1747 1742 προσηνέχθη-οἰκείαιὲ

373 1700 414 1733 Ρ.
437 1697 671 1744 προσηνέχθη
705 1701 772 1734 τοῦ
806 1699 982 1746 βασιλέως
1007 1696 1157 1744 Μιχαὴλ
1186 1698 1255 1734 τοῦ
1278 1694 1430 1733 Δούκοι·
1465 1695 1528 1731 καὶ
1553 1694 1674 1733 αὔτοῦ

374 1743 514 1780 τούτου
538 1743 606 1782 τὸν
629 1744 717 1782 υἱὸν
737 1746 784 1793 τῇ
810 1745 939 1793 οἰκείᾳ.
1074 1745 1076 1747 ’

285 1835 421 1879 sceptra
448 1834 657 1880 principatus
683 1835 928 1880 arripuissent,
959 1835 1074 1880 sicque
1109 1836 1282 1881 praelatus
1316 1835 1352 1870 in
1382 1833 1510 1880 imperii
1535 1832 1751 1868 successione

284 1880 385 1914 homo
412 1880 563 1924 privatus
589 1881 686 1915 alieni
713 1882 845 1925 generis
861 1881 979 1915 Ducae
998 1881 1095 1915 fratri
1113 1882 1333 1915 Constantino
1351 1879 1647 1926 Porphyrogenito
1664 1879 1750 1912 fuis-

287 1929 360 1966 set,
394 1925 524 1968 iuveni,
557 1926 614 1970 qui
641 1926 944 1970 consanguinitatis
969 1927 1208 1971 praerogativa
1234 1927 1386 1961 naturale
1409 1927 1461 1960 ius
1489 1926 1533 1960 ad
1561 1935 1750 1969 supremam

287 1974 493 2015 potestatem
516 1971 612 2005 velut
637 1972 681 2004 ad
704 1973 898 2006 familiarem
930 1972 1172 2007 haereditatem
1199 1973 1369 2008 afferebat
1393 1972 1508 2006 domo:
1539 1980 1751 2014 concoquere

286 2015 400 2048 talium
423 2015 728 2052 inconvenientiam
746 2022 896 2051 actorum
913 2017 1103 2052 comnenus
1119 2018 1256 2051 Alexius
1272 2018 1360 2052 haud
1375 2020 1532 2062 poterat,
1564 2026 1676 2050 secum
1692 2025 1752 2048 as-

288 2060 386 2094 sidue
404 2067 583 2104 reputans,
614 2073 713 2108 quam
739 2063 888 2107 iniquum
913 2062 1152 2107 indignumque
1168 2067 1258 2097 esset
1272 2063 1371 2098 deiici
1386 2074 1429 2097 ex
1447 2073 1507 2108 spe
1523 2060 1673 2106 proxima
1688 2059 1752 2093 de-

288 2105 440 2148 signatos
465 2107 507 2139 ab
532 2106 607 2151 ipsa
626 2112 752 2142 natura
776 2108 972 2142 candidatos
998 2109 1114 2143 summi
1140 2109 1295 2154 honoris,
1328 2114 1362 2142 et
1385 2119 1451 2142 non
1475 2107 1581 2141 solum
1605 2104 1752 2139 familiae

287 2149 463 2193 regnantis
488 2154 539 2184 tot
564 2153 732 2196 capitibus
755 2153 933 2187 diademati
957 2153 1122 2197 gestando
1140 2153 1267 2188 idoneis
1285 2164 1480 2191 numerosae
1496 2152 1616 2186 nunam
1633 2149 1752 2185 haberi

289 2195 475 2237 rationem,
507 2197 568 2230 sed
584 2208 626 2230 ne
643 2198 841 2234 mentionem
857 2199 989 2243 quidem
1005 2204 1064 2233 aut
1078 2204 1268 2246 respectum
1283 2211 1359 2234 esse
1375 2199 1475 2233 unum
1489 2197 1570 2233 iuris
1585 2195 1627 2229 ad
1642 2195 1751 2241 impe-

290 2240 433 2276 randum
461 2241 552 2284 genti
570 2242 760 2277 Comnenae
777 2241 995 2289 competentis
1011 2256 1053 2278 ex
1070 2255 1109 2278 eo
1126 2251 1280 2290 tempore
1292 2273 1302 2288 ,
1333 2256 1399 2289 quo
1416 2242 1561 2279 Isaacius
1578 2242 1752 2285 Augustus

292 2286 538 2320 Comnenorum
562 2298 650 2322 nunc
673 2289 858 2324 viventium
884 2294 1024 2334 patruus
1045 2289 1199 2336 adeptum
1225 2291 1396 2334 suffragiis
1419 2286 1656 2328 concordibus,
1687 2298 1750 2320 nec

292 2331 415 2366 minori
439 2332 685 2376 approbatione
711 2339 905 2369 cunctorum
929 2341 1060 2379 gestum
1076 2336 1297 2381 principatum
1313 2335 1346 2369 in
1362 2335 1473 2371 Ducas
1490 2333 1578 2367 ultro
1593 2332 1752 2365 transmi-

292 2381 395 2424 serat.
444 2388 487 2410 ex
503 2388 568 2424 quo
587 2383 662 2411 erat
677 2390 906 2424 consequens,
938 2380 967 2413 si
992 2391 1089 2415 casus
1121 2385 1180 2415 aut
1213 2386 1344 2426 tempus
1359 2379 1539 2419 incideret,
1573 2389 1638 2421 quo
1655 2376 1752 2421 genti

292 2421 462 2457 Ducarum
478 2433 617 2466 regnum
631 2425 872 2468 abrogaretur,
897 2425 1020 2459 aditum
1047 2437 1113 2460 non
1134 2426 1269 2462 dubium
1293 2424 1472 2460 Conmenis
1499 2423 1621 2469 aperiri
1645 2423 1752 2457 cadu-

295 2478 357 2501 cae
372 2467 533 2502 maiorum
545 2469 759 2503 haereditatis
774 2470 978 2514 repetendae
994 2470 1289 2516 vindicandaeque.
1335 2470 1385 2506 his
1400 2470 1534 2512 inquam
1550 2479 1674 2512 susque
1688 2468 1752 2502 de-

295 2523 363 2556 que
388 2512 511 2546 habitis
536 2525 610 2547 cum
633 2519 788 2549 cerneret
808 2526 870 2560 per
896 2517 945 2549 fas
968 2526 1179 2562 aequumque
1207 2520 1354 2562 spretum
1380 2515 1500 2559 passim
1518 2518 1554 2547 et
1570 2514 1750 2556 abiectum,

295 2567 358 2602 per
383 2557 458 2589 iura
478 2562 513 2591 et
536 2559 683 2602 legitima
700 2561 810 2594 omnia
826 2561 952 2594 violata
968 2561 1161 2609 calcataque
1178 2562 1282 2596 libere
1296 2560 1463 2605 grassari,
1499 2560 1673 2604 palamque
1688 2570 1751 2593 ex-

296 2602 422 2635 sultare
438 2602 601 2654 licentiam
619 2617 800 2650 paucorum
815 2606 1053 2653 improborum,
1082 2607 1141 2652 qui
1169 2611 1294 2641 temere
1317 2605 1358 2639 ad
1386 2605 1557 2651 propriam
1583 2604 1751 2638 libidinem

298 2647 413 2680 orbem
428 2658 476 2680 rei
491 2649 643 2692 publicae
658 2656 915 2688 converterantx
948 2651 1144 2696 ringebatur
1167 2651 1322 2687 videlicet
1335 2661 1376 2684 ac
1393 2651 1659 2686 discruciabatur
1676 2649 1752 2683 ani-

295 2702 360 2726 mo.
381 2736 390 2745 ι
408 2695 443 2724 ct
470 2703 668 2738 quamquam
701 2697 757 2740 qui
783 2707 895 2730 rerum
921 2698 1138 2741 potiebantur
1163 2696 1265 2731 astuti
1293 2696 1439 2729 homines
1466 2701 1644 2740 utcumque
1670 2694 1751 2729 nihil

295 2747 393 2816 gensx
416 2737 586 2771 habebant
608 2741 756 2774 rationes
772 2741 834 2774 sibi
847 2767 857 2783 ‚
888 2753 930 2776 ac
944 2752 1021 2786 spes
1038 2743 1187 2786 privatas
1202 2742 1401 2776 detrimento
1413 2769 1423 2784 ,
1453 2741 1550 2775 immo
1567 2740 1670 2776 exitio
1685 2750 1752 2786 pu-

321 2782 383 2815 hco
400 2783 586 2835 epatica-e,
618 2796 685 2818 non
709 2786 908 2820 omittebant
925 2786 1065 2820 honesta
1079 2787 1223 2821 tectoria
1238 2787 1345 2820 foedis
1360 2786 1459 2820 factis
1479 2786 1683 2828 obtendere,
1715 2789 1751 2819 et

297 2837 373 2864 cum
387 2828 470 2863 anos
496 2828 620 2864 blando
637 2841 790 2866 sermone
810 2831 950 2867 delinire
963 2837 1157 2877 magnates,
1187 2837 1255 2869 tum
1271 2832 1448 2868 Comnenis
1461 2857 1471 2877 ‚
1502 2844 1524 2868 a
1545 2831 1666 2878 quibus
1686 2830 1750 2866 sibi
