1878 3262
637 194 1035 247 HISTORIARUM
1067 204 1116 247 L.
1142 203 1224 248 IV.
1585 205 1680 252 151

217 318 275 367 εἷς
297 313 436 359 στενὸν
457 317 606 374 κομιδῇ
633 314 786 376 ἒχώρει.
854 316 882 373 ἦ
901 316 1017 376 φήμη
1044 319 1178 363 τοίνυν
1195 321 1252 372 εἷς
1267 322 1404 363 πᾶσαν
1423 319 1683 379 ἐκδραμοῦσα

212 385 286 440 τὴν
300 383 475 428 Ἰταλίαν
492 386 539 428 τὸ
553 384 765 441 Ῥωμαίων
789 384 1002 442 ἆπανταχῆ
1021 387 1274 446 διεκήρυττεν
1295 388 1468 444 ἄμαχον.
1538 392 1604 433 καὶ
1627 389 1682 433 εἶ-

211 455 285 496 δον
302 451 392 496 τότε
408 453 555 497 Ἰταλοὶ
570 453 808 510 Ῥωμαίους,
842 449 900 498 ὧν
918 455 1083 513 ἀπείρου
1102 457 1181 513 ἤδη
1198 462 1272 500 τοῦ
1285 456 1436 516 χρόνου
1457 456 1682 514 πολεμούν-
1704 477 1735 512 P
1758 477 1804 512 83

210 539 292 566 των
308 523 448 580 σφίσιν
480 524 553 566 οὐκ
574 523 849 583 ἐπειράθησαν
857 556 871 576 ,
906 522 1040 567 πάντα
1069 524 1267 578 καθάπαξ
1286 527 1338 569 τὰ
1356 527 1490 571 αὐτῶν
1511 527 1683 585 ἄγοντάς

177 598 252 636 ὅτε
272 593 340 634 καὶ
359 593 570 650 φέροντας.
636 594 755 650 μέχρι
778 593 852 647 μὲν
876 586 949 635 οὖν
972 594 1039 635 καὶ
1073 594 1254 636 ἐνταῦθα
1273 595 1378 638 κατὰ
1402 595 1498 654 ῥοῦν
1518 597 1680 655 ἐφέρετο

202 658 417 715 Ῥωμαίοις
443 663 496 704 τὰ
528 660 770 719 πράγματα,
814 661 860 704 τὸ
889 662 930 704 δ’
963 662 1149 707 ἐντεῦθεν
1179 661 1490 719 ὕποβασκαίνειν
1521 664 1547 720 1‘1
1577 664 1678 721 τύχη

207 736 291 780 τοῖς
310 729 609 788 εὖκληρήμασιν
626 730 792 788 ἤρξατο.
835 727 954 781 νόσος
970 731 1049 788 γὰρ
1069 735 1128 790 τῷ
1144 730 1420 791 Παλαιολόγῳ
1437 733 1679 789 ε’νσκήψασα

205 797 376 856 λάβροις
394 800 465 842 τὸν
485 799 707 857 ἄνθρωπον
724 807 910 856 πυρετοῖς
927 801 1168 854 ε’καμίνευεν,
1204 800 1251 843 οὗ
1269 798 1464 858 πρότερόν
1482 819 1522 844 τε
1541 803 1679 858 ἔληξεν

206 867 361 922 ἰκμάδα
391 869 650 924 ἐπινεμομένη
677 867 809 928 τούτῳ
843 869 917 924 τὴν
942 869 1117 926 φυσικὴν
1146 870 1240 927 πρὶν
1269 868 1319 912 ἂν
1350 869 1396 911 τὸ
1426 870 1502 924 μὲν
1521 876 1679 927 πρῶτον

148 942 194 978 10
206 936 518 994 ἀποθρίξασθαι
538 936 775 994 ἠνάγκασεν,
810 936 931 996 ὀλίγῳ
951 939 994 980 δὲ
1009 937 1178 995 ὕστερον
1197 939 1264 980 καὶ
1285 939 1328 989 ἐξ
1350 937 1582 996 ἀνθρώπων
1602 939 1679 980 αὖ-

204 1005 275 1048 τὸν
307 1004 537 1061 ἐποιήσατο.
607 1006 699 1063 ἄρτι
727 1006 802 1061 μὲν
833 1006 911 1063 γὰρ
937 1007 989 1050 τὰ
1016 1008 1174 1064 τρίχινα
1205 1007 1430 1065 ἠμφίεστο,
1476 1009 1542 1050 καὶ
1570 1006 1680 1068 ῥᾴων

206 1073 305 1117 εἶναι
334 1073 456 1126 δόξας
477 1074 548 1118 τὸν
577 1073 744 1117 Δούκαν
761 1075 825 1116 ἐπὶ
857 1075 933 1126 τὰς
961 1075 1088 1128 ἄλλας
1110 1076 1209 1118 ἴέναι
1238 1076 1507 1133 προύτρέπετο
1527 1075 1674 1129 πόλεις,
1698 1090 1727 1124 Β

204 1143 256 1193 ἃς
275 1143 326 1198 δὴ
347 1142 590 1200 ἄχειρώτους
609 1143 666 1186 ἔτι
682 1142 897 1198 Ῥωμαίοις
920 1145 1150 1200 συνέβαινεν
1169 1142 1282 1188 εἶναι.
1352 1146 1420 1187 καὶ
1442 1146 1556 1203 τρίτῃ
1580 1145 1673 1200 μετ’

204 1212 353 1267 ἐκείνην
372 1210 504 1272 ἡμέρᾳ
532 1207 657 1263 αὖθις
677 1214 719 1255 ἔν
744 1220 883 1264 κακοῖς
900 1208 950 1268 ἦν
961 1247 974 1267 ,
1006 1213 1030 1257 ὃ
1048 1212 1281 1268 πυθόμενος
1298 1211 1320 1256 ὅ
1338 1211 1506 1264 Δοῦκας
1522 1216 1586 1256 ἐπὶ
1604 1214 1677 1269 τὴν

150 1283 336 1338 15Βᾶριν
367 1280 571 1339 ἀνεχώρει.
640 1281 853 1337 τεθνηκότι
885 1283 928 1324 δὲ
945 1283 1024 1338 ἤδη
1050 1281 1181 1340 τούτῳ
1204 1283 1521 1339 περιτετυχηκιὺς
1539 1283 1584 1325 τὸ
1603 1283 1678 1338 μὲν

201 1354 322 1404 σῶμα
349 1354 460 1408 σορῷ
491 1351 775 1408 παραδέδωκε,
810 1349 943 1394 πάντα
962 1351 1127 1402 τελέσας
1154 1349 1232 1394 ὅσα
1251 1349 1392 1405 νόμοις
1410 1354 1677 1409 Χριστιανοῖς

200 1419 265 1460 ἐπὶ
284 1422 336 1476 τῇ
357 1417 449 1479 ὁσία
470 1426 597 1462 ποιεῖν
618 1420 773 1462 δίδωσι.
841 1420 894 1462 τὰ
924 1421 968 1463 δὲ
989 1421 1052 1462 ἐπὶ
1075 1418 1246 1478 Βάρεως
1270 1414 1315 1463 εὖ
1338 1421 1579 1474 διαθέμενος
1596 1419 1676 1475 μό-

198 1504 269 1538 νος
285 1487 331 1531 τὸ
349 1487 552 1544 λοιπὸν,τὸ
568 1492 649 1531 τῶν
665 1486 915 1546 πραγμάτων
934 1490 1170 1544 ἀναδέχεται
1191 1487 1352 1546 κράτος,

338 1556 382 1601 8.
444 1555 495 1600 ‘O
521 1558 595 1612 μὲν
623 1557 674 1613 δὴ
694 1556 983 1614 Παλαιολόγος
1013 1558 1118 1600 οὕτω
1139 1558 1190 1612 δὴ
1209 1557 1279 1600 τὸν
1295 1559 1387 1611 βίον
1404 1555 1724 1611 μετήλλαξεν,,ν
1747 1571 1793 1606 69

146 1624 302 1683 Ξοᾶνὴρ
328 1626 515 1682 ἀγχίνους
532 1643 575 1669 τε
600 1628 667 1668 καὶ
699 1625 833 1677 ἄλλως
867 1627 923 1670 ὢν
942 1629 1008 1669 καὶ
1028 1627 1233 1681 πολεμίοις
1255 1624 1447 1681 ὁμιλῆσαι
1465 1623 1674 1682 πράγμασι

201 1693 428 1744 δεινότατος
457 1694 514 1737 ὢν
545 1693 736 1749 μάλιστα.
806 1694 828 1738 ὃ
858 1697 902 1738 δὲ
933 1694 1101 1746 Δοῦκας
1123 1695 1170 1738 τὸ
1190 1693 1424 1752 στράτευμα
1456 1694 1675 1749 ἀναλαβὼν

200 1762 303 1805 εῧθὺ
328 1764 568 1820 Βρεντεσίου
597 1762 759 1825 ἐχώρει..
820 1762 884 1808 ὅτε
909 1765 959 1820 δὴ
991 1767 1058 1808 καὶ
1089 1765 1334 1818 Βασαβίλαν
1366 1762 1498 1822 ἑαυτῷ
1518 1761 1669 1817 συστή·
1694 1776 1724 1810 C

292 1905 326 1940 8.
353 1901 520 1950 λάβροις]
547 1905 635 1940 eod,
653 1902 816 1946 λαύροις.
911 1908 966 1942 16.
992 1904 1138 1950 νόμοις]
1161 1906 1257 1944 Fert,
1270 1902 1386 1947 νόμος
1406 1907 1445 1938 ut
1469 1914 1587 1937 sensus
1604 1903 1670 1937 sit:

292 1962 513 1996 quaecunque
526 1961 608 1985 usus
629 1951 839 1985 Christianis
860 1952 899 1985 in
916 1954 1063 1997 exequiis
1082 1956 1206 1997 facere
1221 1952 1390 1996 iuiungit.
1478 1950 1535 1984 22.
1560 1951 1670 1994 Βρεν-

292 2041 438 2086 τεσίου]
464 2041 550 2077 Cod.
575 2006 815 2087 Βρόὲντιῗσίου.

199 2165 339 2211 vulgata
361 2177 425 2212 per
448 2169 554 2200 totam
578 2166 711 2201 Italiam
727 2167 818 2200 sama
842 2165 1000 2199 invictam
1014 2165 1140 2210 passim
1155 2165 1315 2200 virtutem
1331 2165 1515 2199 Romanam
1530 2164 1670 2209 praedi-

199 2218 306 2246 caret.
353 2212 540 2257 videreque
554 2215 624 2246 tum
640 2213 722 2246 Itali
736 2224 757 2246 a
772 2211 932 2248 Romanis
946 2238 956 2254 ‚
980 2223 1121 2256 quorum
1138 2223 1159 2246 a
1171 2211 1284 2246 multis
1305 2215 1400 2245 retro
1416 2210 1562 2245 saeculis
1577 2221 1670 2244 arma

198 2270 267 2293 non
282 2259 421 2292 fuerant
438 2259 594 2303 experti,
619 2269 680 2292 sua
705 2259 816 2292 omnia
830 2258 955 2302 ubique
968 2257 1064 2303 diripi
1080 2262 1115 2291 et
1129 2257 1270 2293 auferri.
1318 2257 1384 2290 huc
1398 2267 1506 2302 usque
1519 2257 1669 2290 secundo

197 2310 304 2339 vento
321 2309 442 2338 cuncta
457 2305 618 2338 Romanis
636 2316 787 2339 cessere:
813 2303 871 2337 sed
886 2315 962 2337 mox
974 2303 1096 2338 invidit
1109 2308 1163 2338 tot
1179 2303 1351 2350 prosperis
1366 2302 1580 2337 successibus
1595 2304 1670 2336 for-

197 2356 292 2384 tuna.
339 2351 476 2384 morbus
501 2362 645 2395 namque
667 2350 906 2394 Palaeologum
930 2350 1133 2396 corripiens,
1164 2349 1279 2383 valida
1303 2348 1470 2383 hominem
1495 2349 1592 2382 febre
1607 2348 1670 2381 de-

197 2396 312 2430 coxit:
337 2408 401 2431 nec
425 2396 520 2442 prius
542 2397 674 2430 destitit
697 2397 852 2430 humores
874 2396 1044 2430 naturales
1059 2407 1275 2438 consumere,
1299 2406 1398 2439 quam
1414 2394 1520 2439 primo
1536 2393 1669 2438 quidem

199 2453 325 2476 comam
354 2442 525 2488 deponere
551 2454 626 2477 eum
651 2443 838 2486 coegisset,
873 2453 914 2476 ac
939 2443 1040 2488 paulo
1069 2447 1148 2488 post
1171 2442 1274 2475 rebus
1299 2441 1451 2475 humanis
1475 2439 1670 2473 exemisset.

199 2488 363 2522 cilicinam
390 2488 475 2522 enim
505 2495 635 2523 vestem
669 2489 734 2522 iam
758 2488 932 2530 induerat,
963 2499 1004 2521 ac
1027 2500 1100 2522 cum
1128 2487 1245 2521 melius
1262 2487 1388 2520 babere
1403 2485 1466 2519 sibi
1480 2485 1670 2528 videretur,

198 2533 327 2567 Ducam
344 2539 382 2568 ut
406 2535 448 2568 ad
474 2539 607 2569 ceteras
629 2535 695 2568 iret
717 2534 894 2576 civitates,
919 2545 1004 2579 quas
1028 2534 1171 2568 nondum
1188 2536 1348 2577 ceperant
1362 2531 1526 2575 Romani,
1550 2531 1670 2564 horta-

199 2585 256 2614 tus
271 2584 355 2617 erat.
403 2579 466 2614 sed
485 2581 572 2614 enim
587 2581 689 2614 tertio
715 2586 793 2626 post
807 2580 862 2614 dio
884 2591 1014 2613 rursum
1030 2579 1203 2613 recruduit
1217 2579 1363 2612 morbus.
1409 2577 1446 2610 id
1462 2577 1518 2611 ubi
1534 2577 1669 2621 accepit

201 2624 329 2667 Dums,
356 2626 471 2660 Barim
488 2638 646 2660 reversus
667 2631 731 2668 est,
757 2630 861 2671 atque
875 2626 933 2659 illo
949 2625 1014 2659 iam
1030 2626 1190 2659 defuncto
1205 2651 1215 2667 ‚
1248 2635 1287 2657 co
1332 2634 1371 2657 us
1394 2623 1552 2668 sepulcro
1573 2633 1670 2656 man-

202 2669 313 2713 davit,
338 2672 470 2717 aliaque
486 2672 598 2707 omnia
612 2673 812 2718 procuravit
823 2699 834 2714 ‚
858 2683 946 2717 quae
960 2683 1004 2706 ex
1023 2635 1380 2713 christianorumrssge
1395 2669 1501 2703 sacris
1517 2667 1668 2714 exequiis

203 2715 378 2752 debentur.
426 2718 476 2752 his
489 2720 592 2752 rebus
607 2719 689 2753 Bari
705 2719 852 2764 peractis
865 2746 875 2763 ,
900 2729 1059 2752 summam
1074 2727 1183 2751 rerum
1203 2715 1294 2749 solus
1309 2715 1467 2749 obtinuit.

297 2763 330 2797 8.
374 2763 476 2798 Hunc
499 2765 624 2799 exitum
648 2765 766 2798 habuit
791 2764 1031 2808 Pabeologus,
1054 2763 1125 2797 acri
1146 2762 1201 2795 vit·
1215 2761 1372 2806 ingenie,
1397 2766 1432 2795 et
1447 2760 1498 2795 rei
1516 2758 1668 2794 militaris

203 2806 437 2852 peritissimus.
491 2810 606 2844 Ducas
629 2822 712 2845 vero
731 2816 872 2856 accepto
888 2810 1040 2844 exercitu
1055 2820 1173 2843 versus
1188 2807 1413 2842 Brundusium
1429 2805 1667 2852 proficiscitur,

204 2863 271 2897 quo
286 2852 508 2899 Bassavillam
520 2855 586 2891 sibi
602 2857 779 2892 confestim
794 2856 994 2893 conciliaret
1004 2884 1015 2901 ‚
1039 2855 1096 2902 qui
1112 2855 1176 2890 hae
1189 2854 1234 2889 de
1250 2864 1353 2889 causa
1368 2853 1552 2888 defecerat.
1599 2849 1667 2892 ine,
