1878 3262
243 168 342 215 222
695 165 902 210 CAROLI
934 166 1016 210 DU
1046 166 1263 210 FRESNE

245 277 298 317 ad
327 283 458 328 togam
486 272 660 312 decursis
686 272 966 314 illustrioribus
994 273 1072 312 sori
1100 278 1141 313 et
1167 273 1304 327 palatii
1329 275 1426 328 regii
1453 275 1711 330 dignitatibus

247 334 505 374 transierunt.

464 407 521 417 —
571 391 632 415 '—-—
686 409 742 416 —
799 388 963 425 tametsi
980 387 1087 426 bella
1113 389 1300 440 quierunt
1319 386 1378 440 ¹),

467 456 547 481 non
563 444 685 494 periit
700 445 854 494 virtus,
886 444 979 481 licet
996 458 1166 482 exercere
1182 452 1346 496 togatae

470 513 640 537 munera
657 500 830 539 militiae
851 508 888 538 et
906 503 991 539 sine
1004 503 1222 554 sanguinis
1239 501 1394 540 haustu

470 558 589 594 mitia
611 557 791 608 legitimo
812 557 888 595 sub
907 556 1042 595 iudice
1061 558 1165 596 bella
1182 559 1296 596 tueri.

252 612 404 666 primus
430 618 561 651 autem
588 625 638 650 ex
664 613 873 652 clarissima
900 614 1256 653 Normannicorum
1283 611 1537 652 Balliolorum
1565 611 1712 650 familia

251 671 340 709 foro
358 682 500 707 nomen
523 669 631 707 dedit
652 670 853 709 Nmomus
873 684 923 708 DE
943 671 1169 720 Rumam,
1199 671 1267 721 qui
1296 669 1472 720 deposito
1501 668 1574 706 sub
1599 667 1721 706 Heu*

252 726 337 765 rico
356 726 407 764 M.
428 726 552 765 veluti
571 726 755 765 tirocinio
783 727 1006 778 relictisque
1035 728 1271 779 militaribus
1291 725 1443 775 studiis,
1470 725 1511 763 in
1531 737 1721 776 supremo*
1788 761 1790 763 ,

254 783 461 821 Parisiensi
484 783 692 821 dicasterio
719 789 877 822 senator
900 785 1050 834 factus,
1081 784 1223 823 deinde
1254 783 1476 822 libellorum
1495 781 1718 833 supplicum

254 839 438 890 magister
465 845 506 877 et
539 845 629 891 post
655 840 828 879 diversas
848 840 1056 892 legationes
1074 847 1302 893 praeturam
1321 839 1507 891 adeptus,
1536 838 1627 876 urbi
1644 837 1718 876 tle-⁴

256 897 377 946 nique
405 897 539 946 reique
568 897 727 934 urbicae
750 897 910 937 tertium
928 898 1174 950 praepositus
1188 927 1200 948 ,
1229 903 1366 936 tantus
1388 895 1535 945 ubique
1550 895 1614 934 vir
1628 894 1718 944 suit,

255 957 304 990 ut
322 952 501 990 omnibus
524 952 823 991 admirationem
841 955 902 992 sui
925 954 1174 1005 relinqueret.
1230 966 1385 1006 praeses
1410 952 1567 990 demum
1589 951 1631 989 iu
1654 963 1720 989 se-

256 1014 354 1048 natu
385 1009 572 1046 insulatus
602 1023 623 1046 a
651 1022 740 1060 rege
767 1010 896 1049 dictus
924 1018 964 1049 et
995 1011 1037 1049 in
1069 1025 1223 1049 sacrum
1258 1010 1524 1063 palatinorum
1542 1007 1724 1046 ordinem

256 1065 372 1115 regiis
400 1064 580 1114 auspiciis
611 1078 673 1103 res
701 1066 1063 1105 administrantium
1081 1068 1263 1116 allectus,
1293 1066 1444 1105 aerario
1460 1078 1612 1103 summa
1631 1076 1724 1102 cum

256 1127 453 1174 potestate
467 1120 696 1172 praeficitur
705 1121 756 1174 2).
783 1136 863 1173 quo
881 1123 923 1161 in
947 1136 1109 1162 munere
1127 1124 1323 1177 affectans
1329 1124 1480 1176 famae
1498 1119 1723 1169 commoda,

255 1180 455 1229 pecuniae
483 1178 654 1229 neglexit
685 1186 903 1230 augmenta
910 1194 925 1228 ,-
956 1187 992 1217 et
1021 1179 1130 1232 quod
1152 1194 1293 1218 rarum
1316 1180 1484 1218 virtutis
1506 1178 1726 1229 exemplum

262 1241 340 1282 est,
368 1233 435 1271 llis·
459 1236 540 1285 egit
568 1249 609 1272 se
634 1235 877 1286 temporibus
894 1238 1173 1286 continentem,
1205 1236 1356 1288 quibus
1377 1236 1526 1274 crimen
1542 1235 1727 1272 avaritia

263 1305 344 1329 non
376 1290 559 1329 habebat.
616 1298 818 1342 pos-tremo
851 1306 941 1331 cum
965 1293 1091 1332 diviso
1122 1293 1164 1331 in
1191 1293 1380 1332 factiones
1403 1303 1545 1342 regno,
1582 1295 1728 1329 cuncta

262 1347 366 1386 bello
390 1347 515 1385 atroci
539 1347 754 1399 deflagrare
782 1355 1041 1401 senatumque
1067 1350 1216 1402 ipsum,
1247 1350 1310 1388 cui
1340 1353 1540 1400 praeerat,
1567 1346 1610 1385 in
1630 1359 1729 1398 par-

264 1410 322 1442 tes
356 1403 590 1442 distractum
619 1411 821 1455 cerneret,
850 1419 1050 1458 moerore,
1080 1407 1185 1445 curis
1215 1406 1491 1455 laboribusque
1514 1403 1729 1454 confectus,

264 1460 346 1512 regi
365 1466 404 1498 et
422 1460 585 1511 patriae,
615 1475 734 1512 quam
752 1462 905 1501 dudum
924 1460 1154 1512 devoverat,
1183 1463 1307 1502 vitam
1335 1460 1532 1514 impendit
1561 1463 1613 1502 13
1642 1459 1730 1498 Kal.

267 1520 377 1567 Sept.
406 1516 452 1555 A.
480 1516 574 1557 Chr.
605 1518 714 1560 1652
751 1525 867 1558 aetat.
897 1523 963 1561 66.
1029 1520 1133 1559 tanti
1165 1519 1339 1572 parentis
1372 1516 1730 1570 praestantissimus

265 1573 371 1611 filius
390 1573 437 1611 V.
461 1574 501 1611 C.
520 1573 747 1612 Lunovmns
767 1589 819 1614 m:
840 1577 1063 1624 BAILLEUL,
1092 1589 1246 1628 praeses
1270 1588 1392 1626 aeque
1409 1574 1619 1622 insulatus,
1649 1585 1732 1611 non

268 1629 387 1669 modo
408 1635 562 1680 partam
581 1643 604 1667 a
624 1631 837 1671 maioribus
858 1634 1016 1671 laudem
1040 1632 1159 1670 hodie
1179 1633 1397 1682 adaequat,
1425 1628 1734 1669 sed-incredibili

268 1687 388 1724 etiam
406 1686 603 1724 virtutum
624 1688 820 1738 omnium,
850 1689 992 1740 quibus
1024 1689 1246 1741 praecellit,
1275 1688 1461 1726 comitiva
1489 1687 1613 1737 gentis
1639 1696 1734 1723 suae

270 1742 515 1781 nobilitatem
534 1748 573 1780 et
590 1743 753 1794 gloriam
769 1743 826 1783 ita
843 1746 1042 1784 cumulate
1061 1745 1248 1794 adornat,
1276 1750 1324 1783 ut
1339 1743 1506 1795 posteris
1522 1742 1602 1780 suis
1621 1741 1735 1780 sutu-

270 1812 342 1839 rus
360 1799 410 1836 sit
427 1799 468 1836 in
487 1800 721 1851 exemplum.
769 1802 1040 1840 Normannicis
1057 1802 1313 1840 Balliolorum
1329 1799 1484 1839 familiis
1500 1798 1737 1849 antiquitate

272 1862 314 1894 et
341 1867 475 1894 rerum
503 1862 701 1906 gestarum
721 1858 826 1895 fama
843 1857 952 1896 haud
971 1859 1134 1897 inferior
1154 1858 1307 1896 exstitit
1323 1870 1416 1908 gens
1433 1855 1595 1894 Balliola
1614 1855 1738 1894 Vine-

273 1912 481 1961 macensis‚
512 1925 602 1950 cum
630 1926 711 1951 non
735 1915 848 1965 pauci
875 1915 1131 1966 dignitatibus
1140 1945 1151 1964 ,
1184 1921 1223 1953 et
1253 1915 1392 1952 bellica
1418 1911 1536 1951 laude
1563 1912 1738 1950 illustres

276 1969 384 2008 viros
413 1969 454 2006 in
478 1968 614 2019 Anglia
645 1970 814 2010 ediderit
843 1971 1072 2022 dederitque
1096 1972 1248 2009 Scotiae
1268 1984 1376 2022 reges
1402 1969 1563 2019 aliquot.
1619 1967 1739 2006 huius

278 2025 387 2076 origo
409 2038 498 2063 cum
518 2024 709 2065 hactenus
730 2041 813 2066 non
835 2028 962 2067 Scotis
985 2028 1182 2067 duntaxat
1201 2034 1238 2065 et
1255 2027 1388 2078 Anglis
1401 2056 1411 2073 ‚
1440 2025 1509 2063 sed
1533 2031 1573 2063 et
1594 2023 1740 2062 nostris

277 2081 349 2120 vix
366 2081 417 2119 sit
435 2087 530 2119 nota
542 2111 554 2131 ,
583 2090 757 2133 praestat
775 2085 883 2135 quod
908 2085 1011 2123 hane
1028 2086 1071 2123 in
1094 2098 1178 2123 rem
1199 2099 1220 2122 a
1240 2098 1302 2123 me
1320 2083 1472 2135 pridem
1491 2081 1738 2128 adnotatum,

277 2150 361 2176 non
377 2137 531 2188 ingrato
550 2139 680 2177 forsan
698 2154 876 2193 parer-go,
905 2142 1150 2180 Graecanicis
1166 2141 1273 2180 hisce
1287 2141 1521 2185 interserere
1539 2149 1739 2177 commen-

278 2193 409 2241 tariis,
439 2200 527 2232 tum
559 2195 674 2233 etiam
700 2203 747 2235 ut
777 2199 844 2248 qui
873 2199 997 2250 apud*
1007 2199 1214 2251 plerosque
1233 2197 1403 2235 invaluit
1423 2208 1556 2244 error,
1590 2208 1614 2232 a
1634 2193 1740 2232 Nor-

281 2251 465 2289 mannica
482 2251 734 2290 Balliolorum
751 2254 895 2292 familia
910 2268 1029 2306 genus
1047 2255 1204 2294 duxisse
1222 2254 1397 2291 Scoticos
1416 2265 1467 2291 ex
1485 2250 1656 2289 Balliolis
1670 2261 1741 2289 re-

282 2320 369 2358 ges,
400 2319 450 2344 ex
481 2319 618 2345 eorum
645 2309 780 2347 animis
806 2312 962 2362 penitus
989 2312 1151 2350 tandem
1181 2311 1383 2350 evellatur.
1438 2308 1588 2359 primus
1617 2319 1667 2345 ex
1694 2318 1740 2343 ea

284 2363 431 2401 familia
455 2377 554 2414 quae
571 2365 702 2403 sedem
723 2366 813 2405 fixit
840 2369 880 2405 in
902 2368 1056 2418 Anglia,
1084 2373 1312 2406 recensetur
1338 2366 1387 2403 ab
1411 2363 1606 2402 historicis
1632 2365 1742 2400 Ber-

285 2418 441 2457 nardus
461 2419 509 2457 de
523 2423 719 2470 Baillezd,
749 2425 792 2461 in
813 2426 1011 2462 exercitiis
1028 2424 1278 2462 militaribus
1296 2424 1360 2460 vir
1373 2420 1741 2472 experientissima-9,

285 2475 413 2525 inquit
441 2475 605 2515 Ioannes
636 2478 972 2530 Hagulstadensis‚
1003 2482 1070 2531 qui
1097 2480 1294 2532 Stephano
1324 2478 1404 2529 regi
1431 2482 1570 2515 contra
1603 2477 1742 2514 Scotos

286 2532 472 2570 militavit
502 2534 543 2571 in
571 2546 616 2572 eo
643 2536 812 2586 praelio,
844 2537 949 2587 quod
982 2536 1210 2575 Standarda’
1234 2541 1381 2575 vocant
1406 2533 1636 2584 scriptores,
1668 2532 1741 2573 An.

291 2590 400 2630 1138
422 2587 462 2639 3,)
491 2596 530 2628 et
547 2591 589 2628 in
609 2591 732 2631 altero
751 2599 891 2632 contra
911 2595 1125 2633 Ranulfum
1148 2594 1389 2632 Cesti-ensem
1406 2589 1589 2628 comitem
1605 2594 1743 2642 captus

383 2733 429 2776 1)
454 2733 540 2767 Ann.
555 2733 670 2768 Lucan
696 2735 729 2768 in
744 2736 870 2781 Paneg.
888 2736 931 2772 ad
946 2737 1063 2773 Pison.

380 2779 429 2822 2)
455 2779 601 2812 Senator
615 2779 636 2812 l.
651 2781 674 2814 3
690 2792 762 2814 var.
781 2782 847 2826 Ep.
869 2785 921 2818 12.

380 2825 430 2870 3)
455 2824 607 2862 Florent.
624 2825 776 2871 Wigorn.
793 2829 834 2863 A.
854 2829 953 2863 1138.
