1878 3262
211 224 251 274 ‘3
258 225 321 274 34
665 221 870 267 CAROLI
901 224 984 267 DU
1017 222 1230 268 FRESNE

220 334 382 375 tandem
398 347 425 372 a
445 329 686 385 captivitate
703 334 1033 371 illustrissimum
1047 347 1178 387 regem
1193 333 1451 375 Ludovicum
1471 336 1517 375 V
1510 334 1561 376 II
1570 349 1690 374 suos-

221 407 295 445 que
323 404 507 443 proceres
537 398 572 428 et
593 391 757 429 Galliae
783 398 994 443 magnates
1016 393 1308 431 manumisisti.
1363 405 1504 432 verum
1527 392 1689 431 chartae

219 449 335 497 huic,
366 447 398 485 si
417 461 498 485 non
517 447 689 485 incertae
711 449 870 486 omnino
891 454 951 485 est
968 446 1084 497 fidei,
1114 454 1270 487 constat
1291 449 1477 488 mendum
1500 450 1626 489 inesse
1646 451 1689 488 in

219 505 418 556 adscripto
446 502 492 546 A.
525 505 647 546 1146.
706 511 754 543 ut
781 517 865 543 sese
887 517 950 542 res
973 503 1138 553 habeat,
1167 518 1218 543 ex
1238 504 1408 543 laudatis
1430 507 1689 558 scriptoribus

214 561 410 600 refellitur
428 560 599 599 Thomas
617 561 814 610 Fazellus,
844 561 912 612 qui
929 561 1012 599 dec.
1034 565 1061 604 2
1079 562 1102 603 l,
1118 566 1145 604 7
1170 575 1205 604 c.
1222 564 1246 603 3
1265 561 1419 613 scripsit
1441 563 1690 602 Ludovicum

216 631 348 669 regem
369 618 418 655 ab
438 618 591 669 ingenti
612 619 897 657 Saracenorum
916 618 1036 655 classe
1054 620 1155 657 forte
1175 618 1441 669 interceptum
1458 624 1498 657 et
1515 625 1689 671 captum,

217 689 240 712 a
265 675 445 726 Rogerio,
475 676 544 726 qui
562 681 648 714 tum
672 689 762 714 cum
783 678 902 713 classe
924 676 1112 725 occurrit,
1141 675 1366 725 liberatum,
1396 679 1437 713 et
1456 675 1504 714 ab
1524 675 1689 715 interitu

215 731 477 771 vindicatum.

330 802 371 840 p.
393 790 446 831 88
476 802 515 827 v.
534 789 574 830 8.
633 784 904 840 ἐτελεύτησεν]
944 787 1117 826 Moritur
1140 788 1347 827 conradus
1374 788 1427 831 15
1458 787 1545 827 Kal.
1572 786 1689 827 Mart.

216 845 264 886 A.
289 846 408 888 1152.
437 843 620 884 Monach.
641 845 798 883 Ersord.
825 845 932 883 Otho
952 845 1117 897 Frising.
1139 845 1165 885 l.
1190 849 1209 887 1
1239 845 1288 884 de
1307 845 1435 884 Gestis
1453 843 1560 884 Frid.
1581 857 1614 884 c.
1635 847 1688 887 63

217 902 248 940 l.
273 905 301 943 2
323 915 357 940 e.
375 905 395 944 1
410 930 421 947 ‚
451 901 680 940 Gotesridus
698 902 848 940 Viterb.
870 908 945 941 etc.

332 971 371 997 v.
397 961 464 1000 11.
523 954 724 1011 Ἐρρίχος]
755 958 927 997 Fallitur
952 957 1030 996 hoc
1057 957 1145 996 loco
1171 958 1403 996 Cinnamus:
1431 970 1559 1008 neque
1584 955 1689 995 enim

219 1014 427 1053 Conradus
455 1020 495 1052 et
514 1014 747 1053 Fredericus
771 1016 938 1054 Sueviae
967 1015 1075 1061 dux,
1113 1015 1314 1054 Frederici
1342 1014 1590 1066 imperatoris
1613 1027 1690 1065 pa-

219 1084 330 1121 rens,
358 1071 521 1110 Henrici
538 1071 632 1123 imp.
652 1072 722 1109 filii
741 1072 903 1110 fuerunt
915 1101 926 1121 ,
959 1073 1028 1110 sed
1047 1072 1249 1110 Frederici
1276 1071 1324 1110 de
1344 1071 1517 1125 Stoffen,
1547 1070 1690 1109 nobilis

220 1127 362 1177 Suevi,
394 1140 444 1165 ex
465 1127 611 1178 Agnete
631 1127 792 1166 Henrici
812 1129 909 1180 imp.
929 1128 1021 1168 filia.

78 1188 107 1222 P
129 1189 197 1224 445
333 1197 371 1236 p.
391 1186 444 1227 89
465 1197 503 1223 v.
523 1187 563 1226 3.
621 1181 692 1225 τόν
713 1183 784 1225 ἕνα
802 1184 1088 1238 πεπηρωμένος
1106 1188 1194 1226 τοῖν
1213 1180 1472 1237 ὀφθαλμοῖν]
1509 1183 1566 1221 De
1588 1183 1690 1221 Fre-

221 1241 354 1280 derico
378 1241 546 1280 Sueviae
571 1241 693 1290 duce,
734 1241 859 1279 altero
892 1242 1030 1280 orbato
1063 1242 1200 1290 oculo,
1238 1247 1359 1292 agunt
1387 1240 1494 1279 Otho
1523 1239 1689 1290 Frising.

218 1298 246 1338 1.
270 1301 288 1339 1
314 1297 363 1335 de
385 1298 612 1338 GestAErid.
632 1311 665 1338 e.
687 1300 738 1340 12
763 1297 814 1339 14
833 1301 885 1340 21
909 1301 962 1340 39
983 1298 1008 1337 l.
1025 1301 1053 1340 2
1075 1311 1110 1338 c.
1130 1301 1169 1347 2,
1190 1297 1336 1339 Chron.
1357 1296 1614 1338 Hildesheim.
1640 1296 1687 1336 A.

219 1354 330 1397 1105
356 1357 463 1397 1118
490 1357 596 1397 1126
626 1360 664 1392 et
687 1354 817 1405 1135,
857 1354 1053 1393 Chronica
1080 1354 1276 1393 Australis
1302 1354 1349 1393 A.
1373 1354 1480 1396 1135
1501 1351 1689 1392 Gunthe-

216 1423 288 1450 rus
311 1416 386 1450 etc.

329 1481 368 1506 v.
390 1469 430 1509 9.
485 1465 698 1521 Ῥογέριος]
729 1467 919 1518 Rogerius
942 1467 1094 1505 Siciliae
1124 1479 1274 1518 comes,
1310 1465 1470 1518 Rogerii
1493 1465 1511 1504 1
1538 1465 1689 1505 Siciliae

212 1523 369 1562 comitis
390 1536 441 1562 ex
460 1522 649 1561 Adelaide
666 1523 968 1562 Monserratensi
989 1524 1106 1562 filius.

329 1594 369 1619 v.
391 1583 455 1622 11.
514 1579 732 1635 Γιλιέλμῳ]
763 1580 1004 1629 willelmus,
1045 1579 1203 1631 Rogerii
1222 1578 1387 1630 Apuliae
1419 1583 1459 1616 et
1487 1578 1689 1617 Calabriae

214 1636 327 1675 ducis
354 1635 477 1686 filius,
513 1637 679 1674 Roberti
700 1636 895 1675 Wiscardi
917 1650 1060 1689 nepos,
1099 1636 1185 1674 dux
1212 1635 1442 1674 eorumdem
1468 1635 1688 1674 ducatuum

213 1707 238 1732 a
258 1692 436 1731 Paschali
459 1706 526 1745 pp.
554 1693 812 1732 constituitur
834 1693 878 1733 A.
902 1693 1010 1736 1114
1036 1695 1078 1731 in
1113 1692 1266 1745 synodo
1298 1691 1404 1743 apud
1424 1693 1687 1743 Cyperanum,

214 1750 278 1789 cui
302 1750 368 1788 ille
400 1756 535 1802 postea
565 1750 660 1788 fidei
685 1756 975 1789 sacramentum
999 1750 1221 1802 praestitit,
1262 1754 1310 1787 ut
1337 1753 1398 1786 est
1429 1748 1471 1786 in
1489 1748 1687 1788 Chronico

214 1807 413 1846 casinensi
429 1807 456 1846 1.
478 1805 505 1847 4
524 1821 557 1845 c.
579 1806 645 1849 51.

326 1877 367 1903 v.
394 1867 458 1906 12.
517 1863 558 1912 ἐς
587 1862 887 1916 Παλαιστίνην]
926 1861 1124 1911 mondus,
1167 1861 1435 1911 Collenutius,
1463 1861 1618 1909 Rifius,
1646 1866 1688 1900 et

216 1920 285 1959 alii
313 1934 451 1960 rerum
478 1919 828 1972 Neapolitanarum
858 1920 1071 1972 scriptores
1097 1919 1266 1958 tradunt
1294 1919 1558 1968 willelmum,
1590 1918 1688 1957 dum

218 1977 600 2029 Constantinopolim
631 1983 830 2030 pergeret,
869 1983 916 2015 ut
934 1983 1090 2030 pactam
1112 1975 1185 2014 sibi
1204 1975 1331 2014 Alexii
1351 1975 1539 2015 Comneni
1557 1975 1688 2026 impe-

217 2034 365 2072 ratoris
394 2034 513 2071 filiam
542 2047 712 2073 uxorem
742 2034 926 2082 duceret,
957 2047 979 2071 a
1001 2038 1143 2085 patruo
1167 2032 1330 2085 Roget-io
1362 2032 1579 2071 ditionibus
1605 2031 1687 2069 suis

217 2095 384 2128 exutum
410 2091 539 2132 fuisse.
598 2091 812 2129 Cinnamus
833 2105 855 2128 a
874 2090 1070 2130 Willelmo
1089 2102 1152 2128 eas
1170 2089 1212 2127 in
1231 2090 1370 2142 pignus
1388 2090 1498 2128 datas
1517 2087 1684 2139 Rogerio

217 2152 358 2184 auctor
377 2151 453 2194 est,
485 2146 581 2184 dum
603 2148 670 2184 ille
688 2148 764 2186 iter
784 2147 1186 2200 Hierosolymitanum
1206 2147 1443 2198 aggreditur.
1497 2144 1566 2183 sed
1585 2157 1685 2183 neu-

217 2209 326 2242 trum
343 2202 546 2253 probabile
565 2215 647 2240 esse
667 2211 898 2254 argumento
918 2211 998 2250 est,
1030 2203 1139 2255 quod.
1158 2203 1383 2242 Alexander
1401 2202 1518 2241 abbas
1538 2201 1685 2239 celesi-

216 2272 315 2309 nus,
343 2258 490 2297 horum
511 2265 734 2310 temporum
756 2261 927 2312 scriptor
941 2290 951 2308 ‚
980 2261 1005 2299 l.
1036 2266 1055 2303 1
1081 2274 1114 2298 c.
1134 2263 1161 2302 2
1185 2266 1224 2298 et
1245 2261 1271 2303 5
1291 2260 1431 2298 refert:
1457 2259 1685 2310 Rogerium

217 2330 373 2367 nempe,
412 2329 503 2353 cum
534 2316 601 2354 W
595 2316 793 2354 illelmum
811 2317 971 2355 Salerni
991 2316 1203 2354 decessisse
1214 2318 1472 2369 percepisset,
1504 2313 1685 2353 doluisse

216 2371 339 2412 valde
355 2371 469 2424 quod
489 2386 530 2409 se
546 2373 760 2425 ignorante
782 2372 999 2424 defunctus
1016 2380 1135 2423 esset,
1174 2371 1360 2424 quodque
1384 2387 1425 2410 se
1449 2378 1496 2409 ut
1519 2371 1600 2409 sibi
1617 2373 1684 2410 vi-

215 2443 311 2468 vens
335 2435 558 2478 statuerat,
599 2430 636 2466 si
652 2430 799 2481 filium
828 2444 908 2467 non
933 2430 1116 2477 liaberet,
1153 2428 1359 2467 haeredem
1395 2442 1480 2466 non
1500 2429 1683 2478 fecisset.

215 2484 310 2523 inde
323 2492 572 2538 praeparato
595 2486 740 2525 navali
761 2487 920 2535 itinere,
962 2487 1204 2538 quantocius
1222 2486 1434 2524 Salernum
1461 2483 1683 2537 tetendisse,

212 2544 434 2594 statimque
458 2543 696 2581 Calabriam
718 2550 757 2580 et
776 2542 984 2595 Apuliam
1003 2542 1153 2581 ditioni
1169 2556 1268 2580 suae
1285 2540 1540 2591 subdidisse,
1569 2542 1682 2579 relu—

215 2605 348 2636 ctante
367 2601 633 2651 quantumvis
650 2602 835 2638 Honorio
849 2600 1064 2652 pontifice,
1095 2614 1122 2638 a
1141 2613 1220 2651 quo
1238 2598 1402 2636 tandem
1422 2613 1512 2637 cum
1535 2598 1681 2637 vexillo

215 2654 396 2693 ducatus
413 2658 696 2694 investituram·
713 2659 877 2709 accepit.
907 2657 1013 2695 hisce
1033 2655 1283 2695 consentiunt
1307 2669 1406 2706 quae
1427 2655 1547 2694 habet
1565 2655 1680 2706 Hugo

215 2711 462 2761 Faloandus,
503 2712 599 2750 dum
625 2714 682 2751 ait
713 2714 923 2765 Rogerium
959 2712 1235 2764 consanguinei
1265 2713 1325 2751 sui
1354 2712 1536 2751 Willelmi
1570 2711 1681 2750 ducis

216 2767 383 2820 Apuliae
404 2774 533 2806 morte
551 2771 706 2820 cognita
722 2744 920 2808 traonsiisse
942 2770 984 2807 in
1000 2770 1204 2821 Apuliam,
1235 2775 1274 2806 et
1292 2769 1435 2808 univei
1437 2770 1487 2808 sis
1506 2767 1680 2808 civitati-

215 2825 291 2863 bus
319 2838 364 2863 ac
389 2824 651 2877 principibus,
689 2826 756 2876 qui
784 2826 818 2864 ei
845 2825 1107 2865 resistendum
1137 2830 1395 2876 putaverant,
1435 2825 1680 2878 expugnatis,

217 2881 269 2921 ad
287 2895 402 2921 suum
420 2887 563 2920 cuncta
579 2881 802 2933 redegisse·
791 2883 1012 2934 imperium.
1070 2881 1206 2921 eadem
1225 2882 1343 2922 etiam
1361 2883 1531 2923 tradunt
1547 2881 1679 2920 Orde-
