1878 3262
97 205 118 215 ν·

216 221 276 266 ΙΝ
293 219 600 265 NIGEPHORI
613 215 884 263 BRYENNII
901 216 1195 262 GOMMENT.
1212 217 1414 261 NOTAE.
1482 219 1582 265 217

113 334 394 386 imperatorem
416 329 590 380 delatus,
630 328 742 380 quasi
767 328 810 367 in
830 340 897 367 eos
923 327 1056 366 nescio
1080 327 1177 379 quid
1199 327 1361 367 molitus
1382 335 1481 368 esset
1502 329 1581 370 du..

113 390 217 440 rius,
245 389 316 427 etsi
338 401 419 427 non
437 387 554 439 plane
572 385 799 433 convictus,
830 385 1051 438 copiarum,
1081 385 1223 436 quibus
1241 393 1433 437 praeerat,
1461 392 1580 441 Prae-

112 447 267 486 sectura
288 445 492 483 abdicatus
513 449 589 492 est,
619 448 659 481 et
677 442 864 494 Abydum
884 441 1091 492 relegatus.
1147 442 1190 480 id
1219 454 1330 493 aegre
1356 445 1459 495 passi
1483 448 1580 487 socii

111 507 383 556 prorumpunt
411 501 541 553 palam
568 500 612 537 in
638 498 913 547 rebellionem,
942 498 1160 548 relictoque
1187 498 1480 552 Maurocastm,
1508 504 1579 544 ubi

112 572 154 598 se
172 559 283 598 haud
302 558 493 597 rebantur
509 562 642 606 tutos,
669 555 711 594 in
730 554 1048 607 Mesopotamiam
1065 567 1146 592 sese
1164 556 1406 608 infundunt,
1434 560 1580 600 multa.

113 629 190 668 que
205 615 344 654 incolis
366 615 543 653 inferunt
562 613 723 662 damna,
762 625 853 650 cum
880 611 946 649 alii
974 610 1121 650 interea
1139 613 1373 663 Normanui,
1408 616 1481 654 sub
1499 618 1580 657 Ur-

112 673 233 722 sello,
269 671 431 722 Diogeni
455 670 673 708 militarent
697 675 834 707 contra
858 668 1021 707 Turcos.
1077 681 1218 708 verum
1244 671 1362 721 pauci
1390 672 1578 716 effluxere

112 742 290 774 menses,
330 741 420 766 cum
451 732 633 779 acceptae
654 725 821 764 iniuriae
849 724 1095 764 ulciscendae
1120 725 1296 765 Roberto
1322 728 1463 767 idonea
1494 745 1577 772 sese

112 785 296 839 praebuit
324 783 491 824 occasio.
549 796 638 822 cum
663 783 765 821 enim
794 782 980 833 Diogenes
999 795 1021 818 a
1038 782 1176 821 Turcis
1195 782 1236 821 in
1252 785 1401 835 praelio
1425 786 1578 829 deletus

113 848 330 895 captusque
357 841 515 892 fuisset,
548 852 720 891 moxque
748 840 798 878 ab
825 839 871 877 iis
890 838 933 876 in
952 837 1174 878 libertatem
1199 847 1370 880 assertus
1397 857 1421 881 a
1449 845 1578 886 Grae-

112 899 168 937 cis
185 899 228 937 in
254 898 531 949 imperatorem
562 902 818 945 renueretur,
847 894 1047 947 Crispinus
1071 895 1213 947 Abydo
1245 899 1438 939 excedens
1468 903 1577 942 Con-

111 958 287 994 stantino
308 955 463 1005 Ducae,
497 953 565 1005 qui
591 953 779 992 adversus
798 952 1004 1003 Diogenem
1030 951 1171 991 missus
1198 954 1329 993 suerat
1347 969 1435 995 cum
1457 971 1579 998 exer-

111 1013 220 1061 citu,
248 1025 338 1050 cum
357 1013 436 1049 suis
465 1023 547 1049 sese
575 1009 757 1048 adiunxit
785 1014 824 1046 et
849 1008 897 1046 iis
919 1008 962 1046 in
986 1008 1162 1060 praeliis,
1193 1010 1235 1048 in
1256 1012 1398 1061 quibus
1417 1015 1577 1056 tandem

111 1069 178 1107 ille
200 1074 338 1120 captus
358 1073 435 1117 est,
473 1067 616 1105 acriter
648 1065 852 1118 pugnavit.
913 1064 1080 1115 denique
1107 1079 1196 1104 cum
1223 1069 1434 1118 praeclaris
1461 1072 1577 1112 editis

111 1125 352 1164 facinoribus
379 1123 486 1176 apud
504 1124 672 1162 Graecos
696 1134 888 1160 summam
907 1121 1087 1158 militaris
1105 1122 1252 1172 gloriae
1271 1125 1414 1164 famam
1437 1141 1579 1169 conse-

112 1189 229 1221 cutus
247 1187 365 1229 esset,
401 1186 556 1218 tantam
582 1193 630 1217 ex
657 1184 719 1217 tot
737 1190 923 1230 prospere
943 1177 1061 1228 gestis
1079 1178 1198 1217 rebus
1215 1180 1287 1218 sibi
1304 1183 1494 1223 conflavit
1511 1186 1580 1225 in-

113 1238 284 1286 vidiam,
325 1242 372 1275 ut
393 1237 442 1274 ab
469 1236 516 1275 iis
535 1236 747 1288 propinato
770 1239 1002 1272 enecaretur
1024 1246 1201 1285 veneno,
1239 1251 1318 1288 quo
1348 1241 1466 1280 etiam
1488 1256 1578 1282 ma..

111 1309 231 1345 gnum
260 1293 374 1331 illum
404 1293 599 1331 Ursellum
629 1291 794 1330 Roberti
821 1291 971 1329 socium
997 1290 1192 1330 interiisse
1223 1302 1401 1335 narrant.
1458 1305 1578 1348 atque

111 1351 212 1390 haec
234 1350 311 1388 suit
338 1349 417 1388 viri
433 1349 536 1387 bello
561 1348 701 1400 inclyti
721 1349 904 1396 fortuna,
934 1359 1053 1398 quam
1073 1348 1222 1388 siluisse
1239 1351 1438 1392 duxissem
1454 1357 1576 1408 nefas,

111 1422 204 1447 cum
228 1407 358 1444 minus
383 1406 530 1445 nostris
546 1406 738 1444 hactenus
763 1404 983 1442 innotuerit
1011 1404 1172 1455 ipseque
1199 1407 1363 1448 Carolus
1381 1411 1579 1453 Venascus

110 1465 154 1503 in
176 1463 444 1515 Cr'ispinorum
463 1468 680 1509 stemmate,
703 1461 813 1512 quod
832 1460 978 1499 Arbori
995 1461 1216 1501 Gentilitiae
1240 1464 1464 1507 Grimaldae
1479 1483 1579 1522 gen-

111 1522 161 1559 tis
181 1519 385 1568 adtexuit,
420 1519 584 1558 Roberti
600 1531 650 1557 ne
669 1517 826 1569 quidem
847 1517 1083 1556 meminerit.

223 1588 265 1628 p.
284 1577 338 1618 51
360 1589 400 1616 v.
426 1578 494 1619 18.
548 1572 806 1627 Αἶσθόμενος
832 1572 901 1625 δὲ]
942 1574 1173 1613 Extremam
1198 1575 1368 1617 Romani
1397 1580 1579 1634 Diogenis

111 1634 332 1682 fortunam,
369 1637 409 1669 et
436 1638 484 1670 ut
512 1631 555 1671 in
571 1631 768 1670 Michaelis
796 1644 865 1669 seu
887 1630 1021 1682 potius
1040 1631 1288 1672 Constantini
1305 1635 1434 1676 Ducae
1456 1653 1581 1678 casses

110 1689 313 1735 inciderit,
343 1688 524 1739 pluribus
550 1689 668 1727 etiam
693 1687 923 1739 exsequitur
947 1686 1179 1727 Guiuelmus
1194 1689 1434 1746 Apuliensis,
1463 1709 1580 1747 quem

111 1751 291 1800 praestat
311 1744 470 1783 audire:

282 1799 355 1838 sed
372 1814 451 1838 non
467 1801 671 1852 privignis
685 1800 881 1852 firmatae
902 1798 1112 1837 commoda
1125 1802 1248 1851 pacis

283 1855 459 1895 conditio
473 1857 658 1908 placuit,
687 1858 824 1894 minus
848 1854 907 1893 ad
929 1855 1108 1893 tutanda
1128 1859 1274 1908 peritis·

284 1914 456 1965 agmina
478 1913 746 1960 Graecorum,
787 1926 858 1950 nec
880 1914 984 1949 enim
1000 1911 1226 1952 decernitur
1244 1916 1358 1955 ultra

282 1969 393 2007 arcis
411 1968 471 2007 ad
488 1969 706 2020 Augustae
722 1969 938 2006 Romanus
961 1971 1058 2007 iura
1075 1969 1216 2010 redire.

283 2026 357 2064 710⁸
375 2026 447 2063 uhi
463 2027 665 2077 Diogenes
674 2025 820 2077 factos·
838 2025 920 2062 sihi
937 2028 1127 2077 comperit
1145 2027 1300 2078 hostee,

283 2084 440 2121 auxilio
450 2083 563 2133 fisus
579 2084 799 2120 Persarum
821 2088 951 2119 tentat
968 2083 1011 2119 in
1032 2083 1128 2120 illos·

283 2140 419 2177 civilis
437 2139 530 2177 belli
547 2140 688 2177 varios
705 2140 865 2190 agitare
876 2145 1064 2190 paratus.

277 2197 466 2248 privigni
483 2210 524 2233 se
546 2210 626 2233 non
645 2195 831 2232 obsistere
842 2208 964 2247 posse
988 2193 1168 2234 videntes·

286 2252 406 2290 illum
422 2259 619 2290 conantur·
635 2250 820 2289 seducere
827 2265 931 2303 pace
949 2250 1106 2291 dolosa.

283 2310 425 2360 ignari
435 2307 615 2360 fraudis
625 2315 834 2361 portantes
849 2309 999 2347 nuntia
1015 2310 1140 2360 pacis·

285 2365 350 2403 his
366 2379 432 2402 sex
443 2366 655 2417 pontffices
674 2367 919 2416 mittuntur,
959 2379 1050 2403 cum
1071 2365 1260 2403 Gocelino
1269 2367 1329 2416 *),

286 2423 406 2459 cuius
421 2423 634 2460 Romanu-5·
654 2423 770 2459 toties
789 2428 971 2473 expertus
987 2435 1164 2459 amorem

286 2493 368 2517 non
385 2477 602 2516 dubitabat
620 2479 657 2516 ei
675 2492 716 2516 se
737 2477 890 2515 credere
908 2479 1016 2515 sicut
1033 2480 1164 2516 amico
1174 2505 1188 2526 ,

285 2549 450 2573 securus
457 2535 607 2587 sactus·
624 2533 799 2573 iurando
821 2535 909 2572 iure
921 2533 1089 2586 fideque

287 2598 335 2629 ut
349 2593 455 2642 petit
479 2593 564 2644 ipse
584 2590 708 2629 data:
738 2592 880 2629 misero
894 2591 1032 2642 placet
1049 2589 1276 2642 imperialis

287 2650 492 2686 incassum
512 2647 688 2698 reditus,
719 2649 818 2700 quia
836 2661 927 2685 mox
948 2647 1022 2686 ubi
1030 2648 1214 2699 pervenit
1231 2646 1301 2683 ille

285 2705 548 2758 Heracleam,
578 2706 764 2758 capitur,
787 2705 981 2757 privatur
999 2705 1153 2743 lumine
1171 2710 1340 2755 captus,

211 2871 244 2915 ‘)
267 2871 322 2906 De
337 2883 404 2917 quo
419 2871 541 2908 Malat.
556 2873 580 2911 l.
595 2874 618 2909 2
636 2885 667 2907 c.
688 2869 734 2908 43
749 2875 784 2907 et
797 2871 872 2918 ipse
888 2870 1055 2907 Guillelm.
1072 2883 1106 2918 p.
1123 2872 1168 2907 17
1186 2870 1229 2907 19
1244 2870 1299 2905 ΞΟ.

175 2934 319 2980 Niceph.
348 2936 474 2980 Bryen.
1308 2926 1362 2968 15

1600 2426 1722 2463 P209
