1878 3262
265 211 366 259 296
747 203 970 252 [OANNIS
1002 205 1233 251 CINNAMI

264 325 317 370 τὰ
333 319 551 381 πράγματα
571 319 815 380 ἀπεκρίνετο.
856 319 934 378 ,τὰ
960 320 1033 375 μὲν
1061 319 1112 376 δὴ
1149 319 1212 362 ἐπὶ
1238 316 1468 378 Δορυλαίου
1494 321 1589 379 τῇδε
1616 318 1710 378 ε’φέ-

265 409 369 450 ρετο.
435 391 611 446 Μιχαὴλ
639 392 683 434 δὲ
717 389 739 433 ὅ
763 391 806 432 Γ
801 393 933 447 αβρᾶς
957 389 1032 431 σὺν
1058 392 1116 446 τῷ
1145 387 1411 446 στρατεύματι
1437 391 1478 440 ἐς
1494 388 1710 444 Ἀμάσειαν

263 455 388 515 ἦλθε,
430 456 787 517 παρακαλούμενός
806 476 848 501 τε
868 456 968 515 πρὸς
983 461 1064 499 τῶν
1083 456 1157 511 τὴν
1175 455 1291 499 πόλιν
1308 455 1476 511 ἐχόντων
1497 459 1638 500 αὐτίκα
1658 457 1709 512 δὴ

262 528 326 570 ἐπὶ
343 525 494 583 ταύτην
515 528 721 585 παριέναι,
750 526 884 581 ἐπειδὴ
911 527 978 568 καὶ
1005 523 1174 579 δύναμις
1203 524 1315 582 παρὰ
1331 526 1621 577 Κλιτζιεσθλάν
1646 526 1711 567 ἐπὶ

259 602 345 646 τοῖς
364 595 501 646 αῧτοῖς
520 596 717 655 ἀφιγμένη
737 595 784 637 οὗ
810 595 971 652 μακρὰν
989 592 1145 635 ἄποθεν
1163 597 1235 648 τῆς
1256 592 1407 643 πόλεως
1423 591 1587 647 ἐσκήνου
1598 625 1611 645 ,
1640 593 1743 635 οἶα-5

261 665 374 719 δαμῆ
401 662 570 722 ἐθάρρει
599 664 672 719 τὴν
703 664 872 707 εἴσοδον.
947 660 1107 721 ὑποψία
1136 661 1213 718 γὰρ
1240 665 1371 717 πολλῇ
1396 662 1451 710 εἷς
1476 661 1570 710 τοὺς
1600 661 1712 704 ἔνδον

117 742 147 779 P
173 741 241 780 173
263 732 407 789 ἐχρῆτο
437 733 496 787 μὴ
522 733 741 790 προδοσίαν
771 730 899 786 δήπου
937 730 1031 772 κατ’
1075 729 1201 771 αὐτοῦ
1229 726 1537 784 μεμελετηκότες
1563 723 1714 783 εἴησαν.

261 801 300 843 οἳ
331 802 374 843 δὲ
403 802 470 842 καὶ
498 798 677 857 ὁμήρους
702 798 846 843 τούτου
875 799 924 853 δὴ
955 799 1067 840 ἕνεκα
1091 797 1195 854 παρ’
1228 797 1349 840 αὐτὸν
1372 796 1556 851 ἔπεμψαν
1577 795 1651 851 τήν
1670 813 1712 839 τε

261 866 478 925 ἀκρόπολιν
499 866 711 923 Ῥωμαίοις
742 867 832 910 κατ’
873 867 1056 918 ἐξουσίαν
1087 865 1245 908 ἔδοσαν.
1314 865 1418 908 ἀλλὰ
1447 865 1626 922 ὅρρωδιά
1652 881 1714 914 τις

258 934 455 987 καθάπαξ
482 940 779 994 παραλαβοῦσα
803 935 873 979 τὸν
902 934 1120 991 ἄνθρωπον
1147 934 1209 976 ἐπὶ
1235 931 1406 988 σκήψεις
1427 932 1567 975 ἄλλοτε
1587 931 1714 982 ἄλλας
1723 940 1768 976 10

261 1005 482 1062 ἀναχωρεῖν
514 1005 659 1057 ἐποίει,
704 1004 779 1055 ἕως
806 1004 846 1045 οἳ
874 1003 938 1045 ε’πὶ
967 1002 1040 1057 τὴς
1068 1001 1221 1052 πόλεως
1241 999 1519 1056 ἔννοησάμενοι
1544 1001 1602 1055 μὴ
1625 1007 1715 1050 ταῖς

259 1079 436 1130 μακραῖς
463 1070 671 1126 Ῥωμαίων
712 1072 932 1126 ἀναβολαῖς
966 1069 1079 1127 παρὰ
1114 1070 1409 1122 Κλιτζιεσθλὰν
1450 1073 1523 1125 τῆς
1561 1067 1714 1118 πόλεως

259 1139 438 1196 ἁλούσης
467 1140 508 1190 ἔς
537 1140 757 1194 ἀπέχθειαν
786 1142 914 1182 αῗῶνα
937 1138 1007 1181 τὸν
1031 1136 1162 1180 πάντα
1185 1136 1356 1194 δεσπότῃ
1389 1137 1563 1195 ἐσομένῳ
1589 1137 1716 1180 καθίσ

258 1224 421 1252 σταιντο
430 1240 444 1260 ,
473 1212 547 1250 τοῦ
568 1208 681 1265 παρὰ
699 1207 838 1266 σφίσιν
863 1206 1057 1262 ἄρχοντος
1082 1206 1197 1247 οὐδὲν
1214 1204 1436 1256 ξυνειδότος
1452 1211 1536 1255 τοῖς
1553 1203 1716 1261 εἰρημέ-

120 1281 150 1317 V
173 1282 240 1322 135
262 1294 345 1327 νοις
368 1275 518 1333 ταῦτην
545 1277 788 1333 παρέδοσαν.
854 1274 933 1330 ἤδη
967 1275 1011 1316 δὲ
1040 1275 1108 1316 καὶ
1136 1274 1310 1328 Μιχαὴλ
1339 1273 1442 1330 ἄρας
1469 1274 1621 1315 ἐκεῖθεν
1649 1273 1712 1314 ἐπὶ
1726 1283 1771 1321 15

257 1349 333 1401 γῆν
358 1344 431 1399 τὴν
446 1343 655 1399 Ῥωμαίων
679 1339 829 1400 ἦλθεν,
871 1342 961 1385 οὕτε
989 1346 1070 1384 τῶν
1094 1342 1157 1384 ἐπὶ
1174 1345 1246 1396 τῆς
1267 1340 1540 1398 ἀκροπόλεως,
1571 1339 1626 1390 ὥς
1643 1356 1717 1395 μοι

260 1411 440 1471 ἐρρήθη,
469 1411 701 1467 Ῥωμαίων,
736 1411 825 1454 οἷίτε
854 1428 926 1454 του
954 1414 1035 1453 τῶν
1066 1409 1199 1452 ἄλλων
1227 1408 1344 1465 λόγον
1363 1409 1624 1464 πεποιημένος
1643 1407 1717 1450 οὗ-

209 1486 241 1525 Β
266 1483 372 1524 δένα.
439 1482 507 1523 καὶ
535 1481 587 1523 τὰ
616 1482 690 1535 μὲν
710 1480 925 1535 Ἀμασείας
941 1477 1092 1528 πόλεως
1111 1478 1153 1520 ἓν
1170 1479 1270 1536 τῷδε
1294 1476 1475 1520 ἐτελεύτα
1487 1509 1500 1529 ,
1525 1475 1718 1531 βασιλεὺς

260 1550 306 1592 δὲ
326 1549 433 1605 ἀμφὶ
453 1549 672 1607 Δορυλαίῳ
692 1546 748 1590 ἔτι
767 1546 1031 1600 πονούμενος,
1064 1545 1199 1599 ἐπειδὴ
1226 1550 1355 1587 ταῦτα
1382 1544 1554 1587 ἐπύθετο
1565 1577 1579 1596 ,
1619 1545 1716 1586 Θω-

258 1621 342 1676 μᾶν
375 1616 445 1659 τὸν
468 1617 655 1671 ἓκτομιάν
679 1615 792 1672 παρὰ
810 1613 1104 1667 Κλιτζιεσθλὰν
1130 1613 1296 1668 πέμψας
1316 1611 1531 1667 Ἀμάσειαν
1548 1612 1771 1659 ἓνέκειτοΞο

260 1685 442 1727 ἀπαιτῶν
463 1683 592 1741 ὅρκων
615 1685 660 1727 τέ
679 1684 717 1726 οἳ
739 1681 965 1740 παρόρασιν
991 1680 1171 1726 ἐπεκάλει
1192 1683 1258 1723 καὶ
1280 1681 1373 1736 εἴγε
1391 1681 1448 1735 μὴ
1470 1685 1543 1723 τοῦ
1562 1682 1602 1730 ἒς
1613 1679 1715 1722 Ῥω-

259 1754 406 1809 μαίους
425 1751 559 1795 τοιάδε
579 1750 751 1809 ὑβρίζειν
774 1750 989 1805 ἀπόσχοιτο
1000 1782 1013 1802 ‚
1045 1749 1117 1791 οὔκ
1137 1751 1192 1799 εἲς
1210 1749 1373 1806 μακρὰν
1390 1747 1494 1802 τάχα
1511 1753 1583 1803 τῆς
1603 1749 1716 1803 δίκης

259 1821 416 1863 ἔκδίκου
457 1818 733 1876 πειράσασθαι
763 1819 926 1874 ἠπείλει.
1002 1817 1111 1868 ὅστις
1143 1817 1279 1872 μέντοι
1321 1817 1476 1871 Θωμᾶς
1511 1811 1628 1866 οὗτος
1664 1811 1716 1870 ἦν

260 1889 405 1933 αὐτίκα
439 1886 622 1945 δηλώσω.
688 1888 860 1941 Λέσβου
890 1888 964 1942 μὲν
993 1885 1155 1946 ὥρμητο
1187 1883 1334 1944 νήσου,
1375 1887 1503 1939 οἶκίας
1530 1885 1576 1928 δὲ
1602 1885 1716 1943 ἀφα-

352 2007 408 2046 10.
433 2004 495 2046 ἐπὶ
517 2003 690 2056 σκήψεις]
714 2005 800 2044 Cod.
825 2002 1049 2051 ἐπισκήψεις.

258 2110 426 2145 fortunam
441 2109 577 2149 habuit,
632 2108 742 2144 uoties
756 2120 827 2143 rem
842 2107 1098 2153 aggrederetur.
1145 2104 1222 2140 dum
1237 2105 1323 2141 haec
1337 2104 1380 2140 ad
1396 2103 1598 2150 Dorylaeum
1612 2112 1714 2149 pera·-

256 2159 384 2199 guntur
396 2179 407 2196 ‚
437 2154 586 2189 Michael
640 2156 738 2188 abtas
754 2166 827 2189 cum
843 2154 994 2188 exercitu
1009 2151 1173 2187 Amasiam
1188 2152 1304 2196 venit,
1334 2151 1562 2195 invitatusque
1582 2149 1625 2183 ab
1647 2160 1715 2194 op-

259 2200 411 2246 pidanis,
441 2203 479 2233 ut
494 2200 606 2233 statim
631 2200 799 2234 civitatem
818 2199 1071 2244 ingrederetur,
1102 2208 1311 2242 nequaquam
1335 2196 1371 2230 id
1395 2206 1494 2230 ausus
1518 2198 1591 2236 est,
1620 2194 1712 2239 quod

261 2248 297 2279 'et
311 2245 429 2290 copiae
444 2255 466 2278 a
481 2245 734 2281 Clitziesthlane
758 2256 830 2279 eam
852 2246 957 2289 ipsam
983 2244 1018 2280 in
1043 2254 1113 2277 rem
1128 2243 1246 2277 missae
1260 2242 1350 2276 haud
1366 2241 1481 2286 procul
1497 2241 1539 2274 ab
1555 2240 1639 2274 urbe
1654 2250 1714 2272 ca·-

259 2293 331 2326 stra
347 2292 535 2344 lopassent:
566 2290 709 2328 maxime
724 2291 810 2324 enim
824 2291 1008 2324 verebatur
1023 2300 1066 2322 ne
1082 2288 1238 2333 oppidani
1262 2287 1483 2332 proditionem
1503 2285 1713 2320 molirentur.

260 2336 321 2372 sed
344 2336 391 2371 ἰΙΙι
416 2340 450 2370 et
474 2335 608 2371 obsides
631 2341 812 2382 eapropter
834 2334 879 2369 ad
900 2335 1007 2384 ipsum
1028 2334 1148 2368 misere
1164 2338 1200 2367 et
1214 2344 1323 2366 arcem
1338 2333 1472 2377 insuper
1488 2331 1712 2364 Romanorum

262 2381 421 2429 potestati
445 2380 623 2418 tradidere.
669 2386 705 2415 at
730 2381 758 2414 is
786 2381 899 2414 nescio
922 2391 988 2424 quo
1013 2390 1141 2424 pavore
1165 2382 1338 2423 correptus
1361 2377 1404 2411 ad
1430 2376 1543 2410 varios
1570 2375 1711 2410 subinde

260 2427 458 2463 recurrebat
480 2430 697 2471 praetextus,
728 2426 834 2464 donec
851 2425 1009 2472 oppidani
1024 2424 1125 2458 veriti
1141 2435 1199 2466 ne,
1227 2423 1304 2457 dum
1320 2421 1458 2457 Romani
1473 2421 1506 2454 in
1522 2421 1593 2455 dies
1609 2421 1712 2454 diffe-

260 2478 359 2515 runt,
391 2474 509 2509 urbea
526 2471 778 2507 clitziesthlane
794 2476 912 2517 capta,
941 2470 1045 2504 futuri
1071 2469 1193 2503 domini
1224 2468 1382 2502 offensam
1409 2467 1442 2500 in
1468 2471 1637 2500 ueternum
1659 2466 1713 2499 in-

259 2522 454 2558 currerent,
484 2517 589 2551 inscio
606 2518 778 2565 praefecto
795 2528 854 2553 suo
865 2542 875 2557 ‚
908 2526 980 2550 eam
994 2515 1215 2550 tradiderunt.
1259 2513 1323 2546 iam
1339 2512 1437 2546 etiam
1454 2512 1600 2546 Michae!
1614 2511 1712 2546 motis

259 2562 339 2597 inde
355 2563 472 2596 castris
488 2562 521 2595 in
537 2563 621 2596 fines
638 2563 808 2598 Romanos
824 2561 970 2596 redierat
982 2587 991 2604 ,
1022 2560 1111 2594 nulla
1126 2570 1234 2604 neque
1248 2559 1470 2592 Romanorum
1492 2557 1548 2602 qui
1575 2558 1608 2590 in
1634 2568 1713 2591 arce

261 2613 379 2651 erant,
411 2619 520 2652 neque
537 2607 622 2640 alius
639 2608 830 2652 cuiusquam
845 2607 977 2640 ratione
991 2606 1119 2640 habita.
1165 2605 1294 2638 interea
1316 2603 1391 2636 dum
1407 2602 1474 2636 ista
1489 2603 1530 2636 ud
1546 2603 1712 2636 Amasiam

262 2658 443 2697 geruntur,
473 2653 655 2697 imperator
682 2653 790 2689 adhuc
818 2653 907 2686 circa
930 2652 1134 2696 Dorylaeum
1157 2653 1357 2694 occupatus,
1387 2651 1427 2683 ut
1455 2649 1538 2682 haec
1563 2648 1712 2692 rescivit,

262 2699 395 2733 'l'homa
422 2699 572 2732 eunucho
598 2698 640 2733 ad
658 2698 943 2732 Clitziesthlanem
959 2697 1056 2730 misso
1070 2722 1080 2739 ,
1111 2700 1151 2730 ut
1165 2694 1298 2730 Amasin
1321 2693 1384 2726 sibl
1410 2693 1644 2727 restitueretur
1658 2693 1714 2727 in-

262 2743 349 2781 stitit
364 2747 399 2777 et
413 2743 584 2788 perfidiam
600 2743 662 2787 ipsi
680 2743 915 2788 exprobravit,
938 2741 1061 2775 additis
1075 2740 1170 2774 minis
1182 2763 1192 2782 ‚
1214 2739 1248 2773 ni
1264 2738 1422 2773 eiusmodi
1438 2739 1608 2773 Romanos
1622 2738 1712 2772 iniu-

262 2789 321 2825 riis
345 2789 483 2823 afficere
506 2788 706 2831 absisteret,
738 2788 831 2822 brevi
856 2786 1015 2821 iustitiam
1039 2785 1203 2819 vindicem
1228 2789 1454 2830 experturum.
1501 2785 1574 2829 quis
1599 2789 1712 2818 nutem

260 2834 363 2874 fuerit
385 2834 533 2873 Thomas
559 2833 644 2876 iste,
682 2833 956 2871 commemorabo.
1001 2831 1113 2867 Lesbo
1144 2829 1278 2877 quidem
1302 2829 1412 2866 insula
1438 2830 1599 2867 oriundus
1625 2833 1711 2871 erat,
