1878 3262
635 213 1028 260 HISTORIARUM
1061 218 1108 261 L.
1141 217 1220 262 lV.
1580 216 1678 265 ¹149

217 328 408 385 ηὗλίζετο,
444 327 601 387 ὄρθρου
620 330 664 372 δὲ
682 329 903 386 ταξάμενος
922 329 1061 390 ἐχώρει
1083 332 1187 376 κατὰ
1204 330 1427 391 φάλαγγας.
1497 339 1677 392 προσβο-

215 402 291 452 λῆς
305 399 439 440 τοίνυν
467 399 678 454 γενομένης
699 398 898 454 ζΡωμαῖοι
929 401 1003 454 μὲν
1020 402 1155 455 βέλεσι
1173 404 1240 444 καὶ
1259 407 1404 457 βολαῖς
1425 409 1515 453 ταῖς
1537 405 1581 445 ἐκ
1597 408 1676 445 τιῢν

213 465 472 523 πετροβόλων
498 467 594 518 τοὺς
626 467 739 511 ἔνδον
763 466 987 523 ἐβιάζοντο·
1034 469 1072 511 οἶ
1105 471 1149 512 δὲ
1178 472 1221 512 ἐκ
1248 475 1329 514 τῶν
1348 469 1549 521 ἐπάλξεων
1568 470 1675 526 ἠμύ-

212 551 328 577 νοντο
356 534 654 593 καρτερώτατα.
721 537 902 579 ἐνταῦθα
928 537 1080 592 γίνεταί
1106 555 1144 579 τι
1168 538 1405 594 θαυμάσιον
1433 537 1530 582 οἷον.
1601 539 1674 581 δύο

178 601 288 660 ὅγάρ
308 620 410 654 τινες
427 609 507 647 τῶν
525 610 599 647 τοῦ
610 602 754 648 Δούκα
774 603 1026 662 δορυφόρων,
1046 606 1127 648 ἐπεὶ
1145 608 1278 658 λίθοις
1296 606 1541 663 αἰκιζόμενον
1560 607 1652 650 ἀνέν
1668 633 1676 642 ·

211 673 331 714 δοτον
349 671 447 715 εἶναι
465 674 511 717 τὸ
529 672 724 731 φρούριον
741 672 977 726 κατενόουν,
1014 674 1153 716 ἀσπίσι
1175 674 1250 724 τὰς
1281 677 1461 732 κεφαλὰς
1481 674 1673 731 καλυψά-

208 758 322 795 μενοι
348 740 478 802 δᾷδάς
506 758 548 785 τε
563 744 680 799 χερσὶ
702 749 792 793 ταῖς
821 740 975 799 ἑτέραις
992 741 1148 797 ἔχοντες
1166 743 1230 785 ἐπὶ
1249 743 1324 793 τὰς
1343 743 1474 794 πύλας
1494 744 1672 802 ἐχώρουν

207 808 266 859 ὡς
281 809 551 867 ἐμπρήσοντες
570 809 709 861 αὐτάς.
779 811 883 854 ἀλλὰ
904 815 976 865 τῆς
992 810 1093 866 ὕλης
1109 811 1183 854 οὗκ
1207 810 1432 868 εὖπρήστου
1461 812 1670 868 παρούσης
1693 826 1722 862 Ρ
1746 827 1791 862 87

209 877 412 935 ἄπρακτοι
438 879 590 921 ἐκεῖθεν
610 877 882 936 ἀνεχώρησαν,
918 879 1159 936 παραδόξως
1177 880 1252 930 τὰς
1271 882 1314 922 ἐκ
1332 884 1407 922 τοῦ
1425 882 1582 935 τείχους
1593 899 1674 934 χα-

152 947 380 1001 1Ολαζηὸὸν
409 947 475 988 ἐπ’
508 947 656 998 αὐτοὺς
682 948 938 1003 πεμπομένας
970 947 1254 1005 ἐκπεφευγότες
1281 947 1422 1004 βολάς.
1491 947 1580 992 τότε
1600 951 1673 1003 μὲν

206 1009 278 1057 οὖν
289 1014 481 1070 Ῥωμαῖοι
511 1020 584 1071 τῆς
603 1015 739 1071 μάχης
767 1016 860 1074 ἄχρι
889 1018 955 1058 καὶ
985 1018 1027 1067 ἐς
1057 1016 1205 1060 δύοντα
1226 1015 1517 1072 κατατεινάσης
1544 1017 1671 1073 ἥλιον,

204 1084 340 1139 ἐπειδὴ
359 1085 486 1139 μηδὲν
506 1084 649 1139 ἤνυον,
683 1086 747 1127 ἐπὶ
764 1085 810 1128 τὸ
830 1083 1103 1143 στρατόπεδον
1121 1081 1266 1141 ἦλθον.
1337 1087 1375 1128 οἳ
1394 1087 1439 1128 δὲ
1455 1088 1496 1127 Γ
1494 1087 1672 1142 ιλιέλμου

203 1150 456 1209 στρατάρχαι
481 1151 634 1195 τούτων
663 1152 928 1206 ἀκούσαντες,
976 1156 1032 1204 εἷς
1058 1155 1212 1210 βουλὴν
1240 1156 1491 1211 συλλεγέντες
1519 1157 1554 1197 εἶ
1579 1156 1662 1212 χρὴ
1686 1169 1720 1205 v
1743 1169 1788 1203 68

196 1218 412 1274 Ῥωμαίοις
437 1226 623 1276 πολεμεῖν
653 1223 900 1267 ἐσκέπτοντο.
971 1222 1093 1273 δόξαν
1124 1218 1196 1266 οὖν
1219 1222 1348 1275 οὕτω,
1386 1224 1460 1274 τὰς
1481 1222 1671 1278 δυνάμεις

147 1297 190 1332 15
204 1288 475 1344 ἀναλαβόντες
506 1288 560 1340 ὡς
581 1292 643 1332 ἐπὶ
662 1291 708 1333 τὸ
728 1290 938 1345 Ῥωμαίων
960 1290 1139 1349 ἐχώρουν
1169 1291 1463 1349 στρατόπεδον,
1494 1291 1518 1335 ὃ
1534 1291 1670 1334 πυθό-

200 1375 314 1412 μενοι
342 1360 410 1400 καὶ
433 1357 626 1413 Ῥωμαῖοι
655 1358 710 1410 ὡς
746 1360 848 1417 πρὸς
886 1360 1086 1411 ἀντίταξιν
1119 1358 1396 1415 ἡτοιμάζοντο.
1465 1361 1576 1403 ε’ννὲα
1596 1362 1669 1414 μὲν

201 1421 274 1468 οὖν
285 1427 452 1477 Ἰταλοῖς
471 1426 771 1485 ἐφειστήκεισαν
789 1427 1001 1485 ἡγεμόνες·
1038 1430 1105 1471 ε’πί
1121 1446 1163 1485 γε
1189 1430 1272 1484 μὴν
1297 1428 1447 1472 ἅπασιν
1467 1427 1488 1471 ὃ
1510 1431 1667 1481 καντζι-

199 1496 332 1552 λε’ριος
362 1495 619 1553 ἐστρατήγει·
666 1497 712 1540 τὸ
747 1496 979 1554 στράτευμα
1011 1499 1054 1539 δὲ
1081 1498 1218 1548 αὐτοῖς
1243 1500 1284 1548 ἐς
1314 1498 1360 1540 τὸ
1382 1498 1545 1554 ἀκριβὲς
1568 1496 1666 1548 ἐξώ-

199 1568 342 1607 πλιστο
363 1569 464 1617 πᾶν,
495 1566 647 1616 ἵππους
673 1583 715 1610 τε
742 1564 918 1623 γαύρους
951 1565 1203 1620 ἀναβεβηκὸς
1226 1568 1293 1608 καὶ
1313 1564 1468 1623 δόρατα
1490 1562 1716 1622 κραδαΐ-,Β

144 1650 269 1687 ρονον
286 1632 448 1690 μακρά·
487 1634 555 1691 ἐφ’
578 1631 639 1684 οἷς
658 1633 843 1689 ἔκπληξις
868 1635 938 1676 τὸν
950 1633 1161 1689 Ῥωμαίων
1179 1633 1255 1689 εἶχε
1275 1634 1448 1692 στρατὸν
1466 1636 1531 1676 καὶ
1550 1633 1668 1688 θάμ-

198 1706 296 1756 βος,
333 1704 367 1743 εἲ
385 1701 486 1758 πρὸς
506 1701 634 1752 οὕτως
664 1702 832 1745 εἰῖοπλον
859 1705 926 1745 καὶ
947 1702 1076 1753 οὕτως
1098 1700 1328 1760 ἀνάριθμον
1349 1704 1461 1759 ὀλίγῃ
1484 1708 1666 1757 μαχοῦν-

199 1787 266 1812 ται
288 1774 472 1829 στρατιᾷ.
540 1769 756 1826 ταξάμενοι
780 1772 821 1815 d'
846 1771 956 1826 ὅμως
967 1772 1134 1817 ἵσταντο
1151 1772 1255 1814 κατὰ
1273 1770 1418 1825 λόχους
1450 1773 1515 1813 καὶ
1537 1773 1665 1821 αὐτοί,

199 1839 332 1880 πολλὰ
354 1842 427 1882 τοῦ
451 1844 680 1897 στρατηγοῦ
696 1840 798 1897 πρὸς
812 1841 1011 1899 εὐψυχίαν
1027 1839 1215 1898 ὁρμῶντα
1247 1842 1384 1901 σφίσιν
1409 1837 1670 1903 ὗποτεινομεὶ-ι

199 1991 307 2035 citus,
330 1991 450 2036 positis
473 1991 594 2026 castris
619 1991 762 2037 primum
785 1991 961 2034 consedit,
983 1995 1122 2037 postero
1151 1995 1263 2027 autem
1279 2003 1376 2026 mane
1391 1990 1558 2036 processit
1573 1991 1666 2024 ordi—

198 2044 279 2071 nata
305 2048 367 2082 per
390 2041 520 2071 turmas
543 2038 627 2072 acie.
674 2038 767 2071 facta
788 2037 892 2082 igitur
916 2039 1193 2083 oppugnatione,
1216 2038 1360 2071 Romani
1382 2038 1460 2071 telis
1475 2042 1511 2070 et
1523 2037 1668 2071 iactibus

197 2083 423 2117 machinarum
439 2083 601 2117 infestant
617 2084 793 2117 obsessos:
819 2088 922 2127 atque
939 2085 972 2116 hi
1002 2084 1145 2117 vicissim
1162 2084 1298 2118 fortiter
1312 2094 1351 2117 se
1367 2095 1410 2118 ex
1425 2093 1665 2128 propugnacu-

197 2129 241 2163 lis
259 2134 408 2163 tuentur.
454 2140 521 2174 quo
538 2135 609 2163 tum
620 2135 772 2174 tempore
782 2140 837 2163 res
852 2129 1001 2163 miranda
1018 2130 1151 2163 accidit.
1199 2141 1273 2163 cum
1289 2129 1375 2163 enim
1391 2129 1458 2162 duo
1475 2129 1593 2163 Ducae
1608 2140 1666 2162 sa-

196 2175 343 2217 tellites,
368 2176 538 2220 quassatis
561 2175 709 2219 lapidum
734 2175 908 2209 emissione
934 2175 1037 2209 muris
1060 2186 1271 2220 nequaquam
1296 2175 1340 2209 ad
1356 2174 1556 2209 deditionem
1571 2174 1667 2208 incli-

197 2231 280 2258 nate
299 2225 478 2254 cernerent
503 2226 668 2263 castrum,
694 2220 801 2265 clipeo
829 2220 1022 2265 operientes
1049 2225 1174 2266 caput,
1199 2221 1306 2256 altera
1321 2232 1420 2254 manu
1435 2222 1527 2255 faces
1549 2221 1666 2254 feren-

196 2271 272 2308 tes,
296 2266 340 2300 ad
362 2272 498 2311 portas,
522 2272 560 2300 ut
586 2267 628 2300 iis
651 2267 761 2310 ignem
785 2266 1023 2308 admoverent,
1055 2267 1272 2301 contendunt.
1318 2267 1379 2301 sed
1407 2266 1572 2301 flammam
1600 2277 1666 2299 non

198 2312 409 2357 concipiente
423 2313 532 2356 ligno,
554 2324 592 2346 re
616 2312 744 2346 infecta
758 2323 777 2346 r
808 2311 845 2326 ”’·
863 2324 910 2354 ·e„
932 2312 1049 2347 vitatis
1071 2319 1209 2358 praeter
1227 2312 1435 2357 opinionem,
1459 2323 1548 2358 quae
1562 2323 1666 2356 gran—

198 2358 286 2391 dinis
308 2358 412 2392 instar
427 2358 472 2392 de
498 2357 670 2393 moenibus
696 2355 866 2397 emittet&
889 2355 953 2402 Er,
973 2358 1060 2392 telis.
1106 2364 1174 2394 tum
1199 2370 1283 2392 vero
1300 2358 1464 2400 Romani,
1487 2362 1666 2403 postquam

198 2408 375 2449 protracto
401 2404 445 2439 ad
472 2405 552 2438 solis
577 2414 685 2448 usque
717 2415 873 2438 occasum
901 2405 1082 2438 certamine
1107 2404 1188 2438 nihil
1205 2405 1406 2449 profecere,
1430 2403 1464 2437 in
1481 2409 1593 2437 castra
1608 2414 1667 2436 re-

197 2450 290 2483 versi
305 2453 395 2484 sunt.
441 2461 530 2494 quae
545 2461 619 2484 cum
634 2449 794 2483 Gulielmi
810 2449 949 2484 ducibus
966 2455 1140 2496 comperta
1156 2454 1292 2491 essent,
1315 2454 1436 2483 coacto
1452 2448 1605 2490 concilio,
1622 2459 1665 2482 an

200 2506 275 2529 cum
300 2495 462 2530 Romanis
485 2507 601 2530 manus
623 2500 859 2540 consererent,
893 2495 1094 2531 deliberant.
1143 2507 1218 2530 cum
1243 2495 1386 2529 omnium
1402 2495 1436 2527 in
1452 2494 1487 2527 id
1504 2494 1665 2528 conveni-

199 2546 276 2574 rent
291 2541 501 2583 sententiae‚
525 2541 704 2587 assumptis
730 2541 857 2586 copiis,
879 2553 999 2576 versus
1015 2543 1240 2575 Romanorum
1258 2545 1370 2574 castra
1393 2540 1459 2575 iter
1473 2540 1664 2574 intendunt.

200 2586 343 2620 Romani
359 2592 478 2622 contra
492 2588 545 2622 his
561 2588 682 2621 auditis
699 2587 742 2620 ad
758 2588 982 2623 resistendum
994 2599 1069 2621 sese
1086 2591 1293 2631 comparant.
1339 2586 1435 2620 Italis
1450 2585 1583 2630 quidem
1600 2596 1664 2619 no·-

200 2642 276 2665 vem
293 2635 474 2677 praefuere
498 2633 623 2676 duces,
657 2634 776 2678 quibus
797 2635 948 2668 omnibus
971 2633 1188 2678 praepositus
1213 2637 1267 2665 est
1283 2631 1512 2666 cancellarius.
1559 2631 1665 2665 omnis

199 2681 313 2711 autem
340 2678 509 2713 exercitus
536 2680 657 2723 armis,
688 2680 861 2723 generosis
883 2685 1062 2725 praeterea
1085 2679 1198 2723 equis,
1227 2678 1404 2723 longisque
1427 2677 1532 2711 hastis
1562 2688 1662 2722 quam

201 2722 329 2767 optime
349 2723 536 2759 instructus
560 2730 648 2759 erat.
705 2737 748 2760 ex
775 2725 895 2770 quibus
916 2736 984 2759 non
1006 2724 1153 2759 modicus
1179 2725 1352 2759 Romanos
1373 2723 1510 2757 incessit
1530 2734 1660 2767 pavor,

201 2767 301 2801 animi
317 2768 437 2803 dubios
452 2782 495 2805 an
510 2783 584 2805 cum
598 2773 695 2805 tanto
713 2776 748 2805 et
764 2776 832 2805 tam
846 2773 934 2806 bene
954 2775 1082 2805 armato
1102 2770 1252 2804 exercitu
1268 2769 1396 2814 exiguis
1411 2769 1587 2803 admodum
1605 2779 1663 2800 co·-

203 2813 269 2858 piis
299 2813 521 2850 decertarent.
568 2817 725 2852 ordinata
739 2818 841 2851 nihilo
861 2818 967 2852 minus
994 2816 1067 2851 acie
1086 2821 1121 2850 et
1143 2827 1206 2862 per
1229 2821 1356 2850 turmas
1371 2815 1550 2848 distributa
1563 2841 1573 2855 ,
1596 2814 1665 2845 dux

206 2859 311 2894 multa
324 2860 478 2896 oratione
491 2861 534 2896 ad
548 2862 851 2908 magnanimitatem
866 2863 987 2900 milites
1001 2863 1206 2899 cohortatur.
1237 2861 1388 2899 manibus
1403 2857 1605 2906 aliquamdiu
1621 2858 1665 2892 ab
