1878 3262
247 226 313 274 54
672 221 980 268 NICEPHORI
1011 223 1279 269 BRYENNII
1309 257 1314 262 ,

385 338 464 383 25.
528 338 578 382 ‘O
608 339 652 381 δὲ
677 337 872 394 Διογένης
909 337 977 380 καὶ
1009 340 1090 379 τῶν
1123 333 1369 394 πραγμάτων
1404 338 1515 397 αὐτῷ
1540 335 1709 382 κατόπιν

247 406 431 463 ἀρμένων
453 407 499 449 οὗ
524 409 828 463 κατεγίνωσκεν,
869 405 974 449 ἀλλὰ
1007 405 1103 457 τοὺς
1130 407 1220 462 περὶ
1252 406 1374 448 αὐτὸν
1393 406 1617 465 ὓπερώννυε
1639 409 1708 449 καὶ

200 477 233 512 D
252 476 415 525 ἐλπίδας
435 474 633 518 ὑπέτεινεν
655 474 710 526 ὥς
732 475 975 533 ἀφιξομένης
998 474 1142 516 αὐτίκα
1173 474 1223 529 δὴ
1245 472 1359 528 μάλα
1377 477 1581 532 Περσικῆς
1602 493 1710 530 συμ-

245 545 412 598 μαχίας.
482 542 780 601 διεπρεσβεύετο
817 545 860 586 δὲ
894 545 961 586 καὶ
995 542 1096 600 πρὸς
1126 542 1196 585 τὸν
1218 544 1441 600 Κρισπῖνον
1467 543 1710 601 πειρώμενος

249 612 378 654 αὐτοῦ
419 611 464 655 τὸ
504 611 718 670 βάρβαρον
758 610 951 670 φρόνημα
992 613 1179 668 διεγεῖραι
1211 611 1316 653 κατὰ
1348 615 1421 653 τοῦ
1441 611 1743 669 Ἀνδρονίκου.5

248 681 356 723 ἀλλὰ
389 684 508 723 τοῦτο
542 682 660 738 γνοὺς
687 680 938 738 Ἀνδρόνικος
974 681 1041 722 καὶ
1066 678 1421 736 θωπευτικώτερον
1446 680 1712 735 ἐντετυχηκὼς

247 753 307 806 ’τῷ
333 750 539 808 Κρισπίνῳ
560 751 632 805 τὴν
652 751 798 792 ἐκείνου
825 749 1040 807 πρεσβείαν
1064 748 1264 799 ἀπέδειξεν
1291 747 1507 805 ἄπρακτον.
1577 747 1712 805 ἀπρά-

247 834 344 859 κτου
380 819 423 860 δὲ
448 823 520 873 τῆς
552 820 767 876 πρεσβείας
789 818 1096 872 ἀποδειχθείσης
1121 819 1188 858 καὶ
1213 820 1286 861 τοῦ
1310 818 1353 858 ἐκ
1378 818 1581 874 Περσίδος
1606 834 1712 871 συμμ-

245 890 422 939 μαχικοῦ
447 885 503 928 ἔτι
524 887 760 940 μέλλοντος,
791 886 829 928 οἳ
853 888 943 943 περὶ
969 885 1038 927 τὸν
1064 885 1260 942 Διογένην
1285 883 1522 941 ἀπογνόντες
1545 889 1603 943 τῷ
1620 885 1711 928 Ἀν-

247 955 417 1012 δρονίκῳ
444 956 680 1009 συνθέμενοι
711 957 779 997 καὶ
808 955 959 1004 πίστεις
988 958 1062 996 τοῦ
1093 954 1151 1009 μὴ
1178 958 1325 996 παθεῖν
1350 952 1557 1010 εἰληφότες
1588 951 1711 996 αὐτόν
1723 965 1768 1001 10

247 1039 291 1064 τε
325 1022 395 1065 τὸν
428 1024 600 1077 βασιλέα
633 1021 906 1081 παραδιδόασι
946 1024 1013 1066 καὶ
1043 1022 1089 1065 τὸ
1116 1021 1325 1080 φρούριον.
1395 1022 1433 1063 οἳ
1462 1023 1506 1063 δὲ
1528 1023 1618 1079 περὶ
1643 1021 1713 1064 τὸν

127 1088 157 1123 P
180 1089 226 1126 38
249 1089 396 1133 Δούκα
412 1090 665 1147 Ἀνδρόνικον
691 1091 812 1135 αὐτὸν
837 1090 1105 1146 συλλαβόντες
1124 1091 1196 1146 τὴν
1221 1090 1440 1147 ἁλουργίδα
1462 1090 1583 1132 αὐτὸν
1609 1090 1714 1132 ἀπο-

247 1157 463 1210 ὁύσαντες,
504 1159 550 1201 τὸ
570 1159 788 1213 μοναδικὸν
812 1158 1045 1202 ἔπενδύουσι
1067 1164 1231 1214 σχῆμα,
1267 1161 1333 1201 καὶ
1359 1158 1464 1200 οὕτω
1483 1163 1557 1200 τοῦ
1579 1175 1713 1216 φρου-

245 1228 335 1283 ρίου
371 1226 628 1283 ἐξαγαγόντες
659 1228 759 1285 πρὸς
795 1227 864 1270 τὸν
894 1226 1147 1285 Ἀνδρόνικον
1185 1228 1287 1282 μετὰ
1327 1228 1515 1281 πλείστης
1546 1226 1606 1269 ὅτι
1639 1231 1713 1282 τῆς

244 1297 502 1352 περιχαρείας
535 1294 769 1351 ἀπάγουσιν.
839 1294 860 1337 ὃ
901 1297 944 1338 δὲ
982 1300 1054 1351 τῆς
1091 1293 1214 1350 τύχης
1248 1295 1369 1337 αὐτὸν
1395 1297 1590 1352 οἰκτείρας
1612 1293 1709 1337 {dd-
1723 1309 1768 1345 15

244 1379 369 1420 κρυσε
404 1366 472 1406 καὶ
510 1365 642 1415 δεξιὰν
676 1364 866 1419 ἐμβαλὼν
905 1367 961 1415 εἷς
997 1364 1071 1420 τὴν
1109 1362 1256 1406 ἑαυτοῦ
1290 1361 1433 1419 ἀπάγει
1465 1363 1612 1419 σκηνὴν
1643 1365 1713 1405 καὶ

129 1437 163 1473 V
184 1438 229 1476 25
253 1433 450 1488 τραπέζης
481 1433 593 1491 αὐτῷ
627 1440 816 1476 κοινωνεῖ.
884 1427 935 1488 ἦν
967 1428 1037 1476 οὗν
1070 1431 1231 1486 ἄμεινον
1260 1433 1378 1488 με’χρι
1404 1430 1547 1474 τούτου
1571 1436 1715 1486 στῆναι

244 1504 304 1558 τῷ
336 1501 453 1558 ἀνδρὶ
485 1501 537 1544 τὰ
569 1506 642 1556 τῆς
672 1503 914 1555 δυστυχίας·
959 1501 1053 1543 ἀλλ’
1092 1501 1164 1542 οὐκ
1189 1495 1239 1555 ἦν
1265 1501 1376 1557 αὐτῷ
1400 1502 1614 1557 διαδρᾶναι
1640 1504 1714 1542 τοῦ

247 1566 408 1624 φθόνου
434 1569 486 1611 τὰ
510 1570 697 1623 βέλεμνα.
746 1570 784 1611 οἳ
808 1570 885 1626 γὰρ
909 1572 999 1626 περὶ
1019 1569 1089 1612 τὸν
1113 1570 1286 1623 βασιλέα
1307 1568 1483 1623 Μιχαὴλ
1507 1567 1713 1625 πρόφασιν

194 1647 226 1683 Β
250 1635 383 1694 ὥσπερ
413 1642 486 1692 τῆς
512 1639 618 1687 ἰδίας
638 1639 859 1691 ἐπιθυμίας
878 1637 950 1692 τὴν
976 1637 1077 1695 πρὸς
1103 1638 1248 1681 ἐκεῖνον
1268 1635 1516 1690 πλασάμενοι
1541 1636 1769 1689 εὔνοιαν,20

247 1706 449 1759 δείσαντες
481 1704 536 1756 ὥς
567 1706 723 1764 ἔφησαν
754 1705 813 1762 μή
845 1723 883 1749 τι
913 1708 980 1748 καὶ
1015 1704 1360 1763 διαμηχανήσαιτο
1384 1703 1405 1746 ὃ
1428 1705 1624 1760 Διογένης,
1643 1707 1712 1748 καὶ

338 1813 374 1850 2.
399 1809 588 1856 ἄρμὲνων]
614 1812 655 1848 Ρ.
680 1811 876 1857 ῥεομένων.
899 1813 1038 1847 Bekker
1056 1810 1282 1857 φερομένων.
1375 1811 1461 1848 ibid.
1485 1809 1713 1860 ὑπερώννυε]

340 1855 597 1903 ἐπερρώννυεὶ)
738 1861 793 1894 10.
816 1860 971 1904 παθεῖν]
995 1871 1031 1893 τι
1053 1859 1223 1893 παθεῖνῖ

338 1948 396 1983 25.
443 1949 491 1983 At
504 1949 678 1993 Diogenes
699 1951 766 1983 tam
790 1949 916 1984 infelici
940 1960 1095 1983 successu
1111 1961 1178 1983 non
1192 1951 1321 1983 fractus
1337 1949 1534 1984 obstinabat
1551 1947 1661 1982 adhuc
1677 1947 1712 1982 in

245 2004 308 2039 spe
323 1995 465 2030 animum
479 2021 488 2038 ‚
522 1995 702 2039 sociosque
719 1995 855 2029 ultimae
873 1996 1031 2029 fortunae
1054 1996 1220 2031 consolari
1242 1996 1402 2031 studebat
1416 1994 1543 2031 fiducia
1558 2005 1634 2029 mox
1649 1994 1712 2028 ad-

244 2040 349 2073 futuri
366 2053 384 2072 e
400 2040 543 2075 Perside
559 2041 684 2078 auxilii.
731 2041 821 2075 misit
846 2041 946 2075 etiam
971 2041 1015 2075 ad
1033 2041 1224 2086 Crispinum
1250 2046 1362 2075 certos
1378 2041 1527 2074 homines
1541 2039 1710 2083 ingenium

244 2085 411 2121 irritabile
436 2086 587 2123 iracundi
612 2087 748 2120 barbari
764 2087 934 2123 concitare
949 2087 983 2120 in
1000 2087 1226 2122 Andronicum
1243 2091 1423 2121 conaturos
1438 2100 1446 2121 :
1478 2086 1570 2121 ouius
1583 2085 1709 2120 indicio

245 2130 361 2175 coepti
375 2157 384 2172 ‚
415 2137 555 2176 accepto
584 2132 617 2166 in
644 2138 797 2176 tempore
820 2132 1033 2167 Andronicus
1058 2133 1160 2177 longe
1183 2133 1415 2169 blandioribus
1438 2143 1537 2180 quam
1563 2142 1711 2176 unquam

245 2176 330 2210 alias
343 2176 456 2210 verbis
471 2177 662 2222 officiisque
680 2178 871 2222 Crispinum
887 2178 935 2213 ita
952 2178 1127 2222 delinivit,
1157 2183 1194 2212 ut
1209 2179 1438 2222 Diogenianos
1454 2176 1618 2211 remiserit
1631 2176 1710 2210 irri-

244 2225 313 2256 tos.
343 2221 438 2255 cuius
452 2223 502 2256 rei
517 2234 579 2266 per
596 2223 787 2257 comitatum
804 2224 968 2268 Diogenis
982 2225 1072 2259 fama
1085 2224 1237 2267 vulgata,
1259 2225 1559 2267 cunctantibusque
1575 2221 1708 2257 nimium

245 2267 455 2312 exspectatis
470 2280 490 2302 a
505 2268 647 2301 Perside
663 2269 767 2313 copiis
781 2294 791 2310 ,
819 2270 974 2314 proditur
1000 2281 1020 2303 a
1048 2269 1117 2303 suis
1132 2270 1320 2313 Diogenes,
1352 2269 1612 2303 incolumitatem
1626 2279 1710 2312 pro-

245 2313 352 2358 priam
369 2313 459 2355 eius,
489 2318 592 2358 atque
618 2314 705 2349 arcis
728 2315 760 2347 in
786 2326 850 2359 qua
876 2319 973 2349 erant
998 2315 1171 2351 deditione
1187 2317 1229 2349 ab
1245 2316 1435 2350 Andronico
1452 2313 1709 2358 paciscentibus.

243 2358 352 2392 missis
375 2358 479 2402 igitur
505 2360 548 2393 ab
566 2359 756 2393 Andronico
785 2361 828 2394 ad
853 2360 1052 2404 exigendam
1067 2367 1241 2403 pactorum
1257 2362 1356 2395 fidem
1372 2359 1522 2396 admissis
1537 2359 1570 2393 in
1585 2370 1710 2403 arcem,

247 2404 382 2437 deditus
397 2405 569 2449 Diogenes
598 2406 642 2439 ab
663 2405 703 2439 iis
729 2417 880 2454 purpura
896 2411 1018 2440 exutus
1033 2407 1220 2441 monastica
1235 2412 1332 2441 veste
1348 2405 1537 2449 contegitur
1549 2430 1558 2445 ‚
1591 2405 1710 2450 sicque

245 2449 386 2483 eductus
401 2461 480 2484 arce
495 2450 686 2487 Andronico
703 2451 851 2495 sistitur,
875 2452 1032 2495 gaudium
1048 2457 1164 2488 tantae
1178 2452 1351 2495 victoriae,
1374 2462 1441 2495 quo
1458 2450 1578 2495 passim
1595 2451 1709 2485 exsul-

245 2495 364 2528 tabant
379 2496 519 2538 milites,
545 2496 699 2530 modesta
714 2497 1001 2531 commiseratione
1016 2498 1200 2542 prementi:
1224 2498 1276 2532 cui
1299 2496 1456 2531 laudabili
1472 2496 1613 2530 affectui
1628 2501 1708 2531 tan-

246 2543 316 2572 tum
335 2540 471 2575 indulsit
485 2547 524 2574 ut
540 2542 640 2575 etiam
654 2542 837 2576 infortunio
855 2543 1066 2580 exauctorati
1082 2543 1275 2588 captivique
1290 2542 1450 2587 principis
1471 2542 1623 2576 lacrimas
1646 2542 1708 2576 de-

204 2612 209 2618 .
245 2585 351 2618 derit:
375 2593 585 2630 congruente
599 2589 803 2622 humanitate
818 2593 934 2622 cetera
944 2614 953 2631 ,
971 2599 1038 2633 qua
1051 2589 1213 2623 illustrem
1229 2588 1398 2633 captivum
1413 2588 1571 2632 amplexu
1586 2588 1708 2631 ‹ligna-

245 2634 302 2663 tus
322 2631 540 2666 tabernaculo
567 2634 701 2678 excepit
725 2635 841 2670 eodem
856 2645 967 2668 secum
985 2645 1185 2678 mensaeque
1201 2633 1361 2668 adhibuit.
1408 2634 1495 2667 hunc
1510 2636 1708 2678 oportuerat

246 2675 347 2712 finem
367 2687 440 2710 esse
456 2678 576 2711 misero
594 2679 775 2713 malorum:
799 2679 860 2713 sed
883 2680 1033 2713 invidiae
1057 2679 1157 2723 longe
1179 2679 1356 2713 iaculantis
1372 2679 1525 2722 effugere
1540 2679 1626 2712 ictus
1641 2690 1707 2713 non

246 2721 370 2767 potuit.
418 2723 556 2756 fuerunt
579 2724 664 2757 enim
686 2725 720 2758 in
745 2726 821 2759 aula
836 2725 892 2769 qui
908 2725 985 2759 odio
1001 2730 1060 2760 aut
1076 2725 1187 2759 timori
1202 2724 1339 2770 proprio
1356 2725 1515 2759 affectum
1530 2724 1564 2759 in
1580 2724 1707 2769 princi-

247 2778 324 2812 pcm
339 2772 579 2811 praetexentes
595 2768 754 2804 Michaeli
771 2774 1014 2814 suggesserunt
1025 2796 1035 2812 ‚
1065 2781 1231 2814 nunquam
1254 2770 1300 2807 illi
1317 2771 1561 2816 possessionem
1576 2769 1707 2815 imperii
1753 2803 1756 2805 Α

244 2813 319 2848 fore
336 2817 481 2855 certam,
506 2814 618 2858 quoad
633 2815 765 2849 valeret,
779 2815 961 2858 Diogenes.
994 2815 1156 2859 siquidem
1172 2821 1207 2849 et
1219 2815 1326 2861 ipsum
1345 2817 1568 2860 cogitaturum
1580 2814 1707 2860 aliquid

246 2862 280 2896 et
295 2857 380 2895 alios
395 2870 557 2896 novarum
573 2860 710 2908 cupidos
725 2872 838 2897 rerum
852 2860 931 2897 hino
945 2860 1104 2897 turbandi
1119 2872 1252 2896 oausam
1268 2862 1446 2909 petituros.
1479 2862 1529 2896 sic
1544 2871 1705 2908 expresso
