1878 3262
537 201 1080 260 COMMENTARJORUM
1112 203 1160 248 L.
1184 201 1264 248 lv.
1539 201 1633 250 161

162 315 338 374 πόλεμον
357 313 641 375 ’προκριθέντα
663 319 732 361 καὶ
753 314 908 369 πάντας
925 316 1028 376 πρὸς
1047 316 1101 361 τὰ
1123 315 1230 360 ὅπλα
1251 315 1332 373 ἤδη
1349 313 1632 375 χωρήσαντας,

161 384 464 442 στοχασάμενυς
486 385 542 437 ὥς
562 388 652 445 περὶ
671 387 724 430 τὰ
744 386 1015 444 στρατιωτικὰ
1040 386 1195 442 πολλὴν
1211 386 1420 444 ἐμπειρίαν
1439 388 1633 443 κεκτημέ-

160 473 230 506 νος
250 460 326 499 τοῦ
347 456 684 511 ἀποβησαμένου,
718 453 1102 514 παρρησιασάμενος
1130 453 1254 506 αῧτός
1281 472 1325 498 τε
1356 456 1424 498 καὶ
1447 453 1470 498 ὅ
1490 457 1633 514 Κουρ-

161 526 275 580 τίκης
299 526 424 582 φησίν
451 523 576 567 ‘⁶066'
597 525 713 567 αὐτοὶ
734 524 954 581 ἀγνοοῦμεν
978 523 1041 567 ὅτι
1060 540 1104 567 σε
1123 528 1205 568 τῶν
1229 522 1447 581 ταγμάτοιν
1464 522 1487 567 ὃ
1507 529 1632 579 βασι-

127 594 254 644 subg
283 592 462 650 ἡγεμόνα
491 595 812 651 προεχειρίσατο,
847 595 916 636 καὶ
942 594 1012 636 διὰ
1035 597 1157 637 τοῦτο
1186 592 1240 636 τὰ
1268 593 1402 636 πολλὰ
1419 593 1626 650 ἐσιγῶμεν.
1651 596 1683 633 V
1704 599 1751 636 77

157 667 232 705 νῦν
263 663 307 705 δὲ
336 661 586 720 ἓφορῶμενοι
607 662 678 705 τὸν
699 663 957 721 προκείμενον
979 663 1162 706 κίνδυνον
1183 663 1251 705 καὶ
1276 662 1351 718 τὴν
1367 663 1412 705 ἐκ
1432 664 1635 717 βασιλέως

159 732 203 781 ἐς
228 730 398 789 ὕστερον
422 732 793 787 ἐπενεχθησομένην
812 730 909 787 ἡμῖν
931 731 1055 790 ὀργὴν
1075 729 1250 783 δεδιότες
1269 731 1334 774 ἐπὶ
1355 735 1492 775 πλεῖον
1509 736 1627 789 σιγᾶν
1649 734 1681 770 C

159 800 208 842 οὗ
242 798 470 854 δυνάμεθα.
538 800 629 843 ἴσθι
649 802 783 843 τοίνυν
801 799 858 852 ὥς
874 798 993 856 ἡνίκα
1012 804 1065 858 τῇ
1084 802 1241 860 Νικαιά
1257 798 1544 856 πλησιάσωμεν
1563 804 1635 845 καὶ

157 866 309 924 ταύτης
336 867 560 926 ἀπόπειραν
590 868 903 928 ἐπιχειρήσωμεν
924 873 1155 922 ποιεῖσθαι,
1184 869 1223 911 οἳ
1239 868 1529 928 τολμηρότεροι
1550 875 1634 914 τῶν

106 943 152 977 10
162 942 421 994 στρατιωτῶν
445 936 740 995 πληγήσονται,
775 939 814 981 οἱ
845 940 890 981 δὲ
918 941 986 982 καὶ
1015 936 1379 996 ἀναιρεθήσονται’
1406 938 1536 989 δεινὸς
1554 939 1634 997 γὰρ

158 1004 181 1048 ὅ
203 1005 282 1048 ἀπὸ
304 1011 386 1049 τῶν
402 1005 605 1058 ἐπάλξεων
626 1014 712 1058 τοῖς
730 1006 884 1058 ἔξωθεν
902 1006 1090 1063 πόλεμος.
1160 1007 1199 1049 οἳ
1224 1008 1268 1050 δὲ
1287 1006 1443 1058 ἔξωθεν
1462 1009 1636 1062 κείμενοι

161 1079 340 1132 Τοῦρκοι
357 1079 432 1131 τῆς
453 1077 688 1133 πολιορκίας
707 1074 859 1132 ταύτης
876 1075 1116 1131 αἰσθόμενοι
1135 1076 1263 1126 εὐθὺς
1282 1075 1387 1118 καθ’
1410 1073 1528 1130 ἡμῶν
1545 1092 1633 1131 χω-

159 1142 366 1201 ρήσουσιν.
433 1143 549 1199 ἡμεῖς
576 1146 622 1188 δὲ
649 1143 753 1202 πρός
772 1163 815 1188 τε
838 1146 936 1196 τοὺς
959 1145 1039 1188 ἀπὸ
1057 1148 1141 1188 τῶν
1157 1148 1300 1198 τειχῶν
1323 1142 1435 1200 ἡμᾶς
1455 1143 1635 1198 βάλλον-

157 1229 234 1262 τας
263 1214 446 1255 καὶτῶν
478 1217 617 1255 πυλῶν
644 1212 823 1264 ἐξιόντας
854 1212 957 1270 πρός
985 1232 1028 1258 τε
1062 1214 1159 1264 τοὺς
1191 1212 1347 1264 ἔξωθεν
1378 1213 1484 1255 καθ’
1516 1211 1635 1268 ἡμῶν

106 1287 149 1323 15
161 1279 467 1331 ἓπεισπεσόντας
500 1282 676 1336 ἀντέχειν
708 1283 768 1338 μὴ
801 1281 1015 1337 δυνάμενοι
1053 1284 1096 1333 ἒξ
1126 1280 1302 1337 ἀνάγκης
1334 1280 1635 1339 ὄπισθόρμητοι

155 1348 372 1406 γενόμεθα.
442 1352 509 1392 καὶ
530 1351 569 1392 οἱ
587 1351 662 1405 μὲν
683 1352 780 1401 τοὺς
798 1353 1072 1408 τετρωμένους
1094 1355 1176 1393 τῶν
1197 1352 1311 1393 ἰδίων
1333 1350 1633 1406 ἀναλαβόμενοι

156 1418 230 1476 ἐφ’
249 1412 284 1477 ᾧ
306 1422 561 1476 θεραπεῦσαι
588 1419 738 1470 αὐτοὺς
760 1419 840 1475 ὅπη
860 1420 1063 1476 βουλητὸν
1086 1419 1255 1470 ἕκαστος
1279 1418 1559 1472 ἀπελεύσεται,
1588 1420 1628 1462 οἱ
1648 1431 1682 1467 D

157 1488 203 1529 δὲ
219 1485 385 1541 κάτοχοι
402 1492 452 1544 τῇ
468 1487 576 1546 λύπῃ
593 1493 674 1531 τῶν
693 1489 1029 1532 ἀποκτανθέντων
1048 1486 1252 1546 γεγονότες
1268 1489 1370 1546 παρ’
1391 1488 1508 1531 οὐδὲν
1524 1487 1636 1544 ἡμᾶς

132 1565 134 1567 ’
156 1554 487 1613 ὥφελήσουσιν.”

102 1659 148 1694 20
297 1647 377 1692 35.
451 1648 503 1690 Οἳ
530 1648 574 1690 δὲ
595 1647 709 1706 παρὰ
730 1653 858 1708 κωφῷ
880 1648 991 1710 ᾅδειν
1012 1646 1227 1708 ἔῴκεισαν·
1276 1646 1422 1692 οῧδὲνα
1449 1647 1528 1706 γὰρ
1561 1645 1634 1690 λό-

156 1732 227 1772 γον
257 1714 411 1759 τούτων
437 1715 708 1772 ποιησάμενος
733 1716 754 1759 ὅ
788 1720 977 1774 ε’κτομιάς
998 1720 1145 1769 ἐκεῖνος
1164 1719 1240 1769 τὰς
1264 1715 1455 1771 δυνάμεις
1477 1717 1632 1759 ἀναλα-

250 1850 286 1884 6.
309 1846 567 1893 ἐφοροόμενοι]
590 1845 857 1892 ’ὑφορώμενοιῗ
1015 1849 1051 1882 9.
1075 1843 1313 1894 ἀπόπειραν]
1336 1848 1381 1882 V.
1407 1845 1632 1893 ἄποπειρᾶν.

248 1896 305 1930 16.
329 1892 540 1940 γενόμεθα]
566 1893 800 1938 γενησόμεθα
811 1893 831 1926 Υ

158 2021 263 2045 caeae
280 2013 318 2046 et
333 2012 475 2045 cunctos
490 2009 536 2044 ad
551 2009 587 2044 id
601 2003 724 2043 armar'i
734 2035 744 2052 ‚
775 2007 959 2053 providens
971 2018 1036 2053 pro
1050 2007 1153 2053 longo
1169 2018 1233 2042 usu
1247 2007 1299 2042 rei
1311 2007 1466 2043 militaris
1478 2008 1561 2054 quid
1574 2009 1634 2043 fu-

157 2063 271 2092 turum
288 2062 391 2099 esset,
407 2056 571 2090 audacter
584 2066 648 2101 pro
665 2066 703 2089 se
717 2065 758 2087 ac
773 2054 914 2088 Curtice
928 2053 1125 2099 prolocutus
1140 2054 1175 2088 in
1192 2055 1280 2088 hunc
1295 2055 1430 2089 modum
1446 2061 1517 2089 est:
1543 2057 1634 2089 “nec

160 2114 225 2137 nos
242 2103 435 2148 ignoramus
450 2107 486 2136 te
500 2102 579 2136 huic
594 2100 757 2135 exercitui
772 2100 891 2134 ducem
905 2100 1096 2145 impositum
1112 2101 1155 2134 ab
1170 2100 1384 2146 imperatore,
1399 2105 1435 2135 et
1449 2104 1634 2146 propterea

157 2150 266 2183 multa
292 2160 380 2194 quae
406 2148 548 2182 dicenda
574 2148 710 2181 fuerant
727 2146 777 2180 tui
790 2147 983 2181 reverentia
998 2146 1196 2192 pressimus:
1228 2157 1318 2180 nunc
1333 2151 1443 2181 tamen
1460 2159 1534 2181 cum
1550 2158 1635 2192 pro·-

156 2195 333 2230 videamus
357 2195 532 2229 imminens
555 2192 738 2239 periculum
765 2196 802 2226 et
825 2192 1039 2238 imperatoris
1059 2192 1103 2226 de
1125 2192 1223 2226 nobis
1239 2192 1361 2227 deinde
1375 2204 1415 2226 re
1430 2193 1517 2227 male
1531 2197 1634 2237 gesta

157 2241 410 2287 expostulaturi
441 2241 562 2274 iustam
590 2239 675 2273 iram
701 2249 898 2280 vereamur,
927 2239 1027 2273 silere
1051 2238 1193 2284 amplius
1218 2249 1286 2272 non
1308 2250 1498 2284 possumus.
1544 2239 1632 2274 scito

156 2287 261 2332 igitur
286 2288 361 2321 fore
385 2290 423 2321 ut
440 2298 515 2320 cum
530 2285 684 2321 admotus
699 2284 851 2319 Nicaeae
873 2284 977 2319 fuerit
992 2284 1161 2319 exercitus
1177 2288 1213 2318 et
1227 2295 1301 2318 eam
1315 2289 1451 2319 tentare
1466 2285 1633 2330 coeperit,

157 2333 372 2368 audacissimi
389 2333 514 2378 quique
528 2332 670 2366 militum
684 2331 903 2365 vulnerentur
917 2334 952 2365 et
967 2343 1010 2365 ex
1024 2330 1066 2364 iis
1081 2331 1300 2371 occidantur,
1315 2330 1430 2376 iniqua
1445 2331 1532 2364 enim
1550 2342 1634 2364 con-

158 2378 289 2413 ditione
314 2383 487 2425 pugnatur
507 2377 530 2412 ‘a
553 2378 651 2412 nudis
674 2377 709 2411 in
731 2388 846 2423 campo
871 2377 1035 2412 adversus
1055 2376 1170 2411 hostes
1197 2376 1301 2410 muris
1316 2381 1352 2410 et
1366 2377 1632 2422 propugnaculis

157 2429 343 2470 protectos.
388 2425 498 2459 Turci
522 2435 604 2458 vero
630 2423 687 2468 qui
709 2428 808 2457 extra
829 2424 945 2458 urbem
961 2427 1075 2457 castra
1089 2423 1237 2464 habent,
1267 2422 1453 2456 sentientes
1467 2422 1632 2457 Nicaeam

158 2470 370 2516 oppugnari,
388 2470 503 2505 infesti
517 2471 590 2505 sine
605 2470 706 2504 dubio
722 2469 757 2503 in
772 2481 834 2504 nos
848 2470 1034 2504 incurrent.
1079 2480 1142 2503 nos
1157 2473 1269 2502 autem
1284 2467 1325 2501 iis
1341 2468 1398 2512 qui
1413 2480 1433 2502 e
1446 2467 1552 2502 muris
1566 2479 1632 2503 nos

159 2517 237 2550 telis
250 2517 414 2563 impetent
429 2517 554 2562 quique
569 2527 632 2562 per
647 2520 764 2562 portas
777 2515 811 2550 in
827 2527 889 2550 nos
905 2519 1099 2560 erumpent,
1127 2514 1272 2559 denique
1286 2513 1327 2547 iis
1343 2513 1401 2558 qui
1415 2525 1438 2547 a
1451 2518 1550 2558 tergo
1567 2524 1631 2548 nos

159 2561 355 2597 adoriemur
369 2563 467 2597 simul
482 2563 643 2598 resistere
657 2574 726 2596 non
739 2562 892 2596 valentes
907 2561 1097 2595 necessario
1112 2562 1234 2605 fugere
1250 2571 1422 2604 cogemur.
1470 2563 1506 2594 et
1525 2559 1632 2605 aliqui

159 2607 295 2652 quidem
320 2609 501 2654 assumptis
523 2609 594 2644 suis
617 2608 818 2643 necessariis
842 2607 1029 2642 vulneratis
1053 2618 1111 2641 eos
1130 2607 1242 2652 aliquo
1259 2610 1401 2651 portare
1416 2606 1631 2640 conabuntur

157 2653 219 2733 {ilfi
233 2655 342 2734 curgri
355 2655 490 2719 passing
497 2682 508 2700 ,
540 2655 598 2690 alii
622 2656 666 2690 ob
685 2665 840 2690 carorum
855 2654 1042 2689 occisorum
1057 2657 1198 2688 mortem
1212 2663 1368 2687 moerore
1382 2652 1538 2699 oppressi
1552 2652 1630 2687 inu-

198 2710 236 2734 es
249 2711 292 2734 no
317 2699 345 2734 is
358 2705 468 2738 erunt.

250 2767 309 2803 35.
354 2767 452 2804 Haec
473 2769 524 2804 illi
548 2780 623 2805 cum
636 2769 805 2813 dicerent,
835 2769 939 2804 surdo
956 2779 1080 2804 canere
1096 2767 1313 2803 videbantur.
1356 2767 1448 2804 nulla
1463 2767 1551 2802 enim
1567 2777 1630 2800 eo-

159 2822 233 2848 rnm
245 2814 377 2848 ratione
389 2814 507 2850 habita
522 2816 695 2852 eunuchus
712 2817 771 2853 ille
785 2816 968 2863 assumptis
982 2815 1089 2862 copiis
1101 2818 1198 2851 recta
1211 2814 1380 2850 Nioeeam
1403 2824 1526 2849 versus
1553 2823 1629 2847 mo-

219 2866 366 2913 Niceph.
397 2868 526 2913 Bryen.
1296 2866 1346 2904 11
