1878 3262
244 241 338 288 118
663 236 968 282 NICEPHORI
999 237 1267 281 BRYENNII
1296 257 1297 260 =

242 354 416 398 ἀνέλκων
436 351 482 394 τὸ
502 351 625 409 γένος,
649 355 708 411 τῷ
725 355 936 409 κρατοῦντι
958 355 1175 407 τηνικαῦτα
1185 348 1394 404 Ῥωμαίων
1412 351 1544 394 πίστιν
1563 355 1698 409 τηρῶν

241 421 430 475 πολέμιον
453 419 583 479 ἑαυτῷ
604 421 675 463 τὸν
697 418 968 476 Βοτανειάτην
985 420 1175 470 ἀπέδειξε.
1208 417 1486 476 προσεχώρησε
1508 421 1551 462 δὲ
1567 419 1702 479 τούτῳ

242 491 310 532 καὶ
335 488 355 531 ὅ
373 488 657 545 Παλαιολόγος
680 491 719 530 Γ
715 487 878 546 εώργιος
888 521 902 541 ,
920 489 1033 545 ’ἀνὴρ
1059 487 1114 530 ὢν
1135 494 1313 544 γενναῖος
1333 487 1408 529 κᾶν
1427 494 1511 537 τοῖς
1530 491 1697 542 πολεμι-

243 565 328 608 κοῖς
345 557 474 615 ἴργοις
498 558 683 615 ἄριστος,
714 557 805 615 ἄρτι
828 558 869 600 δ’
894 559 937 599 ἔκ
960 558 1281 611 ΖΙΙεσοποταμίας
1305 555 1437 598 ἐλθὼν
1457 556 1596 611 (ξυνῆν
1617 557 1695 614 γὰρ

242 628 365 669 ἕκεΐσε
389 631 447 684 τῷ
464 628 552 683 ἰδίῳ
566 628 687 684 πατρὶ
709 626 879 669 διέποντι
900 626 972 680 τὴν
988 630 1060 680 τῆς
1073 626 1394 678 Μεσοποταμίας
1415 622 1576 680 ἀρχήν),
1595 628 1729 679 βου-5

243 693 410 748 λόμενος
432 697 487 745 εἲς
510 695 580 737 τὸν
604 700 828 752 κρατοῦντα
850 695 982 737 πίστιν
1002 698 1174 751 τηρῆσαι
1198 691 1478 750 ἄκράὸαντον.’

383 763 459 808 16.
521 761 571 806 Ὅ
614 768 711 819 γοῦν
744 760 1014 817 Βοτανειάτης
1058 766 1138 804 τῶν
1181 761 1314 804 ἄλλων
1359 759 1545 803 ἁπάντων
1587 757 1699 818 αὐτῷ

191 841 223 876 c
244 830 633 890 προσκεχωρηκότων
665 830 825 889 ἀπάρας
858 833 899 873 ἐκ
936 835 1007 886 τῆς
1039 831 1220 887 Φρυγίας
1251 829 1351 887 πρὸς
1387 829 1460 883 τὴν
1496 829 1700 870 Βιθυνίαν

238 902 442 956 ἠπείγετο,
479 901 710 954 διεπέμπετο
734 902 776 942 δὲ
797 901 863 941 καὶ
885 899 985 956 πρὸς
1006 899 1100 949 τοὺς
1123 900 1164 941 ἓν
1185 903 1236 956 τῇ
1258 897 1369 940 πόλει
1391 895 1551 954 λάθρα,
1578 894 1700 950 τιμὰς

239 970 431 1024 μεγίστας
461 970 528 1010 καὶ
561 968 713 1024 δωρεὰς
745 975 829 1018 τοῖς
856 967 1048 1023 ἄρχουσιν
1078 965 1411 1023 ἐπαγγελλόμενος
1431 968 1465 1008 εἶ
1485 964 1698 1021 συνεργοὺς
1709 971 1755 1006 10

239 1036 388 1086 αὐτοὺς
417 1037 531 1090 σχοίη
565 1036 664 1092 πρὸς
693 1036 738 1078 τὸ
761 1041 833 1091 τῆς
856 1037 1064 1089 βασιλείας
1080 1034 1289 1090 Ῥωμαίων
1307 1037 1478 1091 ἐγκρατῆ
1498 1034 1698 1089 γενέσθαι.

241 1106 323 1146 ἐπεὶ
355 1108 451 1159 γοῦν
473 1106 614 1145 πολλοὶ
636 1106 701 1145 καὶ
723 1109 803 1146 τῶν
825 1108 897 1158 τῆς
918 1102 1139 1159 συγκλήτου
1164 1108 1316 1158 βουλῆς
1340 1108 1406 1145 καὶ
1427 1106 1507 1145 τῶν
1529 1105 1602 1144 τοῦ
1618 1099 1709 1156 βήε

239 1189 370 1226 ματος
395 1174 600 1225 δυσμενῶς
623 1170 727 1226 εἶχον
750 1170 851 1229 πρός
873 1189 915 1214 τε
937 1172 1007 1213 τὸν
1029 1176 1253 1229 κρατοῦντα
1275 1174 1341 1213 καὶ
1365 1171 1468 1228 πρὸς
1489 1170 1559 1212 τὸν
1579 1173 1698 1225 λογο-

239 1241 377 1296 θέτην,
413 1239 589 1294 μάλιστα
612 1241 654 1282 δὲ
677 1238 836 1282 πάντων
861 1238 881 1282 ὅ
902 1238 1152 1297 πατριάρχης
1167 1241 1407 1294 Ἀντιοχείας
1429 1236 1696 1292 Αἷμυλιανός,

240 1303 290 1350 οὗ
310 1307 490 1365 πρόσθεν
514 1306 534 1350 ὃ
556 1307 672 1364 λόγος
692 1307 876 1364 ἐμνήσθη
889 1341 902 1361 ,
937 1308 1077 1365 καιρὸν
1098 1306 1259 1362 ἐζήτουν
1281 1306 1381 1350 ὥστε
1404 1309 1518 1364 σφίσι
1540 1307 1696 1364 συμφέ-
1705 1310 1751 1346 15

241 1394 364 1434 ροντα
397 1379 558 1433 δρᾶσαι.
627 1375 647 1419 ὃ
676 1377 868 1431 βασιλεὺς
890 1378 933 1419 δὲ
957 1379 1022 1419 καὶ
1044 1375 1065 1418 ὁ
1088 1377 1306 1432 λογοθέτης
1327 1375 1396 1418 τὸν
1419 1374 1528 1425 ἐντὸς
1551 1372 1698 1430 ἀγνοή-

239 1462 380 1495 σαντες
410 1443 583 1498 πόλεμον
612 1446 713 1502 πρὸς
740 1445 809 1487 τὸν
840 1445 993 1496 ἔξωθεν
1023 1443 1257 1502 ἐξηρτύοντο
1271 1476 1285 1496 ,
1320 1446 1387 1486 καὶ
1405 1444 1506 1501 πρὸς
1525 1443 1594 1486 τὸν
1615 1446 1703 1485 τῶν

241 1512 438 1569 Τούρκων
461 1512 785 1569 διεπρεσβεύοντο
811 1513 987 1570 ἄρχοντα
1020 1509 1089 1569 (ἦν
1121 1514 1164 1555 δὲ
1193 1517 1411 1568 τηνικαῦτα
1441 1510 1592 1554 τούτων
1621 1528 1697 1553 κα-

239 1579 399 1637 τάρχων
420 1581 612 1634 Σολυμὰν
643 1579 665 1622 ὃ
694 1586 768 1623 τοῦ
787 1582 1078 1635 Κουτουλμούς
1101 1580 1229 1636 υἱός),
1273 1582 1537 1632 ε’ξοπλίζοντες
1555 1583 1697 1622 τοῦτον

185 1656 218 1690 D
242 1649 345 1691 κατὰ
368 1653 440 1691 τοῦ
461 1647 744 1691 Βστανειάτου.
812 1648 833 1691 ὃ
859 1651 902 1691 δὲ
925 1648 1185 1703 σπεισάμενος
1202 1647 1357 1699 τούτοις
1379 1649 1447 1690 τὸν
1469 1647 1573 1690 κατὰ
1593 1649 1693 1689 ἐκεί-
1704 1649 1752 1685 20

237 1734 308 1759 νου
343 1715 516 1770 πόλεμον
546 1717 781 1769 ἀνεδέξατο,
813 1719 879 1760 καὶ
907 1717 1037 1760 ἔκτοτε
1058 1718 1131 1768 τὰς
1154 1716 1274 1767 ὃὸὀύς
1295 1735 1336 1759 τε
1360 1715 1488 1772 ἐτήρει
1512 1717 1579 1757 καὶ
1600 1715 1696 1766 τοὺς

239 1785 465 1835 στενωποὺς
487 1792 640 1839 κατεῖχε
664 1789 732 1827 καὶ
755 1787 826 1841 τὴν
847 1790 920 1828 τοῦ
939 1784 1210 1828 Βοτανειάτυυ
1232 1783 1409 1842 ἐπετήρει
1433 1782 1603 1838 δύναμιν
1627 1785 1695 1826 καὶ

240 1851 442 1907 διάβασιν.
509 1852 531 1895 ὃ
554 1854 596 1895 δὲ
619 1853 662 1896 τὸ
681 1853 902 1896 Κοτυάειον
920 1854 1162 1908 καταλαβών
1185 1855 1252 1896 καὶ
1272 1853 1324 1896 τὰ
1344 1852 1448 1895 κατὰ
1470 1852 1538 1894 τὸν
1562 1855 1696 1894 Σολυ-

237 1922 320 1975 μὰν
343 1919 593 1977 πυθόμενος,
629 1923 763 1978 ἐπειδὴ
786 1924 983 1975 σπανίζων
1008 1918 1058 1977 ἦν
1078 1921 1376 1979 στρατεύματος
1398 1922 1466 1965 καὶ
1488 1918 1696 1974 δυνάμεως

240 2099 277 2130 et
291 2095 482 2131 Melissenis
498 2109 605 2142 genus
622 2098 748 2132 ducens
758 2125 768 2142 ,
799 2098 900 2132 fidem
915 2097 1111 2143 imperatori
1127 2108 1266 2132 servans
1276 2124 1286 2141 ,
1316 2097 1351 2131 in
1370 2108 1409 2131 se
1423 2107 1518 2130 arma
1531 2094 1694 2130 Botania-

239 2148 295 2176 tae
321 2142 503 2176 convertit.
548 2144 730 2178 Melisseno
754 2155 793 2178 se
814 2145 966 2178 adiunxit
990 2144 1063 2189 pari
1089 2143 1264 2185 fidelitatis
1284 2142 1443 2177 Michaeli
1470 2140 1694 2187 praestandae

238 2187 349 2221 studio
364 2187 590 2232 Palaeologus
606 2190 777 2234 Georgius
791 2190 843 2224 vir
858 2190 956 2223 sortis
971 2196 1005 2224 et
1020 2189 1148 2224 bellicis
1162 2189 1368 2223 facinoribus
1384 2187 1550 2232 egregius,
1573 2196 1695 2221 recens

239 2245 260 2267 e
274 2232 521 2278 Mesopotamia
532 2260 542 2276 7
558 2233 615 2266 ubi
628 2236 719 2279 patri
735 2247 808 2269 eam
825 2235 1029 2279 provinciam
1045 2235 1290 2269 administranti
1306 2234 1474 2268 adfuerat.

336 2279 388 2313 16.
435 2278 631 2312 Botaniates
656 2279 760 2323 igitur
787 2281 861 2314 aliis
878 2282 1003 2314 cunctis
1019 2286 1157 2326 praeter
1172 2281 1233 2314 hos
1248 2280 1334 2314 duos
1350 2279 1416 2325 ipsi
1430 2275 1697 2322 obtemperanti·

239 2325 319 2367 bus,
351 2323 450 2357 motis
465 2324 584 2357 castris
602 2335 622 2357 e
635 2324 786 2368 Phrygia
801 2325 835 2357 in
852 2326 1042 2368 Bithyniam
1058 2327 1244 2360 ferebatur.
1291 2325 1428 2359 miserat
1447 2326 1559 2358 autem
1581 2322 1617 2355 in
1633 2332 1694 2356 ur·-

238 2371 316 2403 bem
339 2369 422 2402 clam
447 2368 503 2413 qui
525 2380 584 2402 suo
609 2370 740 2403 nomine
765 2370 968 2415 principibus
993 2372 1226 2416 promitterent
1239 2380 1382 2404 summos
1396 2370 1540 2403 honores
1555 2372 1591 2401 et
1604 2367 1694 2402 dona.

239 2414 481 2460 pretiosissima
496 2414 525 2447 si
539 2415 715 2459 cooperari
730 2415 791 2449 sibi
806 2415 932 2448 vellent
947 2416 1132 2449 Romanum
1146 2415 1320 2460 imperium
1334 2411 1518 2458 usurpanti.
1535 2413 1694 2466 quoniam

241 2472 322 2504 ergo
341 2460 433 2493 multi
458 2470 530 2493 cum
547 2471 566 2493 e
582 2465 700 2493 senatu
716 2465 784 2494 tum
799 2472 841 2494 ex
857 2460 1080 2494 ecclesiastico
1097 2460 1212 2494 ordine
1228 2470 1347 2493 exosos
1361 2458 1531 2492 habebant
1545 2469 1693 2503 impera-

240 2510 348 2539 torem
374 2509 410 2539 et
435 2505 642 2549 logothetam
668 2505 808 2539 maxime
831 2517 914 2538 vero
948 2506 1090 2540 omnium
1117 2505 1307 2551 patriarcha
1330 2503 1530 2538 Aemilianus
1543 2529 1553 2544 ‚
1599 2504 1692 2538 cuius

240 2556 322 2585 ante
336 2550 540 2584 meminimus
555 2578 565 2594 ‚
593 2551 627 2584 hi
642 2562 754 2584 omnes
767 2551 980 2585 imminebant
995 2551 1030 2585 in
1043 2551 1249 2585 occasionem
1265 2549 1332 2584 suis
1346 2549 1491 2594 ipsorum
1505 2548 1692 2583 rationibus

242 2595 451 2630 consulendi.
497 2601 534 2629 at
549 2597 732 2641 imperator
746 2601 781 2630 et
796 2597 991 2640 logotheta,
1018 2596 1274 2631 domesticarum
1298 2605 1382 2639 quas
1395 2594 1595 2638 ignorabant
1607 2594 1697 2639 insi-¹

243 2641 369 2675 diarum
385 2640 515 2683 securi,
545 2642 588 2675 ad
613 2642 735 2675 bellum
759 2647 930 2676 externum
945 2654 984 2676 se
999 2642 1236 2687 comparabant
1249 2643 1284 2674 et
1298 2639 1343 2672 ad
1358 2639 1542 2685 principem
1556 2640 1692 2676 Taren.-

242 2698 316 2721 rum
343 2685 543 2730 legationem
570 2687 728 2720 miserant
750 2689 851 2732 (erat
872 2691 980 2721 autem
1005 2687 1035 2721 is
1057 2693 1138 2721 tunc
1152 2685 1309 2731 temporis
1324 2685 1486 2728 Solyman
1503 2684 1692 2720 Cutulmusi

240 2731 348 2775 filius)
358 2756 368 2773 ‚
400 2741 468 2775 qua
485 2731 516 2763 ei
532 2732 719 2766 suadebant
734 2739 771 2766 ut
787 2733 909 2766 bellum
925 2733 1085 2767 adversus
1099 2731 1310 2766 Botaniatem
1326 2737 1527 2775 capesseret.
1549 2731 1584 2766 id
1599 2730 1690 2776 quod

239 2778 297 2812 ille
311 2776 393 2811 fecit
406 2775 545 2810 foedere
561 2787 634 2809 cum
650 2777 772 2820 legatis
791 2778 963 2811 Michaelis
977 2777 1065 2822 icto,
1097 2782 1132 2811 et
1140 2787 1190 2810 ex
1204 2780 1286 2809 tunc
1300 2775 1374 2809 vias
1391 2776 1568 2811 obsidebat
1581 2787 1691 2821 angu-

243 2822 315 2861 stiis
331 2822 589 2868 praeoccupatis
605 2822 805 2857 Botaniatae
822 2823 934 2867 copias
949 2825 985 2855 et
998 2823 1174 2857 transitum
1189 2822 1383 2855 observans.
1430 2822 1487 2856 ille
1508 2827 1616 2856 autem
1632 2821 1689 2856 ubi

243 2868 419 2904 cotiaeum
444 2867 654 2913 pervenisset
669 2867 858 2913 Solymanis
875 2867 1009 2904 consilio
1025 2867 1158 2913 cognito
1170 2893 1182 2911 ‚
1213 2867 1367 2913 quoniam
1384 2867 1567 2903 exercitum
1582 2866 1689 2903 haud-
