1878 3262
245 201 346 248 226
403 204 419 236 Γ
688 198 894 243 GAROLI
926 198 1008 242 DU
1039 198 1255 242 FRESNE

244 310 434 366 patruelis
457 322 505 348 ex
526 308 608 348 filio
626 309 782 361 nepoti,
811 321 891 360 qua
909 308 974 346 ille
994 308 1221 360 potiebatur
1241 307 1314 349 An.
1338 311 1459 353 1370.
1515 314 1566 348 e‘x
1587 307 1707 361 p'raea·

244 369 359 408 dictis
384 367 465 404 iam
485 367 578 405 satis
598 379 793 418 superque
810 371 990 404 constare
1010 366 1179 404 arbitror
1196 365 1444 403 Balliolenses
1455 365 1596 418 Anglos
1608 369 1707 405 Sco*

244 432 385 475 tosque
413 437 494 462 non
522 437 544 461 a
575 423 840 461 Normannica
868 422 1042 461 eiusdem
1079 422 1399 460 nomenclaturae
1433 423 1578 461 familia
1607 437 1706 476 pro->

244 482 382 529 diisse,
411 480 482 518 sed
503 492 553 518 ex
576 493 620 517 ea
640 480 794 530 quaein
810 479 1081 518 Vinemacensi
1098 493 1191 530 agro
1207 478 1344 517 floruit
1361 484 1400 516 et
1420 478 1608 529 Picardia,
1636 480 1706 518 ubi

242 537 403 590 praedia
432 537 482 575 de
506 538 711 587 Bailleul,
742 535 790 574 de
807 538 1067 588 Dampierre,
1098 536 1147 573 de
1164 536 1392 574 Hellicourt
1413 541 1451 573 et
1469 535 1518 573 de
1538 537 1707 589 Hornay

242 594 432 647 possedit.
488 594 716 643 Balliolum‚
745 593 854 644 quod
884 594 993 644 genti
1023 592 1322 644 appellationem
1341 592 1472 641 dedit,
1501 599 1612 630 tenet
1629 593 1709 632 ho*-

245 651 308 690 die
330 651 470 689 domus
494 651 664 689 Melunia
682 663 752 689 seu
767 650 815 687 de
831 651 992 698 Melan,
1022 650 1271 701 Dampetram
1293 655 1331 687 et
1348 648 1567 687 Hornaium
1585 647 1709 687 Ram-'-

243 709 367 746 burea
378 737 390 757 ,
420 707 670 746 Hellicurtim
695 707 863 758 denique
881 706 1090 745 Rouhalda
1108 719 1176 745 seu
1197 705 1408 744 Gamachia
1427 718 1478 743 ex
1490 706 1622 744 Caroli
1637 706 1709 745 VII

102 768 131 803 P
155 769 220 804 215
244 765 434 804 Franciae
463 765 564 816 regis
594 764 700 803 dono
729 763 928 802 Ioachimo
956 763 1166 801 Rouhaldo
1187 763 1374 801 Franciae
1392 763 1616 801 marescallo
1634 763 1708 801 sub

246 835 379 860 annuo
397 835 516 860 censu
537 822 653 860 facto.
712 821 821 871 quod
841 820 1000 871 quidem
1023 827 1195 858 castrum
1217 834 1238 857 a
1256 819 1508 858 Balliolorum
1524 819 1710 857 haeredi-

245 880 320 918 bus
339 884 488 916 emerat
505 885 618 916 antea
646 877 866 916 Edwardus
893 877 1054 928 Angliae
1078 889 1152 915 rex
1180 883 1220 915 et
1248 876 1452 915 comitatui
1482 875 1710 914 Pontivensi

246 936 496 974 adiunxerat.
553 935 622 972 sed
641 940 680 972 et
695 934 772 972 hoc
790 934 1012 972 notandum
1030 934 1078 970 ab
1099 933 1236 971 eodem
1256 933 1530 971 Hellicurtensi
1547 933 1710 984 praedio

245 993 406 1031 fluxisse
422 991 658 1029 Balliolanae
685 991 853 1028 familiae
880 991 1102 1042 symbolum
1125 1003 1193 1028 seu
1221 990 1455 1038 clamorem,
1481 995 1528 1027 ut
1551 995 1711 1039 vocant,

245 1049 477 1097 militarem,
507 1048 575 1098 qui
594 1047 720 1098 *vulgo
746 1047 909 1085 Scoticis
939 1047 1092 1098 regibus
1113 1047 1154 1084 in
1177 1047 1408 1085 universum
1431 1046 1668 1084 adscribitur
1687 1059 1712 1083 a

246 1105 447 1144 fecialibus
470 1104 634 1152 nostris,
664 1104 730 1153 qui
757 1103 895 1141 Ioanni
924 1109 965 1141 et
997 1103 1193 1141 Edwardo
1218 1104 1390 1141 Balliolis
1419 1103 1604 1155 proprius
1622 1103 1712 1154 suit,

249 1175 390 1213 nempe
417 1162 649 1199 Ilellicoart
670 1174 715 1197 en
738 1161 922 1197 Pontica.
980 1171 1031 1197 ex
1045 1173 1124 1210 quo
1143 1173 1347 1211 perperam
1366 1166 1403 1197 et
1421 1159 1628 1197 infeliciter
1646 1173 1712 1197 sa-

248 1219 300 1257 tis
330 1218 533 1269 vignerius
566 1217 639 1255 sub
667 1215 711 1254 A.
739 1219 869 1265 1286,
905 1216 1176 1254 Crucimanius
1199 1216 1242 1253 in
1266 1217 1367 1258 Bibl.
1400 1216 1547 1266 Script.
1571 1216 1710 1256 Gallie.

248 1289 287 1327 p.
316 1276 398 1317 528
426 1281 466 1311 et
491 1274 706 1324 Sauvagius
733 1273 784 1310 ad
815 1272 1040 1310 Chronicon
1068 1271 1276 1310 Flandriae
1302 1273 1560 1311 vernaculum
1597 1286 1632 1310 c.
1656 1275 1712 1315 38

248 1331 479 1371 Haricuriae
501 1331 680 1369 dominos
699 1330 817 1367 fuisse
838 1330 1020 1368 Balliolos
1041 1329 1225 1367 hariolati
1245 1335 1348 1367 sunt.
1391 1329 1513 1380 gentis
1530 1328 1714 1366 Balliolae

248 1388 537 1426 Vinemacensis
565 1400 675 1425 arma
705 1392 744 1424 et
771 1386 937 1438 insignia
962 1387 1070 1424 varie
1105 1386 1271 1424 efferunt
1295 1385 1410 1434 libri,
1440 1398 1538 1436 quos
1566 1390 1714 1423 vocant

246 1445 521 1484 Provinciales.
578 1443 872 1494 manuscriptus
899 1443 1078 1481 Scoticus
1104 1443 1172 1494 qui
1190 1455 1308 1494 penes
1326 1454 1387 1480 me
1405 1447 1483 1490 ost,
1512 1442 1714 1479 scutulum

246 1508 474 1552 argenteum
503 1501 546 1538 in
574 1501 737 1538 miniata
762 1513 852 1538 area
869 1500 1050 1551 assignat.
1108 1500 1206 1538 alter
1231 1499 1403 1537 Gallicus
1427 1498 1624 1536 scutulum
1644 1511 1712 1536 ar-

243 1564 427 1609 genteum
440 1587 451 1606 ,
480 1557 621 1595 tertius
642 1557 875 1595 Armeniaco
895 1557 1125 1595 distinctum
1145 1556 1289 1595 vellere
1306 1555 1411 1594 facit.
1469 1554 1712 1592 Duchesnius

245 1615 414 1666 denique
433 1614 631 1652 scutulum
650 1613 818 1652 rubeum
839 1616 882 1651 in
904 1613 1135 1651 Armeniaca
1159 1626 1249 1651 area
1271 1611 1464 1650 attribuit.

356 1685 394 1723 p.
412 1670 466 1712 74
490 1684 529 1709 v.
551 1674 614 1712 12.
674 1666 863 1721 Ζόμπου]
895 1670 1030 1707 eadem
1053 1669 1173 1707 habet
1195 1669 1401 1720 Scylitzes,
1431 1667 1498 1718 qui
1516 1680 1538 1704 a
1558 1667 1713 1717 Bryon-

244 1727 310 1766 nio
339 1729 525 1779 pleraque
552 1726 686 1765 hausit
710 1739 809 1776 quae
830 1726 871 1763 in
892 1726 1081 1764 michaele
1100 1727 1207 1764 Duca
1235 1726 1376 1773 refert,
1409 1736 1525 1773 quem
1544 1736 1618 1761 nec
1635 1723 1713 1761 hoc

244 1785 333 1822 loco
359 1784 578 1822 exscribere
604 1790 662 1821 est
688 1783 861 1832 animus,
889 1795 964 1820 nec
987 1783 1029 1820 in
1057 1782 1159 1830 aliis,
1189 1782 1259 1820 ubi
1286 1795 1377 1819 cum
1395 1780 1594 1831 Bryennio
1614 1793 1713 1818 con-

246 1841 385 1887 sentit,
414 1854 465 1878 ne
484 1841 628 1878 nimius
651 1840 734 1877 sim.
791 1838 834 1876 id
852 1839 946 1876 satis
964 1840 1041 1876 erit
1059 1838 1175 1876 semel
1189 1838 1396 1876 monuisse.

359 1911 399 1949 p-
418 1900 470 1939 81
493 1911 533 1938 v,
557 1900 620 1938 12.
676 1892 858 1948 Ἀρτοῦχ]
894 1895 1000 1933 Infra
1021 1909 1059 1935 n.
1079 1898 1128 1937 18
1146 1890 1379 1948 Ἀρτατούχ,
1404 1893 1509 1931 idem
1525 1892 1629 1930 sorte
1644 1891 1712 1943 qui

246 1968 287 1992 n.
307 1958 359 1996 21
388 1959 428 1991 ct
447 1953 581 1991 Annae
606 1966 645 2004 p.
670 1954 696 1992 4
730 1949 890 2003 Τουτάχ.
949 1952 1027 1990 fuit
1048 1951 1198 1990 Artach
1224 1957 1318 1989 ortu
1337 1952 1370 1988 T
1373 1962 1658 1997 urcomannus‚
1688 1961 1712 1986 a

247 2024 327 2060 quo
354 2010 629 2048 Artacidarum
663 2008 813 2059 prodiit
839 2008 993 2047 familia.
1051 2008 1083 2046 is
1112 2021 1216 2046 anno
1244 2008 1338 2058 Heg.
1357 2007 1460 2055 488,
1487 2005 1581 2046 Chr.
1605 2004 1712 2047 1075

248 2080 330 2104 una
351 2079 442 2104 cum
460 2066 719 2118 Tageoldulo,
756 2065 895 2116 Aleppi
920 2077 989 2104 seu
1012 2064 1231 2103 Berrhoeae
1258 2063 1470 2115 toparcha,
1500 2062 1712 2112 Solyman-

248 2137 347 2162 num
377 2123 626 2161 Nicaeensem
661 2123 873 2161 Sultanum
912 2121 963 2160 ‹le
1002 2121 1132 2160 medio
1179 2121 1358 2171 sustulit,
1397 2125 1445 2158 ut
1471 2124 1610 2157 narrat
1640 2117 1711 2157 El*-

248 2180 438 2220 Macinus.

362 2250 402 2288 p.
421 2239 476 2279 87
502 2249 541 2275 v.
559 2238 627 2276 20.
685 2231 896 2287 χρημάτων
924 2231 1096 2287 ἠ’πόρει]
1139 2232 1412 2284 comparanda
1445 2231 1592 2269 coniux
1619 2242 1710 2268 cum

248 2293 410 2344 coniuge
441 2305 509 2331 seu
534 2305 624 2330 cum
643 2291 842 2343 Bryennio
863 2291 1000 2340 Anna,
1029 2303 1128 2341 quae
1152 2303 1203 2328 ex
1221 2289 1433 2328 fusioribus
1449 2287 1582 2326 mariti
1600 2299 1710 2324 com-

247 2350 449 2388 mentariis
468 2349 653 2401 pleraque
671 2361 743 2399 per
761 2349 961 2399 synopsim
981 2348 1123 2399 attigit,
1157 2360 1255 2397 quae
1273 2346 1394 2383 habet
1410 2345 1436 2383 l.
1458 2348 1478 2386 1
1502 2342 1710 2382 Alexiadis.

357 2420 397 2459 p.
417 2409 470 2447 93
491 2419 530 2443 v·
548 2409 617 2447 21.
674 2403 876 2458 Μαύρηξ]
908 2405 962 2441 De
979 2418 1056 2455 quo
1077 2405 1130 2442 ad
1151 2402 1328 2440 Alexiad.
1348 2416 1388 2453 p.
1414 2403 1505 2443 107.

359 2477 397 2514 p.
420 2465 474 2504 99
499 2476 537 2501 V·
560 2462 597 2504 4.
658 2461 985 2512 Κωνσι-αντῖνος]
1015 2459 1318 2498 Constantinum
1346 2458 1424 2496 hoc
1452 2457 1538 2495 loco
1565 2460 1602 2492 et
1631 2454 1658 2492 l.
1685 2457 1706 2495 1

246 2533 286 2558 n.
306 2523 332 2562 6
364 2519 555 2570 appellat,
586 2518 653 2568 qui
683 2518 820 2555 ceteris
852 2517 1111 2569 scriptoribus
1134 2518 1211 2554 Leo
1239 2519 1503 2567 nuncupatur.
1559 2524 1598 2551 v.
1625 2516 1710 2550 not.

250 2574 304 2613 ad
325 2579 461 2613 Annae
482 2590 518 2626 p.
539 2579 619 2616 112
641 2580 678 2611 et
697 2580 858 2612 stemma
878 2575 1066 2612 Comnen.

362 2645 405 2683 p.
430 2635 509 2672 100
530 2644 568 2669 v.
587 2634 654 2671 22.
714 2627 951 2683 Χωροβάτοι
975 2630 1043 2671 καὶ
1067 2627 1269 2679 Διοκλεῖς]
1298 2625 1450 2665 Bellum
1473 2623 1552 2662 hoe
1575 2622 1709 2662 Servi-

247 2702 338 2726 cum
357 2687 611 2740 prosequitur
629 2687 814 2738 Scylitzes
831 2701 872 2740 p.
891 2687 970 2730 851
994 2694 1034 2726 et
1051 2700 1146 2739 seq„
1167 2691 1215 2724 ut
1232 2690 1270 2722 et
1288 2683 1402 2722 Anna
1422 2681 1446 2720 l.
1469 2683 1505 2721 1.
1563 2693 1601 2720 v.
1619 2685 1707 2720 not.

248 2744 301 2783 ad
326 2758 365 2797 p.
383 2744 450 2786 40.
1442 2758 1446 2765 ’

359 2814 397 2853 p.
419 2802 497 2842 101
518 2813 557 2838 v.
578 2801 642 2840 16.
701 2797 870 2852 Μιχαὴλ,
889 2795 1201 2853 κηρουλλάριος]
1232 2794 1314 2842 Qui
1339 2793 1604 2845 patriarcham
1632 2791 1708 2842 egit

248 2863 338 2910 post
364 2856 569 2905 Alexium,
597 2856 881 2908 imperantibus
909 2854 1192 2903 Monomacho,
1220 2851 1451 2901 Theodora,
1481 2848 1709 2888 Stratiotico
