1878 3262
253 225 351 271 262
728 222 956 267 >IOANNIS
991 223 1219 267 CINNAMI

256 338 420 382 Οὕννων
445 353 486 379 τε
514 335 646 394 ὥσπερ
674 335 825 393 εἴρηται
851 332 1109 393 συνάρασθαι
1145 335 1255 394 αὐτῷ
1280 335 1483 394 ὡμολόγει.
1552 338 1634 382 ἐπεὶ
1661 339 1706 382 δὲ

252 407 304 449 τὰ
330 406 435 461 ἀμφὶ
461 408 512 460 τῇ
528 402 692 459 εΡώμης
714 405 819 461 ἀρχῇ
840 409 898 462 τῷ
919 403 1034 464 πάπα
1060 406 1385 460 ὃιωμολογημένα
1399 406 1705 465 ἀνατετράφθαι

253 474 420 527 ξυνέβη,
456 471 524 514 ἅτε
549 473 597 528 δὴ
622 474 821 528 βασιλέως
840 473 914 528 μὲν
939 475 1001 515 ἐπὶ
1023 471 1243 525 Βυζάντιον
1267 473 1340 527 τὴν
1358 471 1514 530 Ῥώμης
1538 478 1604 518 καὶ
1628 470 1703 518 αὖ·

253 546 324 590 θις
348 546 480 594 μεῖναι
506 542 804 598 ἰσχυριζομένου
828 543 1060 596 βασιλείαν,
1103 545 1176 583 τοῦ
1202 541 1245 583 δὲ
1269 539 1384 583 noina
1408 548 1525 585 τοῦτο
1557 545 1630 598 μὲν
1655 544 1703 586 οὗ

255 609 572 663 καταδεχομένου
609 611 649 652 ἓν
682 608 816 667 Ῥώμῃ
855 611 898 652 δὲ
932 607 1158 664 βασιλεύειν
1198 609 1319 651 αὐτὸν
1355 610 1590 663 ἀξιοῦντος,
1637 612 1738 654 ὃιᾶὃ

253 681 382 719 ταῦτα
410 677 703 735 ἀναθαρσήσας
731 680 972 735 Φρεὸερίκος
998 673 1120 728 αὖθις
1145 678 1217 732 τὴν
1243 679 1476 732 δυσμένειαν
1501 680 1706 732 ἕξεδείκνυ,

202 746 234 781 Β
259 748 315 795 εἷς
339 749 412 801 γῆν
437 763 479 788 τε
515 746 587 800 τὴν
606 745 822 800 (Ρωμαίων
848 750 1044 801 εἰσβαλεῖν
1071 745 1351 800 διανοούμενος
1374 751 1708 804 βαρβαρικῇ-τινι

257 815 426 873 ἀπονοίᾳ
452 813 528 869 ἤδη
556 816 622 856 καὶ
649 817 883 872 ὁιαμερίζειν
910 815 1035 870 αὐτὴν
1060 822 1144 865 τοῖς
1169 819 1256 872 περὶ
1284 815 1413 857 αὐτὸν,
1429 815 1592 872 ἤρξατο.
1625 817 1708 858 ἐπεὶ

257 883 302 924 δὲ
329 886 402 924 τοῦ
425 884 623 937 βασιλέως
649 884 1010 940 ἀντιπραττομένου
1036 884 1224 933 ἐπινοίαις
1250 881 1402 940 ἑτέραις
1427 883 1630 941 ἄπρακτος
1641 878 1706 939 ἦν,

257 951 319 992 3212
346 950 418 1004 τὴν
444 951 503 992 δι’
528 952 712 1008 Ἓρρίκου
738 951 881 994 τούτου
909 954 975 994 καὶ
1002 950 1303 1008 Βλαὸἰγράτζου
1330 953 1454 994 ἐπεῖδε
1481 954 1707 1007 πρεσβείαν,
1720 956 1764 991 10

257 1017 545 1073 μηχανώμενος
570 1018 679 1071 ὅπως
717 1019 766 1062 ἂν
802 1022 843 1063 ἓν
879 1022 1015 1078 φιλίας
1049 1019 1304 1077 προσχήματι
1341 1020 1592 1074 ἀποσχέσθαι
1627 1024 1708 1062 τῶν

258 1087 350 1128 κατ’
381 1087 505 1129 αὐτοῦ
530 1089 835 1144 ἐγχειρουμένων
862 1089 1078 1138 ἀναπείσας
1102 1088 1170 1130 τὸν
1195 1089 1366 1143 βασιλέα
1393 1087 1643 1138 αὐτὸςοῧτω
1669 1089 1710 1138 ἔς

257 1155 327 1197 τὸν
352 1155 456 1197 κατὰ
476 1154 692 1209 εΡωμαίων
727 1157 896 1214 εὐχερῶς
921 1156 1171 1211 ἀποὸυσηται
1204 1155 1391 1210 πόλεμον.
1458 1157 1562 1198 ἀλλὰ
1585 1162 1710 1211 βασι-

258 1222 351 1272 λεὺς
374 1228 502 1265 ταῦτα
530 1223 813 1279 ἓννοησάμενος
833 1226 1014 1281 Ἐρρίκον
1038 1226 1110 1278 μὲν
1145 1225 1217 1267 σὺν
1243 1225 1420 1283 εὐμενείᾳ
1453 1223 1552 1267 εἶδεν
1578 1224 1710 1267 ἄνεσίν

257 1308 299 1334 τε
326 1292 500 1346 πολέμου
530 1291 696 1343 Οῧννοις
718 1294 968 1351 αἲτησαμένῳ
994 1294 1184 1344 ἐπένευσε,
1218 1297 1298 1334 τῶν
1319 1293 1362 1335 δὲ
1386 1293 1491 1350 ἀμφὶ
1515 1297 1574 1351 τῷ
1601 1296 1710 1350 Φρε-
1721 1297 1764 1334 15

260 1361 402 1418 ὃερίκῳ
425 1361 563 1416 πέρατι
590 1362 759 1404 δέδωκεν
794 1362 920 1404 οὗὸέν.
988 1362 1092 1403 ἀλλὰ
1111 1361 1292 1417 Ἐρρίκος
1326 1362 1387 1402 ἐπὶ
1414 1361 1710 1415 οἶ’κου’ἀναχω-

211 1433 243 1467 C
267 1432 370 1483 ρῶν,
414 1428 621 1486 ἐπειδήπερ
658 1431 698 1472 ἐν
732 1431 910 1489 Παιονιά
944 1430 1113 1485 ἐγένετο,
1150 1430 1357 1486 Στέφανον
1400 1429 1606 1471 ἀναπείθει
1637 1429 1711 1484 τὴν

264 1500 584 1553 Ταυροσκυθίὸα
620 1497 866 1552 ὁιωσάμενον
900 1496 1022 1555 κόρην
1057 1499 1264 1554 θυγατέρα
1297 1497 1370 1552 τὴν
1406 1498 1531 1539 αὐτοῦ
1567 1497 1711 1553 ἀγαγέ-

260 1567 376 1605 σθαι.
445 1566 575 1620 γὲγονε
613 1566 663 1619 δὴ
697 1571 846 1607 ταῦτα·
890 1568 958 1607 καὶ
988 1561 1131 1608 Οῧννοι
1167 1566 1212 1607 οὗ
1239 1569 1376 1623 πολλῷ
1400 1564 1566 1622 ὕστερον
1591 1566 1710 1607 Δαλ-

257 1633 408 1686 ματίαν
443 1627 566 1683 αὖθις
600 1633 824 1690 ἀφελέσθαι
859 1633 1138 1688 διενοήθησαν.
1207 1632 1310 1675 ἄλλα
1342 1651 1383 1675 τε
1420 1628 1490 1675 οὖν
1516 1632 1766 1690 στρατῶ-20

259 1717 371 1754 ματα
398 1701 500 1757 παρ’
531 1701 654 1756 αὐτὴν
679 1697 809 1756 ἦλθον
835 1704 900 1744 καὶ
935 1700 955 1743 ὃ
984 1703 1085 1759 παρ’
1116 1702 1250 1751 αὐτοῖς
1274 1702 1346 1754 τὴν
1380 1700 1575 1753 ζουπάνου
1599 1701 1712 1756 «ἔχων

258 1767 387 1825 ἀρχὴν
413 1768 620 1825 (βούλεται
647 1771 689 1812 δὲ
714 1775 831 1813 τοῦτο
857 1770 926 1813 τὸν
950 1770 1053 1824 μετὰ
1077 1770 1146 1813 τὸν
1167 1769 1270 1827 ῥῆγα
1293 1769 1406 1827 παρὰ
1430 1774 1488 1829 τῷ
1513 1769 1620 1813 ἔθνει
1647 1772 1713 1813 δε·-

350 1910 386 1944 3.
413 1908 635 1957 Βυζάντιον]
662 1910 894 1953 Βυζαντίουζ)
1041 1911 1073 1946 9.
1099 1906 1467 1955 ἀντιπραττομὲνου]
1490 1909 1588 1946 Fort.
1610 1907 1714 1946 a’vw

348 1955 586 2000 ταττομένου.
725 1959 778 1993 17.
803 1955 894 2002 τὴν]
915 1956 969 1990 Ita
991 1956 1133 1991 Tollius.
1180 1957 1266 1991 Cod.
1288 1954 1368 1991 τόν.

259 2090 326 2123 que
339 2079 419 2114 belli
434 2083 552 2114 contra
566 2080 749 2125 Hungaros
765 2080 889 2114 socium
909 2080 984 2114 fore
999 2079 1168 2125 pollicitus
1185 2082 1246 2114 est.
1293 2091 1407 2114 verum
1425 2090 1498 2114 cum
1512 2089 1553 2113 ea
1565 2089 1651 2133 quae
1666 2078 1710 2113 de

256 2124 396 2169 imperio
413 2125 563 2159 Romano
581 2139 600 2159 a
616 2127 706 2172 Papa
722 2127 852 2160 sancita
866 2127 1002 2160 fuerant
1025 2126 1184 2159 convulsa
1204 2131 1313 2160 essent
1335 2126 1467 2171 penitus
1483 2129 1517 2158 et
1530 2125 1564 2158 in
1577 2124 1709 2158 irritum

259 2169 476 2204 cecidissent:
505 2171 654 2216 principe
683 2172 835 2206 nimirum
864 2176 901 2205 ut
933 2171 1090 2215 Byzantii
1118 2183 1247 2205 rursum
1263 2177 1412 2205 maneret
1424 2169 1552 2215 imperii
1567 2169 1709 2204 Romani

257 2215 358 2250 sedes
381 2217 624 2259 contendente,
654 2217 756 2261 idque
781 2230 848 2251 non
873 2217 1069 2251 admittente
1093 2217 1207 2262 Papa,
1236 2217 1294 2251 sed
1319 2222 1357 2251 ut
1381 2217 1504 2250 Romae
1526 2214 1710 2259 imperaret

256 2261 466 2306 postulante:
498 2262 548 2295 his
576 2263 676 2295 rebus
701 2263 807 2297 elatus
829 2263 1030 2296 Fredericus
1045 2274 1173 2296 rursum
1190 2274 1255 2307 quo
1271 2263 1432 2297 adversus
1447 2260 1628 2306 principem
1644 2260 1708 2295 fla·-

257 2307 380 2349 grabat
404 2307 513 2340 odium
540 2308 648 2351 palam
672 2308 775 2349 fecit,
807 2313 907 2353 atque
933 2308 966 2341 in
992 2313 1102 2342 terras
1124 2309 1346 2342 Romanorum
1359 2307 1542 2351 irrumpere
1557 2310 1708 2340 statuens

257 2351 436 2386 barbarica
452 2352 592 2405 quadam
610 2354 752 2386 amentia
768 2365 807 2387 ac
822 2353 1009 2387 stoliditate
1032 2365 1089 2387 eas
1114 2354 1177 2387 iam
1204 2354 1271 2388 suis
1294 2352 1412 2398 partiri
1437 2355 1604 2396 coeperat.
1649 2352 1708 2386 ubi

198 2422 203 2425 -
259 2409 340 2441 ergo
365 2397 516 2443 principe
543 2399 673 2432 obviam
697 2404 796 2432 eunte
824 2400 992 2432 conficere
1017 2399 1094 2437 nihil
1119 2400 1244 2444 potuit,
1275 2399 1319 2432 ad
1342 2398 1407 2432 alia
1420 2408 1540 2430 versus
1555 2397 1706 2441 consilia,

258 2442 461 2486 legationem
488 2443 584 2477 huius
607 2444 746 2477 Henrici
771 2450 806 2478 et
831 2444 1038 2488 Bladigratzi
1052 2445 1212 2479 instituitz
1243 2449 1280 2478 ut
1295 2444 1358 2477 hac
1373 2448 1446 2477 arte
1463 2443 1525 2476 sub
1542 2443 1708 2478 amicitiae

258 2495 294 2521 et
310 2489 562 2523 benevolentiae
578 2494 755 2533 praetextu
769 2501 790 2522 a
804 2489 977 2523 conatibus
993 2497 1135 2524 avocato
1151 2492 1350 2536 imperatore
1372 2488 1502 2522 facilius
1521 2488 1563 2521 ad
1584 2488 1707 2523 bellum

255 2533 418 2568 Romanis
438 2535 646 2569 inferendum
669 2547 743 2569 sese
768 2535 927 2579 deinceps
947 2535 1150 2579 accingeret.
1197 2535 1256 2569 sed
1279 2535 1335 2568 ubi
1349 2534 1382 2567 id
1399 2533 1593 2578 imperatori
1614 2545 1706 2568 com-

254 2584 387 2624 pertum
415 2585 487 2622 est,
518 2580 699 2614 Henricum
715 2580 847 2626 quidem
865 2580 965 2614 multa
980 2581 1136 2615 comitate
1150 2579 1284 2625 excepit
1298 2579 1514 2623 induciasque
1529 2591 1591 2624 pro
1606 2580 1706 2614 Hun-

256 2625 348 2668 garis
365 2625 537 2669 expetenti
552 2626 704 2660 indulsitz
727 2638 839 2660 eorum
856 2638 937 2660 vero
953 2638 1040 2671 quae
1057 2626 1099 2659 ad
1118 2625 1330 2660 Fredericum
1345 2626 1545 2670 spectabant
1560 2625 1639 2659 nihil
1653 2628 1707 2660 est

256 2675 443 2704 exsecutus.
491 2671 657 2704 Henricus
683 2677 793 2705 autem
820 2672 951 2705 domum
972 2671 1104 2706 rediens
1128 2671 1247 2705 cumin
1264 2671 1466 2714 Hungariam
1483 2670 1706 2715 pervenisset,

257 2716 431 2760 Stephano
458 2717 623 2761 persuasit
648 2724 686 2751 ut
709 2717 847 2751 remissa
862 2728 902 2750 ac
918 2717 1014 2762 pulsa
1033 2716 1304 2760 Tauroscythica
1319 2716 1430 2761 puella
1447 2716 1548 2750 filiam
1562 2727 1656 2750 suam
1670 2716 1706 2750 in

256 2760 497 2798 matrimonium
519 2761 670 2797 duceret.
717 2774 783 2807 quo
806 2764 896 2796 sacto
916 2762 1070 2806 Hungari
1091 2773 1156 2795 non
1181 2761 1282 2795 multo
1305 2767 1382 2806 post
1404 2773 1570 2808 occupare
1584 2762 1706 2796 iterum

255 2806 456 2842 Dalmatiam
481 2810 673 2840 statuerunt
685 2833 695 2849 ,
725 2808 879 2852 aliaeque
896 2818 936 2840 eo
953 2806 1071 2841 missae
1086 2807 1222 2852 copiae,
1253 2812 1287 2841 et
1301 2807 1375 2852 ipse
1390 2807 1489 2841 etiam
1506 2807 1563 2853 qui
1577 2806 1707 2853 Zupani

254 2852 422 2899 dignitate
444 2852 533 2887 inter
555 2852 630 2888 illos
651 2853 875 2899 fungebatur,
907 2852 997 2899 quod
1021 2864 1140 2888 nomen
1163 2853 1345 2898 proximam
1370 2865 1392 2888 a
1406 2865 1488 2899 rege
1500 2854 1536 2888 in
1551 2864 1592 2888 ea
1605 2857 1707 2898 gente
