1878 3262
561 227 1104 272 cOMMENTARIORUM
1135 228 1183 271 L.
1216 226 1251 275 1.
1572 212 1640 273 39

173 341 302 388 δοῦκα
323 339 457 398 πάσης
477 339 630 394 δύσεως
646 339 1022 398 μετακαλεσάμενος
1043 341 1113 386 τὸν
1134 341 1353 400 Βρυέννιον
1374 344 1448 384 τοῦ
1477 340 1639 399 ἄριστε-

170 417 250 471 ροῦ
282 417 500 467 τηνικαῦτα
535 411 790 469 κατάρχοντα
824 412 1016 468 κέρατος,
1051 413 1238 466 ἐκπέμπει
1268 415 1412 454 τοῦτον
1435 411 1539 465 μετὰ
1563 416 1634 466 τῆς
1656 415 1688 450 Ι)

175 483 324 532 οἰκείας
345 480 552 536 δυνάμεως
574 481 731 524 ἀπιέναι
752 481 826 536 τὴν
847 482 1039 535 ταχίστην
1061 479 1273 533 κελεύσας,
1308 478 1364 530 ὥς
1389 480 1431 522 εἴ
1447 497 1486 522 τι
1510 480 1638 522 δεινὸν

174 552 420 605 ε’πισυμβαίη
456 555 515 608 τῷ
550 548 764 607 Βασιλάκῃ
797 548 1048 604 ε’παμύνηται
1077 549 1208 608 τούτῳ
1239 550 1307 591 καὶ
1333 553 1406 604 τῆς
1443 551 1639 605 ἐκτροπῆς

138 618 449 674 ὄὲπαμύνηται·
483 619 563 675 ἤδη
597 619 675 676 γὰρ
711 620 753 662 ἐν
786 616 977 673 αἰσθήσει
1005 619 1194 674 γενέσθαι
1229 618 1380 676 ἤρξατο
1403 622 1477 660 τοῦ
1498 622 1639 659 κακοῦ.

171 687 194 730 ὅ
212 689 286 742 μὲν
309 683 381 730 οὖν
403 687 521 745 ἀπῄει
549 690 615 730 καὶ
637 688 711 738 τὰς
733 685 921 741 δυνάμεις
940 687 1050 742 ἐξῆγε
1070 692 1144 729 τοῦ
1160 685 1344 744 χάρακος
1369 686 1495 737 ἐξιών.
1567 687 1639 727 οὖ-

171 758 268 799 δένα
298 751 369 801 οὖν
402 756 511 814 ἕώρα
547 759 676 814 φίλων
697 756 724 811 ἢ
749 757 950 810 πολεμίων
971 754 1155 798 σπεύδων
1177 757 1239 797 ἐπὶ
1264 756 1316 798 τὰ
1337 754 1478 812 πρόσω
1501 771 1638 811 παρα-

166 830 381 882 χωροῦντα
400 825 551 882 ἤρξατο
576 827 619 868 δὲ
640 824 741 883 ὁρᾶν
761 827 851 882 περὶ
872 823 1078 882 γηλόφους
1097 825 1313 878 πολεμίους
1334 822 1641 878 συνεστηκότας.

168 895 304 951 βραχὺ
327 895 371 936 δὲ
395 895 547 951 προϊὼν
570 896 638 937 καὶ
659 901 812 951 νεκροῖς
837 894 991 948 ἐνέτυχε
1026 892 1188 947 σώμασι
1216 894 1285 934 καὶ
1320 892 1460 949 ἠπόρει
1481 895 1523 934 τί
1541 893 1639 937 ποτ’,

115 970 160 1006 10
171 962 222 1005 ἂν
259 961 280 1004 ὅ
319 962 559 1018 Βασιλάκης
592 964 760 1019 γέγονεν.
829 963 1004 1016 ε’ντυχών
1033 963 1076 1005 δὲ
1101 960 1328 1019 στρατιώτῃ
1351 960 1407 1003 ἔτι
1432 962 1640 1014 ἐμπνέοντι

169 1030 416 1074 ἐπυνθάνετο
440 1037 521 1074 ποῦ
545 1033 638 1074 ποτ’
667 1031 717 1074 ἂν
742 1031 801 1087 εἴη
825 1030 846 1073 ὃ
872 1029 1123 1086 Βασιλάκης,
1158 1033 1226 1073 καὶ
1251 1033 1293 1072 τί
1310 1030 1356 1072 τὸ
1382 1032 1471 1086 περὶ
1493 1029 1641 1079 αὐτοὺς

167 1099 385 1157 ὁρώμενον.
455 1099 476 1142 ὅ
494 1102 568 1155 μὲν
586 1099 779 1156 ἀπήγγελε
801 1099 1039 1155 σύμπαντα,
1064 1100 1102 1142 οἳ
1121 1103 1300 1157 Τοῦρκοι
1319 1099 1362 1140 δὲ
1380 1097 1638 1152 πανταχόθεν
1660 1105 1690 1139 Ρ
1714 1103 1760 1141 29

167 1170 362 1212 συνέθεον
378 1171 446 1211 καὶ
466 1174 637 1211 κυκλοῦν
657 1171 869 1226 ἐπειρῶντο
891 1170 964 1223 τὴν
987 1167 1190 1226 φάλαγγα.
1251 1165 1497 1221 αἰσθόμενος
1520 1171 1639 1208 τοῦτο

168 1235 190 1279 ὅ
215 1238 312 1288 δοῦξ
331 1237 546 1294 παρεκάλει
567 1238 662 1288 τοὺς
684 1236 936 1294 στρατιώτας
958 1237 1112 1294 ἄνδρας
1130 1236 1315 1293 ἀγαθοὺς
1330 1236 1512 1292 ὀφθῆναι
1523 1268 1536 1287 ,
1571 1236 1640 1278 καὶ

112 1311 158 1347 15
168 1308 295 1361 μηδέν
319 1324 357 1349 τι
382 1309 531 1362 δρᾶσαι
556 1311 636 1349 τῶν
660 1307 811 1362 ἀγενῶν
838 1308 905 1348 καὶ
926 1311 999 1361 τῆς
1023 1305 1250 1360 Ῥωμαϊκῆς
1274 1303 1437 1354 ἀνάξιον
1459 1303 1640 1360 γενναιό-

166 1392 300 1429 τητος.
368 1377 550 1431 στρέψας
572 1370 644 1417 οὖν
665 1375 739 1430 τὴν
764 1373 954 1431 φάλαγγα
981 1373 1037 1424 ὥς
1057 1376 1120 1416 ἐπὶ
1141 1374 1187 1416 τὸ
1207 1372 1479 1431 στρατόπεδον
1500 1390 1639 1415 συντε-

166 1445 373 1499 ταγμένως
406 1442 569 1500 ἐχώρει,
608 1448 689 1485 τῶν
720 1442 911 1485 ἐπιόντων
939 1444 1095 1498 μηδένα
1121 1441 1241 1498 λόγον
1266 1440 1514 1495 ποιούμενος.
1586 1440 1643 1491 ὥς
1676 1480 1679 1481 ⁷

166 1512 211 1554 δ”
252 1512 412 1567 ἔγγιστα
442 1517 516 1554 τοῦ
538 1510 722 1569 χάρακος
753 1513 908 1568 γέγονε,
943 1513 1068 1568 μέρος
1089 1511 1308 1565 ἀναλαβὼν
1326 1515 1399 1565 τῆς
1422 1509 1631 1567 φάλαγγος
1654 1517 1690 1552 V
1713 1517 1756 1552 18

166 1582 235 1622 καὶ
259 1581 356 1630 τούς
374 1580 523 1630 ἄλλους
541 1582 777 1637 προσμένειν
798 1579 989 1630 κελεύσας
1013 1582 1204 1637 ἐξαίφνης
1223 1579 1327 1622 κατὰ
1348 1583 1429 1621 τῶν
1449 1577 1641 1620 ἐπιόντων

111 1648 342 1704 Ξοέπήλασε
364 1651 431 1690 καὶ
451 1649 601 1708 ῥαδίως
619 1648 787 1699 τούτους
806 1642 1019 1706 ἐτρέψατο.
1068 1651 1150 1691 ἐπεὶ
1169 1649 1214 1690 δὲ
1231 1648 1327 1698 τοὺς
1343 1648 1510 1697 λοιποὺς
1529 1646 1637 1703 ἑώρα
1659 1655 1691 1690 Β

168 1719 416 1767 συνθέοντας
444 1720 705 1774 παμπληθεί,
740 1715 896 1768 πάντας
923 1718 1143 1774 ἀναλαβών
1170 1715 1397 1774 ὑπέστρεψε
1430 1716 1533 1773 πρὸς
1566 1717 1641 1771 τὴν

259 1827 294 1860 2.
316 1822 567 1871 κατάρχοντα]
591 1827 636 1862 V.
659 1824 922 1871 κατ-ἄρχοντος.
1059 1826 1092 1861 5.
1117 1821 1398 1869 ἔπαμύνηταιᾘ)
1518 1824 1550 1857 6.
1574 1821 1639 1866 χοῖ-

260 1884 434 1927 ρακοξ-
453 1869 571 1915 ὁρᾶν]
601 1872 783 1926 Fortasse:
807 1871 983 1922 χάρακος.
1007 1868 1114 1913 ἐξιών
1138 1868 1176 1905 δ’
1203 1868 1342 1904 οὐδένα
1363 1866 1429 1924 μνὲν
1453 1866 1554 1924 ἑώρα
1578 1869 1639 1912 φί-

260 1920 334 1951 λων
357 1930 380 1962 η
404 1917 610 1960 πολεμίων,
643 1918 815 1952 σπευδων
839 1915 882 1952 δ’
907 1915 968 1952 ἐπὶ
989 1916 1037 1951 τά
1062 1914 1191 1959 πρόσω
1209 1914 1350 1971 ἤρξατο
1373 1915 1446 1959 ηδη
1473 1927 1570 1955 οραν
1592 1934 1640 1941 --

259 1969 370 1998 restat
401 1968 597 2008 corruptum
626 1964 945 2007 παραχωροῦντα,
976 1963 1066 2008 quod
1095 1963 1130 1996 in
1159 1973 1264 2004 παρα
1287 1962 1409 2005 χῶρον
1433 1961 1574 1995 mutavit
1596 1961 1638 1995 P.

264 2011 320 2045 12.
347 2005 560 2054 ὁρεόμενον]
585 2006 800 2056 δρώμενονζ)
939 2009 993 2048 15.
1017 2006 1192 2052 ἀνάξιον]
1218 2005 1408 2051 &metavit

167 2102 228 2136 tim
243 2112 318 2135 eum
332 2101 428 2134 iubet
444 2111 517 2134 cum
534 2100 659 2145 copiis,
692 2111 780 2145 quae
794 2100 861 2146 ipsi
879 2101 1064 2142 suberant,
1094 2099 1151 2134 vel
1166 2099 1334 2134 Basilaoio
1345 2124 1357 2141 ,
1388 2099 1416 2135 si
1432 2109 1518 2144 opus
1533 2099 1639 2141 foret,

168 2159 427 2189 succursurum,
458 2147 516 2180 vel
543 2146 669 2191 alioqui
694 2148 914 2181 excursiones
936 2147 1145 2192 importunas
1173 2146 1318 2179 ulturum
1345 2156 1638 2190 repressurumve.

167 2195 234 2228 iam
261 2194 345 2227 enim
369 2204 502 2226 sensum
525 2192 667 2236 aliquem
693 2192 769 2225 mali
786 2203 827 2226 ac
842 2192 983 2237 periculi
998 2192 1051 2226 sui
1067 2191 1244 2236 concipere
1266 2191 1450 2236 imperator
1466 2195 1640 2235 coeperat.

166 2240 252 2275 fecit
276 2239 469 2282 Bryennius
494 2238 585 2282 quod
607 2237 810 2282 iubebatur,
841 2239 1064 2284 cohortesque
1089 2238 1180 2271 vallo
1203 2238 1348 2272 educens
1365 2238 1640 2282 aliquantumque

167 2285 412 2333 progrediens,
446 2284 609 2317 neminem
631 2286 689 2317 aut
714 2284 894 2318 amicorum
916 2289 976 2321 aut
1000 2284 1144 2318 hostium
1168 2295 1229 2329 per
1255 2295 1407 2328 campum
1432 2283 1540 2317 vidit:
1576 2294 1640 2315 exv

168 2338 299 2367 stantes
323 2330 442 2376 procul
466 2336 594 2364 tantum
623 2341 643 2362 e
666 2329 864 2374 quibusdam
879 2330 1014 2366 tumulis
1030 2330 1064 2364 Τ
1066 2341 1166 2363 urcos
1181 2330 1299 2374 procul
1316 2329 1487 2374 conspicit.
1534 2327 1637 2372 paulo

167 2389 253 2411 vero
278 2377 421 2410 ulterius
449 2386 648 2421 progressus
672 2376 839 2409 cadavera
866 2388 1039 2410 caesorum
1063 2375 1203 2420 reperit.
1250 2386 1393 2419 cumque
1409 2379 1501 2407 esset
1515 2374 1638 2407 anxius

168 2423 250 2469 quid
278 2423 443 2456 Basilacio
470 2421 686 2465 contigisset,
718 2422 809 2456 sorte
832 2422 868 2455 in
893 2422 1002 2456 adhuc
1024 2422 1204 2467 spirantem
1224 2421 1375 2457 incidens
1390 2420 1544 2460 militem,
1578 2418 1637 2453 ubi

170 2473 263 2504 esset
292 2468 493 2506 Basilacius.
523 2472 558 2501 et
587 2479 676 2512 quac
706 2473 798 2501 esset
826 2468 911 2502 haec
939 2473 1071 2511 strages
1094 2479 1196 2512 quam
1212 2473 1368 2501 cerneret
1382 2467 1425 2498 ab
1442 2477 1482 2498 eo
1500 2465 1635 2506 doctus,

167 2515 269 2550 rediit
282 2515 435 2559 Augusto
452 2514 638 2547 nuntiatum
656 2518 788 2547 cuncta.
832 2519 868 2547 at
883 2514 986 2548 Turci
1003 2514 1127 2547 circum
1143 2513 1363 2546 accurrebant
1377 2511 1542 2559 undique,
1567 2510 1637 2546 cir-

170 2561 330 2604 cuireque
353 2561 550 2605 phalangem
575 2559 800 2604 conabantur,
829 2559 865 2593 id
896 2559 988 2604 quod
1012 2559 1161 2592 sentiens
1187 2559 1256 2592 dux
1284 2558 1483 2593 adhortatus
1513 2555 1636 2590 milites

170 2606 307 2639 fortiter
321 2618 425 2650 agere
436 2631 446 2648 ‚
477 2617 585 2650 neque
601 2604 807 2639 committere
816 2632 826 2648 ‚
855 2610 895 2638 ut
909 2616 930 2638 a
944 2605 1097 2640 Romana
1110 2604 1238 2638 virtute
1252 2604 1462 2648 degenerare
1476 2602 1637 2638 videren-

170 2656 248 2695 tur,
271 2663 370 2685 versa
421 2652 572 2696 halangis
596 2652 711 2684 fronte
735 2651 770 2684 in
799 2657 913 2685 castra
938 2651 1101 2684 instructo
1125 2651 1258 2694 agmine
1280 2650 1364 2684 ferri
1395 2649 1511 2693 coepit
1543 2652 1637 2683 certo

171 2696 301 2741 gradu,
333 2700 390 2730 nul
406 2709 426 2730 a
442 2698 565 2731 circum
582 2696 852 2731 tumultuantium
872 2696 988 2730 habita
1002 2697 1194 2731 Turcorum
1209 2696 1350 2730 ratione.
1396 2700 1437 2728 ut
1458 2700 1567 2729 autem
1594 2692 1638 2726 ad

172 2741 329 2775 viciniam
344 2743 526 2788 proximam
543 2751 727 2778 castrorum
743 2748 925 2787 provectus
940 2747 993 2776 est
1007 2769 1018 2786 ‚
1048 2742 1235 2778 subsistere
1248 2742 1282 2776 in
1295 2742 1370 2776 loco
1385 2741 1477 2775 iussa
1493 2740 1639 2784 phalan-

170 2788 224 2832 gis
243 2795 366 2832 parte3
396 2788 471 2832 ipse
485 2790 598 2824 subito
612 2801 686 2823 cum
702 2789 826 2822 ceteris
839 2789 873 2824 in
888 2793 1070 2833 sequentes
1084 2788 1215 2823 irruens
1229 2787 1331 2822 facile
1343 2787 1419 2823 illos
1434 2786 1552 2823 vertit.
1599 2787 1639 2816 ut

171 2844 259 2866 vero
286 2834 378 2867 coire
399 2834 534 2869 Tun-cos
560 2835 708 2880 reliquos
731 2835 959 2880 festinamque
970 2835 1006 2869 in
1020 2845 1156 2869 suorum
1170 2834 1330 2869 auxilium
1344 2832 1485 2868 maximo
1502 2840 1639 2864 numero

173 2879 282 2922 vidit,
310 2881 487 2925 resumptis
500 2881 569 2916 suis
583 2882 758 2925 omnibus,
785 2882 984 2928 phalangem
1004 2882 1202 2930 repetebat:
1233 2879 1367 2929 quando
1382 2880 1425 2916 ab
1439 2876 1641 2914 instantibus
