1878 3262
250 216 348 263 306
630 180 633 183 ’
761 210 1006 255 CORNELI
1040 211 1211 255 Tom

253 334 331 376 est,
375 338 467 362 cum
490 323 721 374 plurimum
753 323 901 360 virtuti
922 320 1121 370 debuerit,
1155 321 1258 373 plus
1285 318 1468 361 debuisse
1487 323 1713 375 fortunae,-

253 395 378 436 quam
395 381 505 418 solus
521 380 700 417 omnium
715 380 953 417 mortalium
974 381 1016 418 in
1027 385 1268 431 potestatem
1287 377 1445 419 habuit.

364 484 402 521 p.
423 469 478 511 53
499 482 538 507 v·
564 466 628 510 14.
672 465 734 508 *voi
751 466 852 521 ’ἡμῖν
873 468 970 517 τέως
986 467 1089 522 ὁρᾶν
1107 463 1273 519 ἆφανῆ]
1305 468 1426 519 Saepe
1443 468 1600 506 solitum
1621 467 1717 505 Cin-

252 541 369 566 namo
391 530 481 578 post
498 525 669 575 aliquam
692 525 891 577 ambagem
913 526 1086 563 inserere
1102 524 1248 571 verba,
1278 536 1378 573 quae
1394 525 1626 574 praecedere
1645 524 1718 562 de-

253 585 413 624 bebant.
470 582 635 628 Persae,
663 581 815 632 inquit,
846 595 896 620 ex
920 583 999 620 alto
1022 581 1328 633 prospicienteS‚
1356 580 1498 618 vident
1521 593 1590 631 ea,
1617 587 1717 632 puta

251 645 479 706 sequentem
498 639 696 677 exercitus
713 639 880 677 Romani
895 644 1022 677 totam
1037 639 1192 686 molem,
1222 649 1321 688 quae
1339 651 1411 676 nos
1427 636 1569 686 adhuc,
1597 637 1723 689 plano

252 697 439 735 nimirum
469 708 606 748 campo
637 702 796 744 euntes,
827 696 964 734 videre
994 709 1076 733 non
1108 707 1329 746 possumus.
1383 695 1519 743 itaque
1546 690 1594 733 τὰ
1618 692 1718 746 ἡμῖν

250 753 348 802 τέως
375 752 473 807 ὁρᾶν
498 749 639 803 ἀφανῆ
654 782 664 800 ,
694 766 767 803 pro
790 751 891 804 ὁρᾶν
910 750 959 792 τοὶ
979 751 1078 804 ἡμῖν
1094 750 1191 798 τέως
1207 747 1364 801 αφανῆ.
1421 750 1476 788 sic
1495 750 1620 798 infra,
1647 750 1718 788 ubi

252 811 302 849 de
331 809 531 849 Musalone
558 807 781 860 patriarcha
812 810 1000 860 abrogato
1030 815 1070 846 et
1098 808 1261 846 suffecto
1280 807 1362 844 eius
1379 807 1567 845 inlocum
1584 805 1718 844 Theo-

254 868 369 906 doto.
402 861 506 907 ἄνθ’
530 867 579 906 οὑ
608 861 824 914 Θεόδοτος,
857 862 963 920 α’νήρ
981 865 1048 906 ἐπὶ
1064 868 1248 904 πλεῖστον
1274 859 1502 914 ασκητικοῖς
1525 863 1719 916 ἐγγυμνα-

251 921 427 991 σάμενος
456 923 739 988 προχειρίζεται
771 919 926 969 πόνοις.
997 923 1088 960 item
1126 921 1226 959 libro
1258 926 1425 970 quarto·
1473 919 1559 960 ἐπεὶ
1588 919 1631 960 δέ
1659 934 1719 967 τις

251 976 407 1035 ἐκράτει
450 976 569 1031 φήμη
611 975 825 1030 πρότερον,
870 995 926 1027 ως
955 979 1182 1031 Βασαβίλας
1214 972 1419 1031 Ῥιτζάρδῳ
1454 975 1508 1016 ἔτι
1539 973 1719 1046 περιόντι

251 1038 478 1090 προδοῦναι
498 1034 712 1086 Ῥωμαίους
736 1034 958 1083 σκέπτοιτο,
980 1037 1066 1075 δεῖν
1090 1034 1269 1087 ἔγνωσαν
1287 1032 1355 1073 καὶ
1376 1031 1574 1086 δευτέροις
1593 1028 1718 1073 αὐτᾶν

249 1091 385 1157 ὅρκοις
402 1091 585 1143 Ῥωμαῖοι
602 1092 853 1143 καταλαβεῖν.
908 1092 1026 1144 plura
1046 1097 1161 1141 sunt,
1190 1102 1291 1141 quae
1306 1091 1348 1128 in
1364 1103 1491 1128 unum
1510 1101 1719 1140 congerere

250 1149 422 1202 pretium
441 1159 583 1200 operae
600 1161 682 1185 non
697 1152 812 1187 esset.

365 1266 404 1304 p.
426 1250 479 1294 55
498 1264 537 1289 v.
556 1253 595 1292 3.
653 1248 740 1291 ἐπεὶ
772 1247 873 1302 μηδὲ
902 1246 1007 1291 οὕτω
1033 1244 1172 1302 ψυχήν
1199 1247 1281 1290 ἔστι
1307 1251 1536 1289 κατασεῖσαι
1553 1245 1717 1301 ἷκανόν]

253 1309 437 1347 Rescribe
476 1305 612 1360 μηδέν.
670 1307 795 1358 possis
823 1307 905 1345 huc
936 1306 1134 1344 adducere
1157 1305 1258 1344 Livii
1281 1305 1415 1343 locum
1441 1305 1468 1344 1.
1501 1308 1553 1347 31
1585 1319 1618 1344 c.
1643 1304 1719 1348 34:

251 1366 362 1404 nilzil
382 1372 467 1402 tarn
485 1366 683 1401 incertum
702 1377 773 1401 nec
793 1371 878 1413 tam
899 1363 1194 1402 inaestimabile
1212 1371 1286 1412 est,
1317 1375 1440 1413 quam
1460 1363 1592 1399 animi
1609 1362 1720 1400 mul-

252 1421 459 1460 titudinis,
520 1418 633 1472 quod
659 1422 905 1471 promtiores
941 1418 1002 1457 ad
1031 1417 1283 1457 subeundam
1309 1431 1462 1456 omnem
1485 1416 1721 1456 dimicatio-

252 1493 340 1517 nem
362 1476 579 1515 videbatur
588 1478 827 1527 facturum,
858 1476 907 1515 id
919 1484 1069 1515 metum
1084 1477 1382 1528 pigritiamque
1398 1476 1594 1513 incussit:
1623 1489 1722 1514 nam

253 1537 324 1587 qui
355 1535 487 1572 hastis
517 1535 782 1585 sagittisque,
814 1541 850 1571 et
881 1548 982 1571 rara
1007 1534 1160 1570 lanceis
1181 1532 1351 1570 vulnera
1367 1532 1494 1581 facta
1514 1531 1720 1579 vidissent,

253 1605 343 1629 cum
371 1591 551 1628 Graecis
587 1589 823 1640 Illyriisque
842 1603 1032 1641 pugnare
1064 1590 1236 1635 assueti,
1269 1594 1541 1639 posteaquam
1571 1587 1719 1640 gladio

253 1647 525 1699 .Hispaniensi
556 1644 802 1683 detruncata
832 1660 1027 1697 corpora,
1074 1645 1253 1682 brachiis
1278 1644 1492 1694 abscissis,
1529 1652 1604 1682 aut
1632 1653 1720 1683 tota

253 1706 402 1742 cervice
412 1702 596 1750 desecta,
625 1701 763 1740 divisa
783 1716 809 1739 a
831 1717 992 1753 corpore
1009 1703 1172 1753 capita,
1194 1703 1459 1752 patentiaque
1478 1702 1654 1751 viscera,
1683 1709 1732 1749 et>

244 1760 493 1812 foeditatem
511 1759 640 1796 aliam
656 1759 869 1796 vulnerum
888 1758 1079 1797 viderunt
1088 1773 1101 1806 ς
1130 1756 1329 1795 adversus
1357 1771 1463 1808 quae
1492 1757 1572 1796 tela
1603 1772 1720 1810 quos-

254 1832 330 1869 que
349 1818 459 1856 viros
475 1813 754 1868 pugnandum
774 1823 894 1866 esset,
918 1813 1068 1867 pavidi
1092 1814 1214 1866 vulgo
1237 1813 1459 1852 cernebant.

366 1931 405 1970 p
416 1918 470 1960 58
489 1930 530 1958 v.
542 1919 581 1958 7.
624 1916 858 1970 ι’σοστοιχίαι
877 1932 917 1957 τε
940 1916 1008 1958 καὶ
1027 1912 1205 1968 σχήματα
1225 1911 1511 1968 παρατάξεων]
1542 1915 1652 1964 Quid
1667 1916 1720 1956 sit

255 1974 423 2025 στοιχεῖν
445 1974 486 2011 in
505 1973 606 2022 acie,
639 1979 792 2012 notum.
850 1973 1034 2012 Aelianus
1056 1972 1222 2010 'raeticis
1247 1985 1280 2010 c
1297 1972 1373 2013 25:
1394 1977 1573 2040 στοιχεῖν
1594 1971 1637 2013 δὲ
1653 1971 1735 2013 λε’-’

253 2046 381 2084 γεται,
409 2029 574 2070 ἕκαστον
596 2027 763 2098 oc'vdqoc'
745 2047 788 2071 εν
810 2033 870 2084 τῷ
892 2030 1037 2071 ἑαυτοῦ
1061 2025 1185 2084 λόχω,
1214 2024 1258 2068 τὸ
1275 2023 1341 2068 ἐπ’
1359 2024 1520 2076 δυ’θείας
1543 2025 1646 2069 εἶναι
1663 2032 1719 2084 τῷ

253 2089 409 2154 λοχαγῷ
435 2085 505 2126 καὶ
526 2101 580 2125 τω
610 2083 775 2141 οὐραγῷ
789 2119 800 2137 ,
830 2083 1111 2138 φυλασσοντας
1140 2101 1190 2125 τα
1218 2084 1286 2124 ἴσα
1315 2079 1394 2124 ἄπ’
1424 2080 1606 2136 ἀλλήλων
1627 2085 1718 2125 δια-

253 2141 443 2194 (πήματα.
501 2127 569 2179 vei
570 2156 661 2180 sare
689 2143 866 2193 dicitur,
898 2158 991 2181 eum
1018 2142 1179 2193 singuli
1201 2142 1285 2178 viri
1304 2142 1348 2178 in
1366 2155 1447 2178 sua
1467 2141 1634 2179 decuria
1657 2156 1718 2179 re-

254 2207 322 2239 cta
339 2199 444 2235 ..serie
473 2199 720 2250 consistunt,
751 2215 779 2237 a
804 2200 976 2252 loclzago
1005 2206 1041 2237 et
1073 2199 1178 2251 tergi
1210 2195 1311 2235 duce
1339 2191 1530 2249 aequalia
1555 2199 1659 2236 inter
1675 2212 1717 2236 se

252 2257 390 2307 spatia
409 2261 620 2296 servantes

367 2368 406 2408 p.
423 2357 478 2397 66
498 2367 536 2394 V.
555 2356 593 2397 8.
651 2353 755 2406 πλην
773 2359 846 2397 τοῦ
864 2354 1090 2409 ἀσφαλοῦς,
1122 2374 1177 2407 ως
1196 2354 1326 2411 οἶμαι,
1354 2351 1476 2398 vall-a
1490 2351 1623 2396 πάντα
1641 2371 1715 2398 πε-

254 2408 490 2463 πλουτηκῶς
509 2408 673 2464 ἆγαθα]
706 2412 887 2462 CosmaS‚
912 2415 1067 2466 inquit,
1097 2414 1277 2453 omnibus
1295 2413 1450 2452 abunde
1468 2411 1582 2450 bonis
1600 2413 1717 2452 locu-

255 2469 425 2520 pietatus
455 2473 562 2518 erat;
593 2467 662 2505 sed
685 2467 762 2506 hoc
790 2483 915 2508 unum
936 2471 1160 2521 deficiebat,
1191 2470 1298 2522 quod
1316 2475 1406 2508 tuta
1430 2481 1509 2506 non
1530 2477 1658 2508 essent
1676 2476 1717 2509 et

257 2538 409 2566 secura.
464 2524 554 2562 ideo
574 2523 803 2564 Aristoteles
818 2527 918 2565 libro
935 2527 1063 2579 primo
1080 2527 1329 2575 Rhetorices,
1357 2524 1425 2564 ubi
1443 2524 1492 2562 de
1507 2525 1621 2564 bonis
1636 2527 1717 2578 agit

257 2580 455 2629 externis,
484 2593 583 2631 qua-e
611 2581 898 2621 beatitudinem
923 2584 1006 2623 sive
1036 2584 1260 2623 felicitatem
1283 2582 1532 2621 constituunt
1546 2582 1715 2633 civilem,

255 2642 408 2690 partem
436 2650 518 2674 non
548 2637 749 2676 minimam
779 2652 917 2679 eorum
945 2641 1087 2679 statuit
1111 2640 1286 2689 divitias,
1319 2651 1402 2677 non
1420 2639 1602 2689 quasvis,
1631 2639 1715 2689 sed,

255 2699 304 2732 ut
333 2693 415 2744 ipse
445 2693 655 2744 praecipit,
686 2698 811 2736 ταῦτα
839 2696 880 2738 δὲ
909 2694 1143 2750 (χρήματα)
1171 2693 1302 2737 πάντα
1332 2694 1401 2736 καὶ
1429 2690 1614 2748 ἀσφαλῆ,
1643 2695 1714 2736 καὶ

257 2747 484 2802 ἐλευθέρια,
517 2749 585 2789 καὶ
601 2747 793 2803 χρήσιμα.·
819 2753 918 2792 haec
935 2767 1024 2792 vero
1041 2754 1182 2791 omnia
1201 2759 1238 2791 et
1256 2765 1421 2802 secura,
1453 2759 1490 2790 et
1510 2753 1712 2803 liberalia,

253 2813 290 2844 et
310 2805 434 2844 utilia
455 2818 537 2844 esse
555 2813 716 2857 oportet.
