1878 3262
274 198 374 246 224
724 199 946 244 CAROLI·
961 201 1042 244 DU
1073 201 1287 246 FRESNE

275 310 365 350 Odo
385 308 426 361 1)
457 320 553 348 vero
586 313 812 346 recensetur
844 307 950 347 inter
978 309 1282 348 Bellulandensis
1310 311 1557 361 monasterii,
1586 316 1633 351 ut
1657 324 1735 352 vo-

276 372 382 415 cant,
411 365 678 404 benefactores
699 364 772 403 sub
793 376 838 402 ea
854 370 1044 417 tempora.
1100 366 1291 406 Bernardi
1309 367 1341 406 ll
1358 367 1428 405 filii
1443 368 1605 407 fuerunt
1620 368 1736 420 Hugo

277 429 319 461 et
335 422 574 460 Bernardus.
629 422 825 473 Hugonie
840 420 889 459 de
906 423 1094 461 Bailleul
1108 437 1191 462 non
1212 424 1327 462 semel
1343 424 1520 462 meminit
1532 424 1737 464 Mathaeus

278 478 403 521 Paris.
421 478 494 517 sub
517 478 562 516 A.
585 480 712 527 1216,
742 478 810 529 qui
830 478 1051 517 Castellum
1069 479 1276 518 Bernardc·
1298 479 1346 518 de
1368 482 1457 518 eius
1471 480 1600 529 feudo
1622 482 1740 520 fuisse

282 535 428 574 diserte
456 535 521 575 ait.
577 533 671 571 huic
700 547 774 573 rex
802 535 961 586 Angliae
983 537 1146 575 Ioannes
1165 537 1277 588 regni
1303 536 1444 574 limites
1465 537 1634 576 tuendos
1654 545 1740 577 tra-

282 591 388 631 didit
407 597 544 630 contra
566 590 837 630 Alexandrum
853 594 1064 631 Scotorum
1082 606 1222 645 regem,
1257 593 1324 644 qui
1343 593 1384 631 in
1403 592 1595 632 Ludovici
1611 594 1741 634 Fran-

281 648 365 687 ciae
383 650 482 699 regis
501 646 573 685 filii
591 653 722 698 partes
740 648 849 687 ultro
870 657 1125 689 concesserat.
1182 650 1230 688 ab
1255 649 1420 701 Hugone
1439 649 1622 701 prodiere
1642 651 1742 690 Ale-

281 702 436 744 xander
457 703 504 741 de
523 704 711 741 Bailleul
728 704 892 743 Chilami
910 706 1114 756 dominus,
1143 708 1349 745 Henn'cus
1366 713 1408 744 et
1428 705 1577 746 Guido.
1632 706 1744 746 Hen-

282 761 389 810 rico,
420 761 530 799 cuius
558 773 760 799 excessum
785 762 857 800 sub
884 762 930 800 Α.
954 764 1060 805 1246
1082 769 1276 801 annotant
1298 762 1466 801 Parisius
1485 768 1524 800 et
1539 762 1746 803 Mathaeus

284 816 730 866 westmonasteriensis,
770 831 876 857 uxor
895 818 942 871 2)
968 820 1044 857 fuit
1066 820 1190 871 Agnes
1210 820 1394 859 Willelmi
1413 819 1463 857 de
1482 819 1657 858 Valentia
1675 833 1747 859 co-

283 874 389 914 mitis
422 873 668 913 Pembrochii
697 874 800 925 filia,
841 888 892 914 ex
927 889 1006 926 quo
1037 877 1215 927 coniugio
1241 876 1349 915 nulla
1382 875 1576 928 superfuit
1601 877 1747 929 proles.

285 930 417 970 Guido
444 929 490 982 ³)
531 943 627 968 vero
668 943 759 969 cum
799 932 957 970 Simone
990 932 1039 970 de
1077 933 1310 972 Monteforti
1338 932 1569 971 Licestrensi
1604 934 1748 972 comite

287 993 426 1026 contra
449 986 667 1025 Henricum
686 987 738 1025 Ill
768 987 923 1040 Angliae
946 1002 1077 1040 regem
1105 990 1261 1029 fortiter
1289 989 1476 1028 dimicans
1494 990 1682 1029 occubuit
1698 991 1748 1030 A.

289 1044 410 1086 1265.
469 1043 624 1080 exstitit
651 1043 770 1082 etiam
793 1045 953 1096 Hugoni
979 1046 1061 1083 filia
1088 1048 1223 1095 Lora,
1255 1046 1432 1085 Gilberto
1460 1044 1508 1084 de
1546 1045 1672 1084 Gand
1697 1059 1749 1085 ex

286 1098 496 1142 Flandriae
528 1097 735 1138 comitibus
765 1113 886 1151 genus
913 1102 1074 1140 ducenti
1095 1109 1233 1155 nupta.
1289 1104 1411 1141 Lorae
1435 1103 1552 1140 etiam
1572 1103 1750 1142 fortassis

288 1169 402 1194 soror
420 1155 495 1193 fuit
506 1154 610 1194 Ada
621 1154 668 1192 de
677 1157 873 1207 Bailleul,
889 1171 994 1196 uxor
1005 1159 1158 1209 Rogerii
1169 1159 1436 1198 Filii-Ioannis
1448 1171 1516 1197 seu
1528 1159 1750 1209 Fttz-Jean,

288 1224 405 1264 quem
426 1212 664 1250 exstinctum
684 1212 730 1251 A.
744 1214 852 1257 1249
873 1220 1013 1254 auctor
1034 1221 1093 1254 est
1106 1216 1288 1256 Pax-isius.
1316 1214 1549 1254 Alexander
1563 1214 1610 1253 de
1625 1217 1752 1254 Bail-

290 1269 375 1306 leul
389 1267 462 1320 4),
486 1269 767 1320 primogenitus
794 1270 971 1323 Hugonis
994 1271 1118 1322 filius,
1148 1286 1198 1311 ex
1218 1272 1378 1311 isabella
1398 1270 1446 1309 de
1463 1273 1621 1320 Dover,
1650 1285 1752 1323 quae

291 1324 488 1363 comitissa
521 1324 569 1363 de
598 1326 752 1365 Assolin
776 1326 820 1366 in
846 1329 973 1368 veteri
999 1329 1210 1381 diplomate
1229 1328 1489 1380 indigitetur,
1522 1327 1637 1366 binos
1654 1342 1754 1380 pro-

292 1381 443 1420 creavit
461 1383 653 1421 masculos
668 1415 679 1434 ‚
709 1385 902 1423 Ioannem
923 1386 1070 1424 scilicet
1093 1399 1222 1438 regem
1242 1386 1394 1424 Scotiae
1422 1390 1462 1422 et
1493 1384 1682 1423 leomam
1707 1383 1755 1424 de

292 1439 483 1478 Bailleul
508 1447 661 1491 patrem
694 1441 924 1480 Christiane
954 1441 1002 1480 de
1028 1444 1235 1491 Baclleul,
1264 1455 1364 1493 quae
1390 1441 1629 1492 Ingerranno
1654 1441 1755 1480 Gui-

293 1495 427 1545 nensi,
458 1497 653 1535 Codiciaci
677 1497 721 1535 in
753 1499 879 1537 Gallia
904 1499 1140 1550 toparchae,
1170 1499 1318 1551 nupsit.
1374 1498 1545 1536 Ioannes
1574 1497 1756 1537 dominus

296 1549 345 1589 de
363 1553 553 1590 Bailleul
571 1553 690 1591 ducta
709 1555 751 1592 in
768 1569 935 1594 uxorem
954 1557 1195 1607 Dornagilla,
1225 1554 1339 1593 Alani
1364 1555 1517 1592 Scotiae
1541 1555 1756 1593 constabu-

294 1608 385 1646 larii
415 1621 465 1646 ex
492 1609 712 1660 Margareta
735 1612 894 1650 navidis
919 1612 968 1650 de
991 1614 1119 1650 Scotia
1137 1610 1477 1650 Huntindonensis
1499 1611 1651 1649 comitis
1671 1611 1758 1662 pri-

295 1665 492 1716 mogenita
517 1666 598 1703 filia
612 1694 622 1713 ,
653 1667 869 1706 Galeweiae
889 1668 993 1706 illius
1013 1669 1099 1706 iure
1121 1669 1303 1706 dominus
1324 1667 1418 1705 suit:
1446 1666 1661 1718 crebroque
1681 1667 1758 1706 hoc

168 1728 277 1767 [²214
298 1722 416 1760 titulo
445 1728 485 1760 et
513 1723 773 1774 appellatione
797 1724 871 1762 ista
889 1725 1066 1763 occurrit
1084 1725 1190 1776 apud
1207 1725 1419 1775 scriptores
1441 1722 1622 1773 Anglicos
1643 1724 1691 1761 ab
1710 1723 1758 1766 A.

301 1780 410 1821 1236
439 1777 499 1828 ὅ).
556 1780 751 1818 exstincto
784 1781 943 1819 demum
979 1781 1124 1830 absque
1156 1782 1266 1833 prole
1293 1779 1520 1818 Alexandro
1548 1781 1757 1819 Scotorum

297 1847 409 1885 rege,
439 1847 530 1872 cum
551 1836 679 1886 gravis
701 1837 751 1874 de
767 1838 877 1887 regni
893 1838 1134 1875 successione
1154 1843 1295 1875 exorta
1314 1842 1414 1874 esset
1435 1836 1637 1874 contentio
1655 1836 1760 1875 inter

300 1891 386 1938 eius
399 1890 599 1939 haeredes,
630 1893 798 1930 maxime
817 1894 921 1931 inter
937 1893 1123 1932 Ioannem
1146 1893 1348 1932 Balliolum
1366 1898 1405 1930 et
1422 1892 1637 1930 Robertum
1654 1893 1763 1932 Bru-

300 1949 421 1995 sium,
452 1960 623 1999 expenso
649 1949 899 2000 discussoque
922 1952 1128 2000 utriusque
1150 1950 1257 1996 iure,
1283 1950 1331 1987 ab
1355 1948 1552 1987 Edwardo
1573 1949 1592 1987 Ι
1614 1949 1763 2000 Anglo-

300 2017 394 2042 rum
413 2017 515 2055 rege,
547 2004 698 2044 delecto
715 2007 1007 2045 controversiae
1026 2007 1197 2054 arbitro,
1227 2006 1426 2044 Scoticum
1444 2017 1606 2055 regnum
1628 2006 1764 2044 [oanni

303 2060 509 2098 addictum
542 2067 599 2098 est
625 2061 670 2100 A.
702 2065 808 2105 1293
838 2060 901 2116 ⁶).
960 2063 1028 2101 sed
1057 2063 1229 2101 subortis
1259 2075 1354 2100 mox
1392 2061 1558 2112 Anglum
1591 2062 1695 2100 inter
1724 2068 1764 2100 et

301 2117 466 2154 Scotum
492 2116 679 2165 dissidiis,
709 2119 873 2157 Ioannes
893 2119 934 2156 in
954 2120 1141 2158 Edwardi
1164 2125 1398 2171 potestatem
1427 2118 1539 2156 venit
1565 2131 1763 2170 regnoque

303 2172 482 2224 privatus
513 2173 561 2209 ab
593 2175 730 2213 eodem
758 2177 801 2213 in
826 2175 1030 2226 praedium
1060 2175 1290 2215 Balliolense
1316 2176 1356 2212 in
1382 2174 1507 2212 Gallia
1532 2175 1764 2213 amandatus

306 2234 367 2266 est
395 2235 435 2266 et
462 2231 723 2279 quorumdam
755 2232 1018 2283 praelatorum
1050 2246 1167 2272 curae
1197 2232 1473 2280 custodiaeque
1503 2231 1764 2280 contraditus,

307 2298 386 2335 quo
416 2286 457 2322 in
490 2286 577 2323 loco
605 2287 800 2337 reliquum
831 2290 936 2327 vitae
965 2290 1094 2340 exegit
1123 2289 1294 2338 obiitque
1325 2287 1487 2325 tandem
1507 2294 1596 2338 post
1617 2301 1764 2326 annum

308 2344 418 2384 1327
435 2341 602 2392 proinde
620 2344 661 2382 in
680 2350 854 2382 extrema
874 2352 1085 2395 senectute,
1112 2352 1161 2384 ut
1179 2345 1231 2383 ait
1249 2343 1509 2382 Buchanauus
1526 2342 1584 2396 ⁷),
1613 2350 1653 2382 et
1672 2357 1765 2381 cen-

306 2397 460 2436 tenario
501 2398 649 2449 maior,
688 2414 779 2439 cum
807 2401 855 2440 ab
885 2401 931 2440 A.
962 2405 1070 2445 1236
1100 2415 1209 2440 arma
1235 2400 1428 2440 induisset
1463 2413 1604 2452 resque
1636 2400 1766 2440 varias

308 2516 423 2523 ,ἡὴ-

403 2589 449 2632 1)
474 2589 574 2623 Tom.
596 2589 613 2623 1
633 2590 667 2622 et
681 2590 703 2624 2
721 2589 833 2633 Mon,
860 2590 970 2626 Math.
988 2591 1133 2626 Westm.
1150 2592 1191 2626 A.
1210 2591 1310 2626 1211.

400 2634 445 2676 2)
471 2635 557 2668 Rad.
575 2635 722 2672 Brooke.

399 2679 446 2722 3)
471 2680 655 2723 Knighton.

398 2723 446 2767 4)
470 2724 561 2757 Will.
580 2725 684 2758 Torn.

401 2770 449 2813 5)
474 2770 663 2813 Walsingh.
682 2770 762 2806 Chr.
781 2771 917 2806 Flandr.
936 2785 964 2807 c.
981 2774 1038 2808 38.

401 2816 447 2858 6)
472 2816 567 2850 Will.
584 2816 771 2851 Westmon.
788 2818 851 2851 An.
869 2819 970 2862 1199,
994 2818 1198 2863 Walsingh„
1219 2815 1403 2862 Knigthon.

404 2862 451 2906 7)
476 2862 626 2896 Buchan.
643 2861 665 2896 l.
683 2862 716 2897 8.
1150 2869 1151 2872 ’
