1878 3262
243 209 338 260 174
458 211 529 253 AD
560 196 854 252 coMlvOENT.
878 205 1190 249 NIGEPHORI
1217 205 1486 251 BRYENNII

241 335 360 375 quam
380 319 521 358 merito
540 324 581 357 et
601 318 724 370 gratia
743 316 945 368 regnantis
961 316 1083 370 prolis
1103 316 1342 358 obtinuerat.
1410 317 1509 357 haec
1525 309 1705 370 pluribtxs

239 377 431 418 illustrari
449 382 656 430 poterant;
687 388 762 414 nos
777 374 922 413 cursim
939 374 1189 426 defungimur
1211 374 1286 412 alio
1306 374 1546 415 festinantes.

354 503 394 542 p.
417 489 471 533 53
501 503 543 528 v.
562 489 626 529 19.
684 488 827 540 θαῦμα
859 489 945 535 τοῖς
977 484 1127 540 ὁρῶσιν
1155 485 1268 527 ἰδεῖν.
1326 485 1417 525 cod.
1447 485 1528 526 MS.
1554 487 1707 538 legebat

239 546 396 599 θέαμα,
425 546 558 585 minus
578 550 668 596 apte
689 544 772 582 sine
792 543 933 594 dubio,
964 549 1011 582 ut
1031 542 1145 581 facile
1163 542 1331 581 sentient
1350 542 1420 595 qui
1436 542 1579 582 harum
1594 544 1706 582 litte-

240 618 378 643 rarum
400 609 559 655 gustum
578 601 748 640 habent:
776 613 947 651 quorum
972 599 1111 647 iudicii
1133 599 1279 638 fiducia
1307 613 1443 640 causas
1460 601 1706 640 emendatio-

240 675 338 701 num
357 666 588 699 nostrarum
607 658 847 698 enucleatius
864 671 946 697 non
963 656 1228 709 exsequimur.

352 776 393 815 p.
415 760 470 804 58
495 775 535 801 v.
557 763 597 802 9.
655 772 757 812 quae
784 759 921 798 scribit
942 758 1163 811 Bryennius
1183 757 1233 796 de
1251 756 1436 797 Africano
1456 757 1609 797 minore
1627 756 1706 796 Ae-

242 819 341 858 milii
365 818 477 858 Pauli
503 818 586 856 filio
614 817 781 868 digitum
811 816 1002 856 videntur
1027 815 1235 854 intendere
1258 815 1302 853 in
1331 813 1431 853 haee
1451 815 1553 855 Livii
1583 815 1706 855 verba

242 877 309 915 lib.
328 876 466 915 XLIV.
524 875 726 913 consulem
745 887 839 912 cum
855 888 896 911 se
916 875 960 911 in
984 880 1122 911 castra
1136 874 1268 910 victor
1288 874 1520 924 recepisset,
1549 886 1599 910 ne
1618 873 1707 910 εἰη.-

241 947 329 971 cero
344 929 504 985 gaudio
515 932 737 983 frueretur,
767 944 868 968 cura
890 929 941 968 de
957 932 1109 968 minore
1124 930 1216 981 filio
1237 929 1494 969 stimulabat.
1549 931 1598 968 P.
1613 930 1707 968 Sci-

233 991 308 1042 pio
326 991 363 1027 is·
383 996 469 1027 erat
481 1017 494 1039 ,
521 988 752 1038 Africanus
774 995 811 1025 et
832 989 916 1039 ipse
929 995 1074 1039 postea
1095 986 1228 1025 deleta
1252 986 1500 1038 Carthagine
1521 986 1708 1038 appella-

242 1054 333 1096 tus,
375 1045 584 1084 naturalis
614 1045 794 1083 consulis
814 1045 970 1095 Pauli,
1009 1043 1226 1096 adoptione
1249 1042 1452 1095 Africani
1480 1057 1614 1095 nepos,
1670 1044 1709 1080 is

242 1101 443 1142 decimum
462 1103 674 1153 septimum
693 1109 791 1138 tunc
812 1115 969 1138 annum
988 1115 1134 1154 agens,
1163 1099 1275 1152 quod
1293 1102 1430 1152 ipsum
1450 1113 1594 1139 curam
1618 1113 1709 1138 au·-

238 1160 382 1212 gebat,
413 1157 515 1196 dum
536 1157 661 1210 effuse
684 1159 868 1209 sequitur
884 1157 1029 1208 hostes,
1059 1160 1102 1196 in
1112 1164 1272 1209 partem
1293 1158 1423 1194 aliam
1442 1156 1566 1196 turba
1584 1156 1709 1195 abla-
1736 1187 1743 1195 .

242 1224 312 1254 tus
339 1222 446 1266 erat,
485 1222 521 1253 et
546 1216 678 1253 serias
707 1228 802 1252 cum
829 1212 1034 1264 rediisset,
1074 1221 1160 1252 tum
1180 1212 1360 1264 demum,
1389 1220 1540 1264 recepto
1560 1215 1710 1265 sospite

231 1273 354 1326 filio,
392 1272 588 1311 victoriae
613 1278 753 1309 tantae
778 1269 988 1322 gaudium
1009 1271 1156 1308 consul
1174 1271 1309 1308 sensit.
1366 1275 1552 1320 putamus
1573 1276 1708 1308 tamen

241 1330 488 1382 Bryennium
508 1341 554 1366 ea
578 1341 678 1380 quae
703 1327 753 1366 de
769 1328 957 1367 Africano
984 1328 1137 1366 minore
1165 1326 1299 1365 adhuc
1328 1325 1620 1366 adolescentulo
1642 1326 1710 1366 hic·

241 1387 397 1437 innuit,
439 1387 570 1439 potius
594 1385 770 1424 hausisse
796 1398 817 1423 e
835 1385 999 1437 Polybio
1012 1414 1023 1434 ‚
1063 1384 1175 1423 cuius
1195 1383 1402 1422 historiam
1420 1383 1613 1435 integrm
1627 1377 1710 1425 ha-

239 1444 394 1494 buerit,
425 1456 525 1494 quae
540 1443 680 1482 mutila
699 1442 752 1480 ad
771 1456 844 1481 nos
862 1442 1058 1494 pervenit.
1117 1454 1208 1480 cum
1225 1440 1330 1479 enim
1350 1453 1396 1478 ea
1415 1441 1634 1492 pertineret
1655 1440 1710 1479 ad

240 1501 360 1540 finem
376 1500 507 1539 ultimi
525 1500 618 1539 belli
636 1499 901 1549 Macedonici,
930 1512 1010 1551 quo
1031 1499 1196 1538 Perseus
1215 1498 1264 1536 ab
1289 1497 1454 1536 Aemilio
1474 1503 1614 1550 captus
1634 1503 1707 1547 est,

238 1570 397 1609 quoque
413 1556 623 1595 Africanus
642 1556 775 1594 iunior
793 1556 922 1608 prima
940 1555 1169 1595 rudimenta
1187 1554 1349 1592 militiae
1371 1554 1516 1605 posuit,
1536 1567 1708 1606 pronum

237 1614 435 1653 arbitratu.
468 1619 527 1652 est
552 1613 761 1664 Polybium
787 1626 985 1651 summum
1018 1613 1101 1651 eius
1131 1611 1381 1663 imperatoris
1411 1610 1708 1660 admiratorem,
1749 1626 1754 1631 ’

237 1677 279 1710 et
305 1670 492 1709 intimum
518 1670 710 1719 amicum,
761 1669 890 1721 prima
929 1669 1012 1707 eius
1052 1668 1238 1708 iuvenilia
1274 1667 1452 1706 facinora
1485 1667 1709 1707 distinctius

235 1741 356 1780 quam
372 1727 529 1766 Livium
555 1727 598 1766 in
624 1726 799 1779 generali
815 1727 1087 1765 Romanarum
1115 1725 1293 1764 omnium
1312 1737 1449 1763 rerum
1478 1725 1709 1764 narratione

237 1785 463 1824 celebrasse.

94 1890 123 1927 P
149 1889 214 1926 115
350 1901 391 1941 p.
409 1872 467 1930 63-
487 1900 529 1927 v.
549 1890 589 1929 7.
645 1891 732 1925 erat
750 1881 943 1940 ἐγεγόνει,
974 1897 1047 1923 nos
1062 1897 1145 1924 non
1162 1883 1389 1923 dubitamus
1410 1883 1507 1935 quin
1528 1880 1710 1940 ἐγεγώνει

236 1944 459 1998 Bryennius
488 1943 702 1995 scripserit.
758 1955 851 1993 ergo
881 1942 937 1980 sic
965 1941 1185 1980 emendavi.
1242 1941 1568 1986 vociferationem
1603 1940 1708 1981 enim

239 2015 304 2043 res
324 2001 455 2054 exigit,
485 2007 526 2039 et
545 2000 623 2039 loci
643 2000 842 2038 sententia
859 1999 904 2037 in
920 1998 1051 2037 subita
1071 1998 1334 2037 admiratione
1355 1997 1539 2036 Doceani.

352 2116 392 2155 p.
423 2105 478 2146 99
509 2115 550 2142 v.
576 2100 616 2144 4.
687 2104 995 2150 Kmvowvvtvog
1023 2098 1046 2143 ὁ
1073 2098 1292 2154 Διογένους
1338 2106 1415 2141 etc.
1454 2099 1564 2139 hunc
1591 2098 1706 2139 Anna

241 2159 306 2201 lib.
324 2160 366 2199 X
386 2158 563 2198 Alexiad.
587 2172 675 2212 pag.
694 2162 777 2202 271
800 2158 990 2197 memoria
1011 2158 1120 2211 lapsa
1136 2158 1306 2197 Leonem
1322 2162 1457 2198 vocat.

358 2275 399 2314 p.
419 2264 499 2305 126
534 2274 576 2301 v.
609 2263 646 2301 1.
705 2260 791 2301 ἐπεὶ
819 2259 890 2302 καὶ
919 2258 1291 2313 δολοκρατονμὲνην
1319 2255 1426 2312 ἑώρα
1453 2255 1598 2300 τούτου
1630 2254 1706 2310 τὴν

243 2317 442 2369 ἐξουσίαν.
499 2317 681 2369 queritur
710 2323 750 2355 et
770 2317 992 2369 Bryennius
1020 2322 1060 2354 et
1079 2318 1193 2356 Anna
1223 2317 1288 2355 lib.
1314 2316 1333 2355 I
1366 2313 1564 2355 Alexiadis
1581 2314 1706 2353 Bota-

242 2377 392 2415 niatem
409 2375 571 2414 consilio
592 2374 765 2413 duorum
785 2387 992 2414 servorum
1007 2373 1129 2413 Borili
1150 2379 1188 2412 et
1207 2373 1392 2412 Germani
1413 2371 1619 2412 Comnenis
1640 2371 1706 2410 in-

241 2434 443 2472 sensorum
462 2437 606 2471 cuncta
628 2431 930 2470 administrasse.
985 2431 1106 2482 igitur
1138 2430 1205 2469 hic
1227 2430 1445 2482 Bryennius
1472 2441 1554 2467 non
1586 2429 1705 2470 δολο-

241 2488 535 2543 κρατουμὲνην,
565 2495 615 2527 ut
639 2501 846 2542 perperam
868 2487 1053 2527 librarius
1077 2488 1120 2526 in
1139 2487 1219 2527 MS.
1245 2488 1378 2526 codice
1396 2491 1605 2540 posuerat,
1633 2484 1704 2523 sed

241 2551 291 2585 ut
308 2560 382 2585 nos
406 2545 722 2596 emendavimus,
752 2544 1148 2599 δουλοκρατουμένην
1171 2544 1382 2597 scripserit.

96 2660 126 2696 P
156 2661 224 2698 116
355 2662 397 2701 p.
421 2648 500 2690 135
519 2662 559 2688 v·
586 2652 653 2691 13.
710 2644 945 2697 Κυδόκτου,
975 2648 1083 2700 quod
1100 2648 1141 2686 in
1158 2647 1240 2688 MS.
1260 2645 1497 2685 auctoritate
1514 2642 1704 2684 concordi

241 2703 379 2744 Annae
408 2705 650 2755 comnenae,
690 2706 973 2758 Curopalatae‚
1014 2705 1182 2745 Cedreni
1216 2709 1255 2743 et
1283 2704 1460 2743 Zonarae
1486 2715 1571 2742 rem
1598 2701 1703 2740 hanc

241 2763 366 2815 ipsam
383 2762 632 2802 narrantium
652 2761 696 2800 in
715 2758 928 2815 Κηδόκτου
948 2762 1201 2804 mutavimus.
