1878 3262
559 187 1113 257 COMMENTAmoRmr
1136 214 1184 256 L.
1209 212 1243 256 1.
1434 183 1435 186 ¹
1570 215 1634 259 53

167 331 240 381 τῆς
286 327 434 380 σκηνῆς
484 325 701 383 προκύψας
736 324 845 383 ἑώρα
884 330 1053 383 πρᾶγμα
1089 327 1242 382 πολλὴν
1278 325 1390 386 αὐτῷ
1425 328 1634 382 θυμηδίαν

166 395 362 451 παρέχον,
395 394 465 437 τὸν
484 394 790 452 Χουτατούριον
814 395 916 451 πρὸς
942 394 1065 436 αὐτὸν
1091 394 1285 451 ἀγόμενον
1306 396 1482 450 δέσμιον.
1518 390 1635 446 οὗτος

166 463 244 520 γὰρ
275 464 316 504 ἐν
346 467 404 519 τῷ
428 462 586 520 φεύγειν
611 469 685 508 τοῦ
710 465 836 505 ’ίππου
860 463 1179 518 διωλισθηκότος
1191 497 1204 516 ‚
1241 463 1297 515 ὦς
1318 464 1445 520 ἔλεγε,
1480 463 1635 519 λόχμην

165 549 208 573 τε.
240 532 369 574 εἴσέδυ
402 532 491 573 τινὰ
514 535 581 574 καὶ
607 530 822 574 λανθάνειν
845 531 1045 573 ἔσπευδεν.
1116 531 1170 582 ὡς
1192 533 1234 574 δ’
1262 531 1340 574 ὕπὸ
1361 537 1442 575 τῶν
1463 532 1630 574 διωκόν-
1654 543 1684 578 Β

132 607 247 642 ὅτων
267 600 505 657 καταφανὴς
528 602 659 657 γε’γονε
683 603 751 643 καὶ
774 602 1026 656 συλληφθεὶς
1049 598 1208 653 Ξζιιελλεν
1231 601 1514 658 ἀναιρεῖσθαι,
1552 603 1634 643 ἔλι-

164 666 284 725 πάρει
309 668 379 710 τὸν
400 668 671 726 ζωγρήσαντα.
699 667 755 719 ὡς
780 669 823 711 δὲ
847 667 1074 725 δακρύοντα
1100 663 1218 719 οὗτος
1238 670 1308 712 τὸν
1334 670 1463 726 ἄνδρα
1486 670 1635 712 τεθέα-

165 754 255 788 ται,
290 737 363 792 τὴν
387 738 544 792 ἐσθῆτα
567 737 873 791 ἀποδυσάμενος
895 739 962 779 καὶ
983 737 1134 793 γυμνὸν
1156 739 1219 779 ε’πὶ
1242 738 1314 792 τὴν
1335 737 1490 793 λόχμην
1517 739 1635 795 ἀφεὶς

166 803 298 861 ἀπῄει.
368 803 451 847 εἶτα
490 806 540 860 δὴ
577 806 699 856 ἄλλος
732 806 854 848 αὐτὸν
883 806 1034 862 γυμνὸν
1066 806 1241 848 κατιδών
1272 805 1351 848 ὗπό
1383 807 1457 860 τὴν
1478 806 1633 861 λόχμην

165 871 438 929 κρυπτόμενον
465 872 650 931 ὥρμησεν
677 875 880 932 ἀναιρεῖν,
928 872 950 917 ὃ
990 875 1034 916 δὲ
1066 874 1177 925 ὅστις
1215 875 1274 929 εἴη
1310 875 1527 932 ἐφθέγγετο
1566 877 1634 916 καὶ

112 950 156 985 10
166 941 268 998 πρὸς
291 941 360 983 τὸν
383 943 606 999 στρατηγὸν
632 945 867 998 ἀπαχθῆναι
891 941 1120 1000 παρεκάλει.
1164 944 1344 993 κάκεῖνος
1367 944 1521 997 ταχέως
1538 947 1633 985 τοῦ-

164 1027 236 1052 τον
272 1011 335 1051 ἐπὶ
371 1015 445 1052 τοῦ
474 1013 601 1053 ἵππου
633 1015 723 1062 θεὶς
755 1012 857 1069 πρὸς
886 1012 956 1054 τὸν
983 1010 1236 1069 Ἀνδρόνικον
1273 1010 1519 1065 ἄπεκόμιζεν.
1589 1010 1635 1052 ὃν

166 1080 313 1128 ἐκεῖνος
334 1080 377 1120 ἐκ
397 1084 470 1134 τῆς
491 1086 639 1136 σκηνῆς
661 1081 758 1123 ι’διὺν
780 1080 930 1136 γυμνὸν
950 1079 1195 1136 ἐπαγόμενον
1212 1079 1316 1137 ἐξῄει
1332 1097 1374 1122 τε
1394 1085 1466 1134 τῆς
1487 1084 1636 1133 σκηνῆς

167 1149 234 1188 καὶ
251 1149 348 1204 ἵλεῳ
370 1152 428 1204 τῷ
450 1147 602 1202 ὄμματι
627 1154 771 1192 τοῦτον
791 1150 1132 1203 καθτπεβλέπετο.
1186 1149 1444 1205 παριστείλας
1471 1143 1541 1189 οὗν
1563 1148 1637 1202 τὴν

166 1215 293 1257 αὐτοῦ
312 1214 514 1271 γύμνωσιν
538 1222 732 1274 περιβολῇ
750 1222 963 1274 στρατηγῷ
979 1216 1185 1274 πρεπούσῃ
1208 1219 1373 1274 γενναίῳ
1401 1217 1443 1258 ἓν
1468 1216 1632 1273 ἀδέσμῳ
1656 1222 1688 1258 C
1739 1232 1742 1236 '

111 1283 295 1340 15ἒτήρει
326 1288 501 1341 φυλακῇ.
573 1287 768 1341 ἀγασθεὶς
802 1287 845 1331 δὲ
881 1284 902 1327 ὃ
936 1285 1245 1343 Χουτατούριος
1281 1290 1354 1340 τῆς
1390 1286 1480 1341 περὶ
1513 1285 1637 1327 αὐτὸν

167 1351 472 1410 φιλοφροσύνης
503 1360 577 1396 τοῦ
602 1356 882 1411 Ἀνδρονίκου,
918 1356 1037 1396 λίθον
1065 1354 1154 1397 τινὰ
1183 1359 1264 1396 τῶν
1297 1354 1528 1407 πολυτίμων
1559 1351 1634 1394 ὕπ’

167 1421 296 1464 αὐτοῦ
326 1423 524 1478 κρυβεῖντα
554 1426 642 1480 περὶ
679 1423 751 1478 τὴν
783 1422 938 1477 λόχμην
963 1424 1004 1464 ἓν
1024 1417 1051 1479 ᾖ
1074 1421 1180 1465 ἑάλω
1204 1423 1316 1479 αὐτῷ
1336 1429 1533 1478 φανεροΐ,
1569 1422 1637 1463 καὶ

165 1490 325 1543 πέμψαι
360 1489 431 1539 ξὺν
461 1492 572 1548 αὐτῷ
593 1492 704 1542 ἀξιοῖ
719 1492 814 1541 τοὺς
835 1492 1164 1544 ἀποκομίζοντας.
1233 1493 1301 1532 καὶ
1325 1490 1376 1544 δὴ
1400 1492 1637 1543 πέμπονται,

167 1559 234 1599 καὶ
266 1559 472 1611 κομίζουσι
502 1561 643 1614 θέαμα
669 1567 753 1610 τοῖς
783 1558 930 1616 ὁρῶσιν
964 1562 1086 1602 ἰδεῖν.
1121 1559 1283 1615 μεγέθει
1315 1558 1393 1614 γὰρ
1417 1553 1466 1613 ἦν
1494 1558 1637 1611 σχεδὸν

110 1625 266 1683 Ξοῦπὲρ
307 1625 488 1677 ἅπαντας
522 1631 692 1680 λίθους,
743 1627 994 1685 λαμπρότητι
1030 1629 1074 1670 δὲ
1108 1628 1204 1677 τοὺς
1244 1629 1419 1682 διαυγεῖς
1456 1626 1638 1676 ἅπαντας
1679 1650 1681 1652 ·

166 1693 454 1751 ὖπερέλαμπεν.
499 1697 544 1739 ὃν
566 1695 853 1755 ὃἈνδρόνικος
873 1701 924 1754 τῇ
943 1698 1124 1751 βασιλίδι
1146 1698 1300 1758 Μαρία
1323 1697 1454 1752 δῶρον
1479 1693 1636 1752 προσῆν

166 1781 298 1819 νεγκεν
316 1763 497 1822 ὕστερον.

261 1885 294 1918 9.
318 1881 591 1928 κρυπτόμενον]
614 1885 660 1918 V.
683 1882 948 1927 κρυπτόμενος.
1067 1885 1121 1919 12.
1146 1879 1398 1926 ἐπαγόμενον]
1422 1881 1468 1915 V.
1491 1878 1635 1923 ἅπαγό·

260 1941 406 2011 igsvgzb
406 1987 470 2020 μα.
482 1932 535 1965 18.
557 1927 863 1975 ἄποκομίζοντας]
888 1931 984 1965 Fort.
1007 1927 1317 1973 ἄποκομίσοντας.
1412 1928 1466 1962 19.
1490 1925 1637 1970 θέαμα]

169 2079 347 2126 proferens
369 2079 426 2113 ille
447 2090 466 2112 e
488 2077 706 2112 tabernaculo
722 2079 826 2123 caput
840 2076 1032 2123 spectaculo
1048 2076 1199 2122 pascitur
1211 2076 1472 2120 iucundissimo,
1503 2074 1637 2109 chuta-.

168 2125 292 2160 tarium
318 2125 363 2158 ad
385 2137 422 2158 se
446 2124 595 2158 vinctum
615 2124 692 2158 duci
708 2134 859 2159 cernens.
905 2123 959 2157 hic
975 2123 1077 2166 enim,
1109 2128 1150 2157 ut
1166 2122 1240 2167 ipse
1255 2123 1447 2162 referebat,
1479 2132 1567 2165 equo
1582 2120 1635 2153 in-

168 2176 222 2205 ter
239 2171 436 2215 fugiendum
450 2171 609 2215 prolapso
626 2170 745 2203 silvam
760 2171 932 2214 ingressus
947 2169 1080 2202 densam
1096 2168 1294 2202 delitescere
1309 2168 1343 2201 in
1358 2180 1400 2201 ea
1415 2167 1525 2201 voluit
1535 2192 1546 2207 ‚
1576 2166 1637 2199 sed

169 2217 323 2251 detectus
340 2229 360 2251 a
375 2217 653 2262 persequentibus
669 2212 710 2249 et:⁴
718 2216 977 2260 comprehensus
991 2214 1095 2248 vitam
1111 2214 1154 2248 ab
1169 2213 1326 2247 occidere
1348 2219 1467 2258 parato
1490 2211 1636 2246 lacrimis

169 2262 385 2308 impetravit,
417 2269 536 2307 erepta
559 2262 736 2296 dumtaxat
750 2266 860 2295 veste.
905 2260 983 2294 hinc
999 2260 1122 2293 nudum
1138 2271 1175 2293 sc
1190 2260 1310 2293 iterum
1326 2259 1423 2293 abdit
1438 2259 1471 2292 in
1488 2257 1608 2292 saltum
1624 2270 1633 2290 ε

170 2320 288 2342 verum
313 2309 356 2342 ab
381 2308 448 2342 alio
470 2308 564 2342 visus
591 2314 625 2341 et
650 2308 741 2341 ferro
759 2307 884 2352 petitus
900 2318 1014 2340 necem
1031 2305 1243 2351 professione
1260 2304 1400 2340 nominis
1416 2308 1636 2338 antevertens

171 2354 248 2388 duci
262 2355 307 2388 ad
323 2355 489 2388 exercitus
503 2355 738 2399 imperatorem
754 2353 850 2398 petiit
862 2352 1101 2397 impositusque
1117 2351 1292 2384 confestim
1309 2350 1342 2383 in
1361 2362 1481 2395 equum
1497 2350 1547 2382 sic
1562 2350 1635 2382 An—

173 2400 312 2434 dronico
327 2400 510 2434 sistebatur
523 2426 532 2439 ,
563 2411 660 2444 quem
684 2399 740 2432 ille
763 2398 838 2432 duci
862 2398 905 2432 ad
927 2410 964 2431 se
980 2397 1103 2432 nudum
1119 2409 1139 2430 e
1154 2396 1374 2431 tabernaculo
1391 2407 1464 2429 cum
1480 2394 1635 2435 vidisset,

172 2447 265 2480 foras
280 2446 312 2480 ei
327 2446 460 2480 obviam
477 2446 605 2490 prodiit
620 2445 829 2489 benignoque
843 2443 966 2478 intuitu
979 2443 1170 2479 consolatus
1184 2447 1390 2475 moerentem
1403 2440 1547 2477 nuditati
1563 2439 1637 2473 eius

172 2491 360 2537 honorique
383 2492 566 2534 consuluit,
596 2491 683 2525 datis
712 2491 743 2524 ei
765 2489 918 2524 vestibus
941 2489 1035 2523 ducis
1058 2488 1210 2534 primarii
1234 2498 1411 2532 personam
1425 2485 1636 2527 decentibus,

174 2542 277 2582 atque
292 2538 371 2571 inde
385 2538 529 2571 vinculis
545 2538 688 2572 solutum
702 2537 735 2570 in
751 2537 858 2570 libera
876 2535 1030 2569 custodia
1044 2546 1158 2568 secum
1174 2532 1309 2576 habuit3
1328 2543 1428 2578 quam
1443 2532 1500 2566 ille
1515 2532 1635 2565 huma-

172 2583 313 2617 nitatem
335 2583 515 2618 admiratus
530 2583 736 2618 remunerari
751 2582 890 2626 egregia
902 2592 1030 2624 gemma
1045 2580 1173 2614 statuit.
1220 2579 1334 2623 itaque
1348 2577 1542 2615 Andronico
1560 2587 1635 2610 cum

175 2628 318 2662 dixisset
336 2629 439 2663 fuisse
465 2629 530 2663 sibi
541 2657 551 2673 ‚
583 2629 718 2674 quando
745 2633 821 2661 erat
835 2632 953 2671 captus
963 2652 974 2668 ,
1004 2626 1152 2671 lapillum
1172 2624 1282 2659 eximii
1294 2623 1423 2678 pretii,
1455 2624 1554 2668 quem
1568 2621 1636 2667 ipsi

175 2674 301 2707 offerre
316 2680 455 2719 cuperet
465 2701 476 2718 ,
506 2676 724 2710 abscondisse
737 2679 848 2708 autem
863 2673 956 2706 illum
971 2678 1066 2706 certo
1081 2672 1155 2706 loco
1171 2671 1204 2704 iu
1221 2682 1263 2704 ea
1276 2671 1363 2704 sllva
1373 2696 1384 2713 ‚
1408 2669 1443 2704 in
1468 2680 1536 2714 qua
1560 2672 1636 2702 erat

176 2721 434 2764 comprehensus
446 2747 456 2760 ,
488 2733 528 2755 eo
554 2722 679 2755 remitti
705 2732 778 2754 cum
805 2719 999 2753 custodibus
1022 2717 1122 2763 petiit
1141 2717 1324 2750 relaturum
1350 2727 1525 2760 gemmam.
1573 2725 1635 2747 an-

176 2771 302 2800 nuente
316 2765 503 2800 Andronico
527 2767 625 2801 brevi
648 2766 829 2802 mirabilem
852 2765 931 2799 visu
945 2763 1135 2810 reportavit
1149 2762 1295 2808 lapidem
1310 2766 1525 2806 superantem
1540 2771 1635 2804 gem-

177 2822 246 2845 mas
261 2823 375 2846 omues
389 2812 635 2856 magnitudine,
663 2811 848 2858 splendoris
861 2816 971 2845 autem
986 2809 1121 2846 maioris
1131 2835 1141 2850 ‚
1172 2820 1272 2853 quam
1287 2807 1334 2842 sit
1348 2807 1433 2843 ullus
1447 2805 1635 2854 pellucidus

177 2857 262 2904 lapis
273 2883 287 2902 ,
310 2869 408 2903 quem
421 2862 542 2903 postea
555 2860 642 2894 dono
658 2858 755 2894 dedit
769 2857 979 2894 Andronicus
991 2853 1198 2903 imperatrici
1211 2853 1356 2890 Mariae.
