1878 3262
628 173 1020 220 HISTORIARUM
1052 175 1101 219 L.
1130 177 1188 220 V.
1540 178 1640 225 227

173 305 311 344 μηται.
376 287 569 342 βασιλεὺς
604 288 649 332 δὲ
672 287 723 344 ἢν
755 290 799 332 ἐκ
822 294 896 332 τοῦ
921 290 1093 347 Σιρμίου
1121 289 1358 349 Προκοπίου
1382 294 1458 335 ‘tob'
1477 289 1637 351 μάρτυ-

173 371 245 413 ρος
271 354 506 411 ἀνελόμενος
530 356 642 412 ἔτυχε
663 364 782 416 χεῖρα
807 359 869 400 ἐπὶ
894 357 964 400 τὸν
988 359 1029 400 ἓν
1054 362 1202 418 Ναὶσῷ
1224 360 1324 403 νεὼν
1345 357 1454 416 ἄγων
1478 366 1536 420 τῷ
1547 365 1635 405 λοι-

171 429 237 482 πῷ
271 423 421 480 ταύτην
456 426 635 468 ἀπέδωκε
669 425 826 481 σώματι
834 458 849 478 ,
894 423 1072 468 παλαιοῦ
1107 432 1182 470 τοῦ
1211 427 1362 485 χρόνον
1397 428 1473 471 ἀπ’
1502 431 1636 481 αῗτίας

171 490 466 550 ἀπορραγεῖσαν
486 497 661 537 τοιᾶσδε.
728 493 774 537 τὸ
798 499 879 537 τῶν
905 493 1069 537 Οῧννων
1088 493 1209 547 ἔθνος
1231 497 1362 539 πολλὰ
1383 497 1458 551 μὲι
1477 497 1630 541 πολλά·
1651 505 1685 541 D

139 570 235 612 5κις
259 562 332 617 τὴν
351 560 561 616 Ῥωμαίων
586 564 808 623 κατέδραμε
833 566 930 618 γῆν,
958 562 1078 621 ὀλίγῳ
1105 565 1148 606 δὲ
1174 564 1405 622 ἔμπροσθεν
1429 570 1503 621 τῆς
1519 566 1633 610 Ἀλε-

170 631 255 680 ξίου
293 634 367 672 τοῦ
400 633 619 686 Κομνηνοῦ
652 632 861 686 βασιλείας
894 628 1064 688 Σίρμιόν
1096 649 1139 674 τε
1176 630 1254 675 εἷλε
1281 636 1348 675 καὶ
1373 634 1528 686 πολλὰς
1551 640 1632 678 τῶν

167 698 434 756 Παριστρίων
459 697 856 757 ἀνδραποδισάμενος
879 697 1033 742 πόλεων
1059 698 1154 757 ἄχρι
1191 702 1258 743 καὶ
1284 701 1347 742 ἐπὶ
1373 702 1532 745 Ναῒσόν
1555 699 1633 759 ἦλ-

166 770 257 809 θεν.
325 766 429 810 ἔνθα
462 771 514 824 τῇ
551 772 625 810 τοῦ
658 767 867 825 μάρτυρος
891 769 1008 811 τοῦδε
1036 768 1125 828 ἱερᾷ
1149 768 1496 826 περιτετυχηκότες
1521 776 1633 831 σορῷ

167 833 262 877 ὅλον
298 836 372 889 μὲν
405 836 673 892 ἀφαιρεῖσθαι
711 836 757 879 τὸ
795 839 915 891 σῶμα
947 838 1174 894 κεκρίκασιν
1199 835 1311 891 οἶμαι
1338 836 1629 895 ἀπάνθρωπον,

114 912 159 946 10
169 900 241 958 τήν
264 919 307 959 γε
332 903 414 958 μὴν
433 911 552 961 χεῖρα
579 903 796 959 διελόμενοι
822 903 1114 963 ἀπεχώρησαν·
1169 906 1212 948 ἓν
1245 906 1403 964 Σιρμίῳ
1437 907 1482 949 δὲ
1512 924 1629 963 γεγο-

164 970 277 1022 νότες
301 973 365 1013 ἐπὶ
401 972 472 1014 τὸν
510 975 603 1029 τῇδε
636 977 710 1016 τοῦ
742 971 951 1030 μάρτυρος
986 974 1224 1031 Δημητρίου
1261 974 1478 1017 κατέθεντο
1513 974 1628 1029 νειόν,

165 1039 210 1082 ὃν
235 1041 277 1082 ἓν
301 1047 387 1091 τοῖς
413 1038 496 1082 ἄνω
524 1040 687 1099 χρόνοις
722 1040 744 1083 ὃ
782 1039 855 1097 τὴν
889 1046 962 1084 τοῦ
981 1043 1204 1099 Ἰλλυρικοῦ
1230 1043 1375 1085 διέπων
1400 1042 1628 1098 ἔδομήσατο

166 1107 308 1166 ἀρχήν.
376 1108 478 1151 ἔνθα
503 1108 653 1166 ταύτην
678 1108 804 1167 εὗριὺν
828 1110 1021 1163 βασιλεὺς
1046 1111 1216 1165 ἀνέλαβέ
1233 1129 1274 1153 τε
1299 1112 1453 1154 ἐκεῖθεν
1471 1115 1541 1154 καὶ
1566 1118 1625 1173 τῷ
1647 1117 1677 1153 Ρ
1702 1120 1770 1157 132

165 1181 315 1235 λοιπῷ,
349 1175 536 1235 καθάπερ
562 1179 737 1236 εἴρηται,
773 1179 908 1236 σε’ρων
933 1179 1111 1222 ἀπέδωκε
1139 1178 1310 1233 σώματι.

111 1253 154 1289 15
302 1245 347 1291 9.
418 1247 502 1288 Καὶ
537 1247 588 1289 τὰ
620 1249 694 1301 μὲν
720 1250 775 1297 εἷς
800 1249 920 1289 ε’κεῖνο
957 1248 1003 1290 τὸ
1029 1247 1117 1298 ἔτος
1141 1248 1245 1290 κατὰ
1274 1246 1439 1290 Οἷῖνιίον
1463 1252 1522 1307 τῷ
1545 1254 1626 1303 βα-

163 1317 271 1356 σιλεῖ
290 1315 547 1370 πεπραγμένα
581 1315 716 1358 τοιάδε
742 1315 830 1357 τινὰ
863 1310 980 1370 ἦσαν.
1048 1314 1070 1358 ὃ
1099 1317 1142 1358 δὲ
1161 1316 1334 1366 Ἀλέξιον
1359 1314 1428 1358 τὸν
1453 1322 1527 1359 τοῦ
1552 1320 1624 1360 δο-

161 1384 350 1436 μεστίκου
377 1383 488 1434 υἱέα,
522 1382 567 1434 ὃς
591 1384 663 1439 τὴν
687 1385 1034 1441 πρωτονοταρίου,
1081 1384 1214 1442 ὥσπερ
1240 1401 1311 1438 μοι
1337 1384 1531 1436 πολλάκις
1557 1388 1626 1443 ε’ρ-

140 1452 289 1507 ‘pe-971,
320 1453 465 1493 διεῖπεν
491 1451 641 1509 ἀρχήν,
677 1453 751 1495 σὺν
778 1453 870 1511 ἀξία
896 1451 1018 1508 λόγου
1053 1457 1290 1510 παρασκευῇ
1315 1454 1377 1494 ἐπὶ
1403 1454 1476 1508 τὴν
1501 1456 1622 1496 Κιλί-

163 1536 244 1560 κων
269 1520 513 1569 ἐξαπέστειλε
538 1526 632 1577 γῆν,
668 1521 891 1578 στρατηγὸν
917 1520 1196 1578 αὐτοκράτορα
1216 1524 1290 1563 τοῦ
1310 1522 1486 1575 πολέμου
1507 1525 1625 1566 τοῦδε
1680 1575 1683 1577 -

107 1586 525 1643 Ξοκαταστησάμενος.
591 1591 802 1646 Νουραδίν
835 1607 876 1631 τε
912 1588 989 1646 γὰρ
1017 1588 1037 1631 ὃ
1065 1593 1303 1646 Βερροιαῖος
1329 1588 1539 1647 σατράπης
1562 1593 1625 1633 νί-

162 1674 253 1706 καις
276 1663 365 1706 ταΐς
389 1656 692 1713 προλαβοῦσαις
730 1658 922 1715 ἐπαρθεὶς
947 1659 1100 1700 ἐλπίσιν
1126 1659 1265 1712 ὠχεῖτο
1292 1657 1446 1709 πόλεως
1471 1660 1543 1701 οὐκ
1569 1662 1626 1709 εἷς

161 1724 324 1780 μακρὰν
349 1726 634 1782 περιγεγονέναι
653 1727 905 1780 Ἀντιοχείας,
941 1728 1006 1768 καὶ
1036 1725 1212 1783 Ίέρόζης
1236 1726 1280 1776 ὃς
1298 1726 1515 1783 Ἀρμενίων
1528 1729 1619 1769 ἔδυ-

163 1791 327 1834 νάστευε
363 1790 451 1834 τότε
487 1794 639 1844 πολλὰς
673 1799 753 1836 τῶν
787 1799 953 1848 βασιλεῖ
981 1794 1188 1850 κατηκόων
1222 1794 1357 1844 πόλεις
1394 1796 1624 1851 Ἰσαυρικάς

162 1859 269 1918 δόλῳ
294 1859 449 1918 ἥρπασε
461 1893 475 1912 ,
522 1867 580 1920 τῷ
618 1864 816 1920 Φερβηνῷ
851 1865 1123 1917 δυσμεναίνων
1149 1863 1388 1919 Ἀνδρονίκῳ
1414 1867 1473 1920 τῷ
1496 1868 1619 1917 βασι-
1643 1871 1674 1906 Β

252 1982 307 2019 23.
331 1982 408 2016 τῶν
430 1981 593 2028 βασιλεῖ]
615 1981 671 2016 Ita
699 1981 841 2025 Heyse.'
861 1980 950 2016 cod.
971 1980 1024 2028 τῷ
1049 1980 1201 2026 βασιλεῖ.

159 2084 319 2130 martyris
334 2095 482 2126 manum,
513 2093 614 2128 quam
630 2094 674 2117 ex
689 2082 813 2118 Sirmio
839 2083 931 2117 forte
954 2083 1142 2118 abstulerat
1154 2110 1165 2126 ,
1187 2083 1221 2118 in
1237 2082 1336 2118 Naisi
1351 2085 1508 2131 templum
1525 2085 1622 2120 adla-

158 2137 228 2166 tam
244 2157 255 2175 ‚
280 2131 409 2175 reliquo
424 2129 571 2164 reddidit
587 2129 720 2174 corpori
731 2155 741 2170 ,
765 2141 838 2163 cum
855 2141 896 2163 ea
907 2157 918 2173 ,
942 2141 1041 2174 quam
1064 2130 1215 2164 dicturus
1230 2141 1300 2164 sum
1312 2156 1322 2172 ,
1343 2131 1387 2164 de
1402 2142 1504 2165 causa
1519 2133 1562 2166 ab
1580 2143 1621 2167 eo

162 2178 241 2212 olim
267 2177 390 2211 fuisset
415 2176 545 2209 avulsa.
592 2176 830 2218 Hungarorum
853 2186 938 2218 gens
961 2186 1066 2221 saepe
1082 2176 1308 2209 Romanorum
1323 2176 1409 2210 fines
1423 2177 1621 2221 incursavig

162 2228 198 2257 et
216 2223 314 2268 paulo
335 2227 416 2256 ante
441 2232 540 2267 quam
564 2221 746 2266 imperaret
766 2221 904 2254 Alexius
926 2221 1132 2266 Comnenus,
1161 2222 1318 2255 Sirmium
1333 2222 1425 2266 cepit
1439 2223 1622 2268 multisque

161 2268 421 2303 Transistrianis
446 2267 585 2301 urbibus
611 2266 811 2311 expugnatis
832 2267 972 2300 Naisum
996 2277 1101 2312 usque
1122 2267 1289 2312 pervenit.
1334 2267 1382 2302 ibi
1407 2268 1442 2301 in
1465 2274 1620 2303 sanctum

160 2314 248 2348 illius
271 2313 432 2358 martyris
455 2313 641 2347 incidentes
656 2314 836 2357 feretrum,
865 2317 971 2346 totum
987 2313 1117 2357 quidem
1132 2313 1211 2347 inde
1233 2324 1356 2358 corpus
1370 2314 1506 2348 auferre
1519 2315 1621 2348 inhu-

160 2370 312 2403 manum,
338 2366 376 2393 ut
391 2359 558 2401 arbitror,
584 2358 825 2402 existimantes,
850 2359 922 2392 sola
947 2370 1044 2392 manu
1061 2359 1174 2393 ablata
1194 2370 1387 2393 recessere:
1412 2365 1448 2393 et
1463 2360 1621 2394 Sirmium

160 2405 314 2448 reversi,
338 2417 409 2439 eam
424 2405 611 2450 deposuere
625 2405 659 2437 in
673 2405 798 2448 templo
815 2404 978 2438 Demetrii
992 2405 1163 2448 martyris,
1187 2405 1277 2450 quod
1294 2405 1422 2448 pridem
1438 2410 1620 2439 exstruxe-

161 2455 217 2484 rat
238 2451 266 2485 is
292 2450 351 2496 qui
370 2451 539 2494 illyricum
563 2452 755 2495 praefectus
779 2451 930 2493 regebat·
979 2462 1050 2484 eam
1069 2451 1171 2495 igitur
1192 2451 1264 2484 illic
1285 2451 1457 2484 inventam
1482 2451 1620 2485 sustulit

162 2495 239 2531 inde
252 2497 437 2542 imperator
453 2501 489 2530 et
503 2497 632 2540 reliquo
645 2522 655 2538 ‚
679 2501 716 2528 ut
731 2496 871 2529 diximus
881 2524 891 2540 ,
914 2496 1061 2530 reddidit
1076 2497 1220 2541 corpori.

250 2543 285 2576 9.
332 2546 444 2586 Atque
459 2543 542 2576 haec
567 2544 640 2575 fere
666 2548 744 2575 sunt
756 2568 763 2580 ,
786 2553 873 2586 quae
900 2553 940 2575 eo
964 2553 1050 2575 anno
1066 2549 1186 2575 contra
1202 2542 1387 2586 Hungaros
1400 2541 1508 2585 gessit
1522 2541 1620 2586 prin-

165 2597 256 2631 ceps.
301 2588 454 2622 Alexium
471 2588 593 2622 deinde
621 2587 793 2621 domestici
818 2587 943 2629 filium,
966 2588 1024 2631 qui
1051 2587 1295 2632 protonotarii,
1328 2592 1367 2621 ut
1383 2587 1514 2632 saepius
1531 2599 1621 2621 ame

163 2634 330 2667 narratum
354 2638 425 2675 est,
448 2644 586 2667 munere
609 2634 831 2677 fungebatur,
854 2643 974 2677 magno
997 2633 1193 2667 instructum
1216 2638 1383 2678 apparatu
1409 2633 1443 2666 in
1470 2633 1622 2667 Ciliciam

163 2677 252 2710 misit
273 2682 308 2711 et
322 2688 481 2712 summum
499 2680 570 2713 eius
596 2680 676 2713 belli
695 2679 812 2712 ducem
838 2678 1023 2712 constituit.
1069 2679 1195 2723 quippe
1210 2679 1407 2712 Nuradinus
1423 2678 1619 2712 Berrhoeae

165 2722 324 2756 Sultanus
340 2725 504 2769 prioribus
521 2726 626 2759 elatus
640 2725 793 2758 victoriis
809 2724 991 2770 potiundae
1006 2735 1101 2769 quam
1115 2725 1254 2770 primum
1271 2723 1417 2758 civitatis
1434 2724 1619 2758 Antioche-

164 2779 228 2801 nae
252 2778 343 2812 spem
361 2777 580 2815 conceperat,
605 2777 640 2805 et
666 2771 843 2812 Torosus,
868 2771 925 2815 qui
951 2775 1020 2804 turn
1043 2770 1206 2804 Armeniis
1230 2770 1435 2816 imperabat,
1460 2769 1619 2815 plurimas

162 2813 314 2848 Isauriae
329 2814 429 2849 urbes
441 2817 583 2863 principi
606 2817 765 2852 obnoxias
781 2817 861 2851 dolo
889 2820 1049 2863 ceperat,
1075 2816 1264 2851 Andronico
1280 2816 1508 2862 Eupherbeuo
1524 2815 1618 2860 prin-
