1878 3262
589 205 1133 250 COMMENTARIORUM
1157 207 1206 251 L.
1225 204 1302 253 111.
1470 247 1474 249 Α
1589 207 1683 253 123

216 323 306 380 περὶ
328 320 397 364 τὸν
415 317 665 378 περιώνυμον
685 325 758 376 τῆς
779 325 853 364 τοῦ
870 325 975 363 θεοῦ
991 320 1186 379 σοφίας.»
1257 321 1327 364 καὶ
1348 320 1388 362 οἱ
1414 320 1490 375 μὲν
1512 318 1682 374 ἑκόντες,

217 391 256 434 οἶ
278 391 321 433 δὲ
340 388 502 440 ἄκοντες
522 390 768 446 συνέτρεχον.

350 457 429 502 20.
490 459 782 515 Ἀγγελθέντων
803 457 847 500 δὲ
863 454 1017 499 τούτων
1037 461 1096 514 τῷ
1115 460 1283 511 βασιλεῖ’
1297 455 1319 499 ὅ
1338 456 1555 512 Κομνηνὸς
1570 456 1682 500 Ἀλέ-
1726 507 1733 512 ἡ

213 530 297 578 ξιος
325 527 592 581 μετεπέμπετο
604 559 618 579 ,
653 529 720 569 καὶ
753 525 774 568 ὃ
800 525 990 580 βασιλεὺς
1020 524 1269 568 ἐπυνθάνετο
1302 524 1451 568 τούτου
1481 524 1504 568 ὅ
1531 543 1570 568 τι
1597 526 1680 582 χρὴ
1703 526 1734 561 Β

164 601 188 637 5
212 594 400 653 πράττειν
433 597 497 637 ἐπὶ
526 603 609 646 τοῖς
638 599 852 650 ξυμβᾶσιν.
917 592 939 637 ὃ
963 595 1008 636 de?
1029 595 1186 649 βουλὴν
1206 597 1337 650 εἰσῆγε
1357 593 1471 648 μάλα
1490 596 1565 648 μὲν
1589 595 1681 651 ἀρί-

211 681 311 720 στην
330 663 444 718 μάλα
465 665 509 707 δὲ
529 662 871 719 λυσιτελεστάτην.
939 662 1062 721 ἔφησε
1085 663 1163 720 γὰρ
1186 661 1243 713 ὥς
1264 668 1337 705 τοῦ
1355 664 1682 720 συναθροισθέν-

210 750 281 783 τος
295 731 480 788 πλήθους
499 733 545 776 τὸ
567 737 753 776 πλεῖστον
778 730 981 786 ἀπόλεμόν
999 733 1044 774 τέ
1064 733 1149 774 ε’στι
1169 734 1239 773 καὶ
1259 730 1491 785 βάναυσον,
1519 734 1586 774 καὶ
1607 733 1681 774 οὐκ

211 801 261 844 ἂν
289 800 504 845 ὗποσταῖεν
541 802 902 856 καθωπλισμένους
945 800 1096 858 ἄνδρας
1130 799 1285 850 ἰδόντες
1315 802 1382 842 καὶ
1417 801 1519 857 πρὸς
1546 799 1685 855 μάχην

210 868 415 924 ἑτοίμους·
454 869 480 886 “
480 871 563 928 χρὴ
587 876 684 927 γοῦν
706 868 1005 927 πελεκηφύρους
1026 871 1360 919 καθοπλίσαντας
1377 871 1579 922 βασιλέων
1600 868 1683 926 φύ-

155 946 200 980 10
209 943 337 989 λακας
367 940 461 981 κατ’
499 941 655 983 ἐκείνων
682 941 913 994 ἐπιπέμπειν
944 938 1018 981 σὺν
1045 938 1303 994 στρατηγῷ.”
1390 935 1412 979 ὃ
1447 939 1490 979 δὲ
1521 943 1683 994 κρατῶν

208 1013 290 1050 τῶν
323 1009 546 1062 λεχθέντων
587 1008 765 1059 ἀκούσας
794 1008 868 1062 τὴν
902 1007 1055 1061 βουλὴν
1090 1007 1362 1063 ἀπεστρέφετο
1377 1037 1393 1056 ,
1441 1007 1517 1048 εἴτε.
1550 1008 1681 1065 δειλίᾳ

209 1079 422 1131 συσχεθεὶς
453 1078 528 1120 εἴτε
562 1078 706 1135 ἀρετῆς
729 1075 936 1133 ὑπερβολῇ
961 1076 1146 1132 ἀνωτέρω
1168 1079 1249 1117 τῶν
1271 1073 1579 1128 ξυμπιπτόντων
1598 1074 1679 1129 ἤδη

207 1144 337 1202 τούτῳ
356 1150 504 1188 παθῶν
526 1145 759 1202 γενόμενος,
791 1145 864 1187 οὐκ
889 1145 1118 1197 ἐπίσταμαι.
1187 1144 1287 1193 τέως
1316 1146 1415 1198 γοῦν
1443 1142 1531 1184 zvar
1547 1160 1678 1186 κατα-

207 1216 327 1256 λῦσαι
357 1216 429 1270 τὴν
462 1214 605 1257 στάσιν
633 1217 700 1257 καὶ
734 1214 983 1267 κατασβέσαι
1013 1213 1059 1254 τὸ
1090 1216 1171 1269 πῦρ
1199 1211 1278 1269 πρὸ
1306 1215 1382 1254 τοῦ
1408 1213 1465 1262 εἷς
1481 1214 1671 1268 μεγίστην
1692 1219 1726 1253 C

154 1289 198 1326 15
209 1281 446 1339 ἀναφθῆναι
468 1282 623 1340 φλόγα,
659 1281 678 1324 ὃ
703 1283 746 1325 δὲ
767 1283 840 1324 οὐκ
861 1282 1072 1336 ἠθέλησεν.

346 1352 425 1395 21.
485 1351 597 1394 Ἀλλ’
631 1349 884 1406 ὃΚομνηνὸς
913 1352 981 1392 καὶ
1012 1345 1137 1400 αὖθις
1167 1347 1388 1406 ἠνάγκαζεν
1422 1347 1547 1391 αὐτὸν
1574 1348 1676 1406 πρὸς
1696 1361 1713 1383 ⁶

206 1417 280 1473 τὴν
311 1423 456 1476 πρᾶξιν
486 1423 554 1462 καὶ
588 1421 786 1470 παντοίως
813 1420 996 1476 ἠρέθιζεν
1005 1451 1019 1470 ,
1054 1419 1129 1469 ἕως
1157 1418 1326 1473 ἀκήκοεν
1347 1417 1674 1472 ἀποσκώψαντος
1693 1417 1728 1452 V
1749 1418 1798 1453 50

206 1487 301 1528 κατ’
329 1489 454 1530 αὐτοῦ
473 1491 530 1539 εἷς
552 1487 754 1544 ὠμότητα.
826 1489 939 1538 τέλος
960 1487 1065 1537 ἔλεξε.
1088 1486 1184 1530 τάδε
1206 1487 1308 1544 πρὸς
1329 1486 1453 1528 αὐτὸν
1471 1485 1492 1528 ὅ
1515 1491 1678 1542 κρατῶν

200 1551 321 1608 “έμοὶ
351 1556 477 1599 πάλαι
511 1557 660 1607 σκοπὸς
691 1552 741 1612 ἦν
761 1557 835 1612 τὴν
858 1557 1068 1610 βασιλείαν
1089 1554 1466 1604 ἀποσκευάσασθαι.
1535 1554 1559 1596 ὃ
1578 1559 1686 1610 γοῦν.

152 1621 310 1668 ΞΟὲκὼν
340 1626 532 1678 ἐμελέτων
561 1627 716 1683 ἐπείπερ
750 1624 777 1681 ἢ
811 1624 980 1682 πρόνοια
1010 1626 1077 1666 καὶ
1109 1624 1276 1674 ἄκοντος
1299 1625 1399 1677 ἐμοῦ
1426 1624 1676 1680 ἐψηφίσατο,
1709 1660 1711 1662 .

209 1691 392 1745 ἀσμένως
412 1697 639 1751 προσιέμαι.
677 1694 727 1737 σὺ
753 1695 821 1746 δέ,
855 1693 904 1748 ἢν
924 1692 1112 1748 βούλοιο,
1146 1693 1216 1736 τὸν
1240 1693 1337 1746 ἐμὸν
1359 1691 1536 1748 ἀδελφὸν
1552 1693 1676 1734 Κων-

208 1768 415 1803 σταντῖνον
435 1765 608 1816 βασιλέα
631 1762 885 1818 κατάστησον
908 1762 996 1805 ἄντ’
1026 1762 1168 1816 anei-,³²
1239 1761 1369 1804 ταῦθ’
1404 1758 1425 1803 ὁ
1454 1761 1528 1814 μὲν
1554 1758 1674 1812 εἶπεν,

298 1877 331 1917 4.
356 1877 517 1926 τούτου]
539 1881 586 1917 V.
609 1878 742 1928 τούτῳ.

206 1980 240 2014 in
259 1981 394 2016 celebre
398 1982 568 2036 templum
585 1984 624 2018 S.
637 1982 800 2028 Sophiae.
845 1982 890 2017 ad
905 1994 1004 2028 quam
1020 1982 1212 2018 citationem
1226 1982 1351 2029 partim
1367 1983 1535 2027 volentes,
1551 1983 1674 2029 partim

206 2027 303 2061 inviti
320 2028 440 2072 passim
458 2040 529 2082 quq
539 2030 753 2063 vocabantur
771 2030 1026 2063 concurrebant.

298 2074 354 2107 20.
401 2074 464 2108 His
479 2074 621 2128 principi
636 2075 797 2109 nuntiatis
813 2074 1005 2109 Comnenus
1019 2075 1159 2109 Alexius
1177 2075 1297 2120 raptim
1313 2075 1518 2117 arcessitur,
1549 2078 1586 2108 et
1607 2074 1674 2110 im-

206 2123 347 2173 perator
375 2131 418 2154 ex
440 2132 480 2153 eo
505 2120 637 2165 quaerit
659 2120 741 2165 quid
765 2132 850 2166 opus
872 2121 967 2154 facto
982 2121 1044 2155 tali
1058 2121 1201 2155 articulo
1217 2132 1341 2155 rerum.
1390 2120 1560 2154 consilium
1574 2121 1672 2155 huius

205 2164 270 2199 suit
293 2165 452 2210 optimum
476 2171 512 2200 et
534 2166 753 2200 utilissimum.
799 2166 885 2200 dixit
899 2167 985 2200 enim
1002 2171 1231 2211 congregatae
1245 2166 1337 2210 apud
1352 2166 1542 2200 coniuratos
1559 2166 1672 2200 multi-

205 2210 333 2244 tudinis
349 2211 544 2256 pleramque
559 2217 691 2256 partem
705 2211 872 2246 imbellem
887 2218 923 2246 et
937 2213 1014 2246 vilis
1029 2212 1231 2246 conditionis
1245 2222 1343 2245 esse·
1375 2223 1481 2256 quare
1496 2212 1590 2257 ipsos
1608 2224 1670 2246 ne-

206 2266 374 2301 quaquam
388 2257 423 2291 in
439 2258 513 2291 loco
530 2258 757 2299 constituros,
786 2257 817 2291 si
830 2263 948 2292 contra
964 2270 1002 2292 se
1017 2259 1192 2291 venientes
1206 2257 1362 2291 viderent
1380 2258 1474 2291 viros
1490 2258 1672 2292 bellicosos

205 2307 301 2334 certo
317 2303 486 2346 pugnandi
503 2304 652 2337 consilio.
699 2307 859 2348 oportere
872 2304 975 2346 igitur
989 2303 1200 2347 securigeros
1215 2303 1373 2336 custodes
1388 2303 1577 2348 principum
1596 2309 1673 2337 sta-

206 2346 291 2380 tim'
281 2358 316 2380 ιιι
331 2359 391 2381 eos
406 2349 584 2382 immittere
598 2350 661 2383 sub
678 2349 789 2394 aliquo
805 2349 892 2382 duce
907 2348 998 2382 forti.
1046 2349 1129 2382 haec
1143 2348 1283 2382 audiens
1298 2349 1482 2393 imperator
1498 2349 1671 2394 improba-

207 2392 276 2434 vit,
306 2403 348 2425 an
362 2393 497 2437 ignavia
513 2401 710 2446 correptus,
742 2403 785 2426 an
809 2393 1006 2428 excellentia
1027 2394 1162 2428 virtutis
1178 2394 1383 2438 superiorem
1399 2394 1532 2427 casibus
1549 2397 1671 2428 huma-

207 2437 260 2471 nis
288 2439 431 2472 animum
454 2450 576 2483 gerens
605 2437 730 2471 nescio.
776 2437 859 2472 illud
880 2445 1012 2473 constat
1036 2440 1168 2484 ipsum,
1201 2451 1276 2472 cum
1292 2439 1462 2483 potuisset
1477 2440 1669 2484 opprimere

206 2482 401 2518 seditionem
417 2489 452 2518 et
467 2485 632 2518 flammam
648 2483 810 2518 orientem
827 2484 1020 2530 priusquam
1035 2485 1069 2518 in
1084 2465 1271 2518 incendium
1288 2484 1465 2523 maximum
1478 2485 1669 2520 invalesce-

206 2533 263 2563 ret
276 2529 515 2574 exstinguere,
543 2529 701 2564 noluisse.

297 2577 356 2610 21.
403 2576 480 2610 Nec
505 2580 616 2610 tamen
632 2575 688 2609 hic
703 2575 850 2610 cessavit
863 2575 1056 2610 Comnenus
1071 2586 1196 2619 urgere
1209 2575 1393 2621 principem
1408 2576 1452 2610 ad
1467 2576 1668 2611 moliendum

207 2618 242 2652 in
257 2631 318 2654 suo
333 2626 426 2655 tanto
443 2621 591 2676 periculo
608 2621 698 2667 quod
715 2621 930 2655 conveniret:
946 2621 1046 2655 finem
1061 2622 1195 2655 tandem
1211 2622 1341 2656 frustra
1355 2622 1556 2656 sollicitandi
1572 2623 1668 2665 fecit,

207 2676 284 2700 cum
298 2665 479 2719 increpitus
493 2667 646 2712 graviter
660 2668 702 2701 ab
718 2679 759 2700 eo
775 2671 829 2701 est
844 2667 940 2711 quasi
955 2667 1103 2701 crudelia
1117 2667 1273 2702 suadens,
1320 2668 1441 2713 quibus
1456 2669 1569 2702 verbis
1585 2669 1669 2701 haec

207 2710 284 2756 ipsa
305 2711 490 2756 imperator
515 2713 680 2748 subiecit·
711 2712 823 2747 “mihi
848 2713 972 2747 dudum
998 2707 1169 2747 decretum
1187 2718 1261 2748 erat
1285 2713 1459 2768 imperium
1486 2714 1668 2766 deponere.

211 2756 304 2810 quod
323 2769 409 2810 ergo
431 2763 555 2804 sponte
580 2759 766 2803 cogitabam
793 2769 866 2792 cum
881 2759 994 2792 divina
1008 2758 1223 2804 providentia
1236 2759 1342 2794 invito
1357 2760 1530 2800 immittat,
1559 2759 1667 2792 libens

209 2802 368 2848 suscipio·
409 2806 448 2836 tu
464 2815 546 2839 vero
563 2805 592 2839 si
608 2804 753 2839 volueris
763 2829 774 2845 ‚
804 2805 946 2839 fratrem
961 2816 1069 2839 meum
1085 2804 1340 2839 Constantinum
1353 2805 1589 2857 imperatorem
1604 2815 1666 2848 pro

210 2859 264 2883 me
279 2848 480 2884 constitue?
526 2851 611 2886 haec
634 2850 691 2887 ille
718 2862 792 2887 cum
814 2850 957 2887 dixisset
969 2851 1109 2887 Alexim
1122 2851 1251 2898 scripto
1270 2851 1419 2888 mandari
1431 2851 1522 2897 quod
1535 2850 1668 2885 dixerat
