1878 3262
320 224 392 272 -82
803 223 1031 269 IOANNIS
1065 225 1295 272 clNNAMl

282 342 312 377 Β
335 340 425 383 οὕτε
444 339 525 394 μὴν
550 335 856 394 βουλεύσασθαι
882 335 1055 389 ἱκανούς.
1122 336 1188 381 ὅτε
1217 338 1267 394 δὴ
1289 340 1356 382 καὶ
1382 337 1600 398 Κορράὸος
1617 334 1686 397 (ἦν
1703 341 1782 398 γὰρ

326 409 556 465 θαρσαλέος
571 407 622 449 τὰ
641 407 832 462 πολέμια)
851 407 954 450 κατὰ
973 409 1148 464 Περσῶν
1168 406 1316 457 ε’λάσας
1337 406 1432 458 τούς
1452 426 1493 451 τε
1509 410 1660 460 ἵππους
1678 410 1781 451 ἀπο-

327 474 512 532 βεβλήκει
530 474 600 525 οὓς
619 475 730 532 αὐτῷ
751 473 772 516 ὅ
791 475 982 530 βασιλεὺς
1001 475 1218 532 δρομικοὺς
1237 475 1416 529 μάλιστα
1437 475 1558 520 ἔδωκε
1568 509 1583 529 ,
1616 480 1684 520 καὶ
1705 478 1781 519 αὖ-

327 550 385 604 τῷ
403 545 445 586 δὲ
466 544 600 599 ὀλίγου
623 545 690 585 καὶ
712 541 863 585 ἁλῶναι
881 543 984 601 πρὸς
1003 548 1084 586 τῶν
1103 542 1328 601 βαρβάρων
1345 542 1498 587 τούτων
1514 545 1686 600 ἐδέησεν.

467 612 543 657 17.
603 611 821 666 Ἀλαμανοὶ
848 613 921 665 μὲν
949 606 1020 653 οὖν
1040 613 1081 653 ἕν
1100 610 1257 662 τούτοις
1287 606 1403 666 ἦσαν.
1471 610 1493 655 ὃ
1516 613 1560 655 δὲ
1578 618 1659 656 τῶν
1676 615 1717 655 Γ
1714 618 1813 670 ‹sp-5

326 684 465 735 μανῶν
486 679 559 737 ρὴξ
574 680 802 735 (ἠγγέλλετο
819 679 896 736 γὰρ
919 679 996 735 ’ἤδη
1015 680 1084 722 τὸν
1098 680 1254 736 Ἴστρον
1275 680 1423 734 διαβὰς
1440 682 1681 738 προσωτέρω
1693 698 1780 736 χω-

326 749 426 806 ρεῖν)
450 749 579 790 οὐκέτι
603 747 706 790 κατὰ
729 746 947 804 Κορράδον
971 747 1071 804 ὑπὲρ
1098 748 1143 790 τὸ
1165 749 1254 790 δέον
1269 748 1368 804 ἔγνω
1389 751 1783 805 φρονηματίζεσθαι’

324 816 420 867 τούς
441 834 483 859 τε
501 815 578 873 γὰρ
601 817 643 858 ἐκ
661 817 861 870 βασιλέως
879 816 945 858 ἐπ’
973 816 1095 858 αὐτὸν
1114 815 1285 870 ἥκοντας
1295 848 1308 868 ,
1335 819 1439 873 φημὶ
1460 817 1638 874 Μιχαήλ
1653 835 1695 860 τε
1713 834 1781 860 σε-

323 885 476 940 βαστὸν
502 885 572 926 τὸν
596 883 882 940 Παλαιολόγον
911 886 978 926 καὶ
1007 885 1181 939 Μιχαὴλ
1222 879 1255 943 ᾧ
1293 884 1338 926 τὸ
1373 883 1581 939 ἐπώνυμον
1616 889 1783 942 Βρανᾶς

326 953 472 1005 ἔκειτο,
508 951 679 1006 ἄσμενός
702 970 743 995 τε
769 951 845 994 εἶδε
873 954 939 994 καὶ
962 951 1135 1008 χάριτας
1163 953 1231 994 διὰ
1262 957 1390 995 ταῦτα
1407 957 1572 1008 βασιλεῖ’
1585 952 1779 1009 ὡμολόγει
1790 961 1835 994 10

278 1032 309 1067 C
334 1020 455 1076 δῆλός
472 1038 511 1063 τε
529 1016 578 1076 ἦν
595 1021 719 1076 μηδὲν
741 1021 936 1064 εῗσέπειτα
962 1022 1002 1071 ἔς
1023 1019 1246 1074 Ῥωμαίους
1275 1020 1574 1078 κακουργήσων.
1641 1022 1718 1064 εἴτε
1737 1023 1781 1065 δὲ

322 1092 364 1132 ἐκ
386 1094 464 1132 τῶν
482 1087 685 1146 Κορράδῳ
705 1087 1050 1142 συμπεπτωκότων
1070 1088 1147 1144 ἤδη
1169 1091 1476 1146 σωφρονισθείς,
1511 1090 1587 1132 εἴτε
1608 1092 1675 1132 καὶ
1697 1088 1785 1147 qni--

324 1175 383 1201 σει
403 1162 583 1200 τοιοῦτον
600 1161 658 1214 τῷ
686 1155 890 1214 ἀνθρώπῳ
918 1157 962 1198 τὸ
983 1152 1088 1212 ἦθος
1116 1152 1164 1212 ἦν
1176 1189 1188 1208 ,
1225 1158 1347 1213 λέγειν
1370 1158 1491 1208 αὐτὸς
1513 1158 1674 1212 οὐδαμῆ
1688 1158 1780 1212 ngw.

322 1228 500 1276 πλείονος
525 1225 565 1267 ‹5'
593 1220 663 1267 οὖν
698 1225 766 1267 διὰ
797 1229 926 1267 ταῦτα
953 1230 1025 1279 τῆς
1051 1226 1252 1278 βασιλέως
1288 1224 1590 1282 παραπολαύων
1619 1227 1778 1268 διετέλει

324 1293 554 1345 ὃεξιώσεως.
623 1294 704 1335 ἐπεὶ
736 1293 780 1335 δὲ
815 1293 941 1348 ἀγχοῦ
969 1295 1191 1344 Βυζαντίου
1222 1293 1300 1348 ἤδη
1331 1295 1504 1348 ἐγένετο,
1535 1295 1721 1351 πρέσβεις
1737 1295 1777 1344 ἒς
1792 1304 1834 1339 15

321 1363 492 1416 βασιλέα
520 1362 688 1415 πέμψας
706 1362 845 1418 φιλίαν
862 1378 903 1402 τε
922 1360 976 1402 ἔτι
1002 1365 1157 1415 μᾶλλον
1186 1359 1378 1417 ὡμολόγει
1410 1363 1476 1403 καὶ
1507 1363 1569 1403 ἐπὶ
1592 1361 1781 1418 μεγάλοις
1804 1364 1811 1370 ‘

321 1428 568 1487 συμπράξειν
600 1430 711 1487 αὐτῷ
740 1430 994 1471 συνετίθετο’
1036 1431 1070 1471 εἷ
1092 1430 1135 1471 δὲ
1153 1430 1391 1471 συνέσεσθαι
1411 1428 1600 1484 ἀλλήλοις
1619 1433 1687 1472 καὶ
1708 1428 1779 1471 λό-

320 1516 393 1554 γου
424 1496 675 1552 κοινωνήσειν
709 1498 750 1539 ἓν
776 1499 958 1554 παλατίῳ
986 1497 1186 1552 βουλητὸν
1214 1498 1326 1556 αὐτῷ’
1364 1498 1474 1540 ἔσται
1487 1530 1500 1549 ,
1546 1498 1778 1541 οὐδὲτοῦτο

320 1571 558 1623 παραλιπεῖν
578 1565 713 1619 ἤθελε.
780 1565 971 1618 βασιλεὺς
988 1566 1033 1606 δὲ
1051 1564 1195 1619 ἤκουσε
1215 1570 1295 1619 τῶν
1312 1564 1441 1621 λόγων
1461 1566 1533 1607 οὐκ
1553 1567 1689 1620 ἆηὸιῦς
1711 1568 1779 1609 καὶ

320 1634 394 1676 σὺν
422 1632 660 1688 πεποιθήσει
683 1633 905 1689 ἀφικέσθαι
936 1637 1077 1674 τοῦτον
1108 1633 1294 1675 ἐκέλευεν.
1362 1632 1627 1675 εἰσελαύνοντι
1645 1636 1834 1678 τοίνυνΞΟ

205 1705 234 1739 V
256 1706 303 1742 57
331 1703 473 1758 ἄνδρες
491 1699 677 1755 ὑπήντων
709 1701 820 1758 αὐτῷ
845 1699 932 1742 ὅσοι
954 1717 994 1742 τε
1014 1700 1117 1742 κατὰ
1135 1701 1246 1756 γένος
1261 1703 1328 1742 καὶ
1345 1700 1469 1756 τύχην
1486 1706 1654 1755 βασιλεῖ
1663 1702 1778 1757 ἤγγι-

269 1777 301 1811 D
325 1773 390 1822 ζον
413 1772 478 1811 καὶ
508 1768 595 1811 ὅσοι
621 1769 695 1818 τὰς
714 1767 999 1826 ὑπερηφάνους
1026 1773 1083 1826 τῷ
1109 1768 1291 1823 τηνικάδε
1320 1771 1469 1811 διεῖπον
1488 1767 1640 1826 ἀρχάς,
1675 1787 1777 1827 προ-

317 1838 544 1894 πὲμψοντές
562 1854 603 1881 τε
631 1841 945 1894 μεγαλοπρεπῶς
973 1836 1095 1879 αὐτὸν
1120 1838 1163 1888 ἐς
1192 1837 1243 1879 τὰ
1273 1839 1461 1892 βασίλεια
1481 1839 1548 1880 καὶ
1571 1838 1623 1881 τὰ
1642 1837 1778 1881 εἰκότα

316 1994 386 2026 stes
400 2002 478 2026 suos
495 1990 781 2035 aggrediebantur
791 2018 802 2036 ‚
824 1991 889 2026 iam
903 1990 1057 2036 trepidos
1074 1994 1109 2025 et
1122 1990 1305 2036 degeneres
1318 2017 1328 2034 ,
1360 2002 1471 2036 neque
1486 1990 1607 2036 agendi
1621 1990 1777 2033 anutium,

317 2048 427 2081 neque
444 2038 570 2071 consilii
585 2038 693 2071 locum
718 2038 853 2070 habere.
901 2042 938 2072 at
959 2037 1159 2078 conradus,
1191 2043 1229 2070 ut
1256 2042 1330 2071 erat
1352 2036 1385 2070 in
1399 2037 1496 2071 bellis
1511 2036 1654 2071 mirabili
1666 2036 1777 2070 auda·
1832 2055 1837 2060 -

318 2083 391 2125 cia,
425 2083 458 2116 in
483 2083 608 2117 Persas
629 2093 847 2127 progressus,
877 2083 1125 2122 velocissimos,
1158 2094 1243 2127 quos
1277 2084 1320 2116 ab
1344 2082 1546 2127 imperatore
1576 2080 1800 2127 acceperat‚'

317 2139 423 2172 equos
446 2127 573 2162 amisit:
593 2129 753 2172 ipseque,
777 2128 856 2172 quin
873 2140 893 2162 a
910 2128 1061 2162 barbaris
1075 2134 1274 2173 caperetur,
1297 2139 1411 2172 parum
1430 2128 1549 2162 abfuit.

411 2175 464 2210 17.
513 2174 546 2206 Is
570 2184 679 2206 rerum
703 2173 989 2207 Alemannicarum
1012 2173 1078 2207 fuit
1092 2179 1212 2207 status.
1260 2185 1322 2207 rex
1338 2180 1448 2207 autem
1465 2171 1692 2214 Germaniae,
1715 2171 1775 2218 qui

316 2219 479 2253 transisse
501 2218 565 2251 iam
588 2219 709 2251 Istrum
722 2245 732 2261 ‚
759 2223 795 2251 et
820 2219 960 2252 ulterius
976 2220 1138 2263 progredi
1157 2219 1394 2261 nuntiabatur,
1419 2230 1484 2252 non
1500 2229 1540 2252 ea
1555 2229 1623 2262 qua
1641 2218 1775 2252 Conra-

316 2264 399 2305 dus,
421 2264 512 2297 ultra
526 2263 657 2296 modum
676 2263 804 2296 ferocia
819 2275 855 2296 se
874 2265 995 2308 gessit:
1029 2265 1087 2298 sed
1111 2265 1242 2308 legatos
1255 2266 1297 2298 ab
1314 2264 1515 2308 imperatore
1532 2264 1573 2296 ad
1589 2275 1626 2297 se
1642 2264 1774 2306 missos,

317 2309 518 2343 Michaelem
546 2309 783 2351 Palaeologum
799 2310 985 2352 sebastum‚
1012 2314 1047 2343 et
1069 2310 1268 2344 Michaeiem
1285 2314 1504 2352 cognomento
1522 2309 1682 2348 Branam,
1711 2321 1775 2343 ex-

319 2355 410 2399 cepit
435 2354 594 2395 comiter,
619 2364 727 2397 eoque
751 2354 881 2386 nomine
906 2355 1037 2397 gratias
1071 2355 1262 2400 imperatori
1289 2355 1369 2397 egit.
1417 2355 1670 2398 apparebatque
1695 2354 1775 2389 nihil

319 2411 394 2434 eum
411 2399 520 2433 damni
535 2403 654 2433 contra
672 2400 841 2432 Romanos
858 2399 1017 2444 deinceps
1034 2401 1244 2434 moliturum:
1267 2399 1358 2444 quod
1376 2403 1484 2432 utrum
1508 2399 1549 2433 iis
1573 2411 1660 2443 quae
1677 2400 1775 2435 Con-

319 2446 403 2479 rado
429 2445 621 2479 acciderant
644 2444 837 2489 prudentior
861 2445 972 2477 sactus
994 2446 1137 2486 fecerit,
1173 2457 1216 2480 an
1242 2456 1325 2478 vero
1351 2444 1438 2489 quod
1455 2444 1638 2479 mite—..illia
1653 2450 1774 2480 natura

319 2491 423 2524 fuerit
437 2491 625 2534 ingenium,
649 2489 735 2523 haud
761 2489 890 2523 omnino
917 2489 993 2523 mihi
1009 2497 1224 2535 compertum.
1270 2495 1346 2524 utut
1359 2490 1423 2530 sit,
1446 2501 1597 2533 magnam
1613 2490 1692 2524 iude
1707 2491 1773 2525 sibi

318 2536 480 2581 principis
505 2536 646 2579 gratiam
669 2535 873 2569 conciliavit.
919 2546 992 2568 cum
1014 2535 1078 2568 iam
1103 2536 1268 2579 Byzantio
1285 2535 1451 2580 proximus
1466 2540 1576 2578 esset,
1601 2536 1708 2570 missis
1729 2535 1773 2570 ad

317 2582 551 2625 imperatorem
571 2580 708 2624 legam,
734 2580 911 2614 amicitiam
927 2591 1018 2613 suam
1035 2591 1099 2613 non
1117 2587 1243 2615 tantum
1261 2582 1347 2615 ultro
1363 2586 1415 2614 est
1438 2581 1634 2624 professus;
1659 2581 1719 2614 sed
1738 2587 1774 2615 et

319 2626 466 2668 addidit,
489 2638 562 2660 sese
586 2628 740 2660 lubenter
763 2637 835 2659 cum
853 2637 893 2659 co
920 2625 964 2659 de
978 2626 1079 2659 rebus
1095 2637 1159 2660 non
1185 2626 1356 2660 mediocris
1379 2626 1535 2659 momenti
1549 2631 1719 2663 acturum.
1741 2626 1773 2660 si

316 2672 374 2706 ine
391 2683 458 2706 una
473 2672 671 2712 convenire,
695 2672 795 2716 inque
811 2671 936 2716 palatio
951 2682 1121 2705 sermones
1143 2672 1187 2705 de
1206 2673 1244 2705 iis
1263 2671 1408 2705 conferri
1423 2676 1608 2716 pateretur.
1656 2672 1774 2706 annuit

321 2716 420 2750 dictis
438 2717 524 2750 haud
541 2723 684 2760 gravate
699 2717 866 2761 princeps,
889 2721 924 2749 et
939 2720 976 2749 ut
989 2717 1171 2750 accederet
1184 2717 1239 2751 ille
1255 2717 1415 2757 fidenter,
1440 2716 1617 2750 nuntiavit.
1664 2717 1773 2752 adve-

319 2762 424 2796 nienti
451 2762 586 2808 itaque,
621 2762 718 2796 effusi
742 2762 874 2796 obviam
897 2766 1064 2806 quotquot
1083 2768 1181 2795 erant
1202 2773 1327 2806 genere
1352 2762 1409 2795 vel
1424 2763 1561 2796 fortuna
1575 2762 1773 2808 imperatori

320 2808 487 2854 proximi,
510 2813 546 2842 et
566 2807 763 2853 quicumque
793 2807 916 2852 primas
940 2812 1019 2841 tunc
1044 2808 1201 2852 temporis
1224 2807 1423 2841 obtinebant
1437 2807 1640 2851 dignitates,
1663 2808 1771 2854 ipsum

319 2853 514 2899 magnifice,
540 2858 576 2888 et
599 2857 636 2888 ut
656 2864 719 2900 pur
745 2858 838 2896 erat,
863 2863 990 2888 summo
1017 2863 1090 2888 cum
1110 2853 1238 2888 honore
1252 2852 1284 2888 iu
1299 2852 1428 2898 regiam
1443 2853 1626 2889 deducunt.
1672 2858 1770 2901 post-
