1878 3262
632 190 1023 235 HISTORIARUM
1054 191 1104 235 L.
1133 191 1191 236 V.
1539 192 1638 239 221

334 306 380 351 8.
445 305 652 365 Στέφανος
682 306 754 361 μὲν
784 303 889 348 οὕτω
923 302 1269 360 συσκευασάμενος
1300 305 1403 349 κατὰ
1419 303 1640 361 ’Ῥωμαίων

198 374 374 433 ἐφέρετο.
416 378 586 430 βασιλέα
611 377 654 418 δὲ
668 377 708 417 ἓν
730 379 780 431 τῇ
796 378 876 416 τῶν
899 373 1061 416 Οὕννων
1075 373 1261 430 γεγονότα
1277 373 1440 432 ἐξῄεσαν
1458 376 1495 417 οἶ
1511 374 1640 433 ταύτῃ

198 444 409 501 ἄνθρωποι
431 446 626 500 πανδημεὶ
651 441 931 497 ὑποδεξάμενοι
939 474 952 494 ,
990 441 1077 484 ὅσοι
1101 460 1142 485 τε
1162 444 1202 493 ἐς
1219 443 1313 494 τοὺς
1333 444 1461 501 ἱερέας
1479 445 1640 487 κατελέ-

195 529 312 570 γοντο
331 514 545 571 ε’ριουργεῖς
567 512 877 567 ἇναβεβλημένοι
903 510 1049 560 στολὰς
1068 513 1133 552 καὶ
1152 511 1204 554 τὰ
1223 512 1309 568 ἱερὰ
1321 514 1460 569 χερσὶν
1491 512 1645 567 ἔχοντες

163 580 335 637 Βλόγια,
369 583 435 623 καὶ
465 581 550 625 ὅσοι
577 580 735 636 ὀχλικὸν
763 582 830 621 καὶ
864 581 1046 633 δημιῦὸες
1074 573 1149 633 ἦν,
1193 579 1300 636 ᾠὸύν
1333 598 1423 623 τινα
1463 582 1644 635 ἐμμελῶς

193 651 498 706 συντεθειμένην
526 652 568 693 ἐκ
602 654 682 692 τῶν
716 648 817 706 παρ’
861 645 957 702 ἡμῖν
983 645 1270 705 ἁρμοδιώτατα
1301 655 1643 707 προσφωνοῦντες.

194 717 270 773 εἶχε
292 720 336 762 δὲ
355 713 451 762 ὧδε·

331 783 364 831 ὦ
387 783 655 841 συμμαχήσας
671 781 779 842 κύριε
800 787 859 841 τῷ
876 781 1090 843 πρᾳοτάτῳ
1110 783 1251 838 Δαβὶὸ

194 856 260 897 καὶ
282 856 333 898 τὰ
354 854 454 910 ἑξῆς.
524 853 544 896 ὅ
569 856 610 896 δὲ
629 854 679 898 τὰ
699 846 803 910 τῇδε·
805 854 936 909 χωρία
955 851 1300 910 ὗπερβάςἼστρον
1320 854 1506 907 διαβῆναι
1529 852 1642 908 ἠπεί-

138 932 303 980 1ογετο,
346 925 417 978 τὴν
445 921 625 965 ἐνταῦθά
650 940 692 965 τε,
724 926 845 976 νῆσον
868 921 1085 979 παρελθών
1117 922 1179 962 ἐπὶ
1207 922 1258 964 τὰ
1281 921 1467 979 ε’νόότερα
1489 930 1635 979 χωρεῖν
1656 936 1690 970 1)

191 992 349 1048 ἤθελεν.
418 991 482 1035 ὅτε
514 992 563 1046 δὴ
594 995 667 1033 τοῦ
687 989 911 1044 Ῥωμαϊκοῦ
936 991 1222 1047 περαιουμένου
1254 991 1405 1046 λέγεται
1430 992 1528 1044 μίαν
1559 996 1640 1034 τῶν

190 1066 288 1104 νειῦν
310 1059 461 1118 φόρτου
483 1061 607 1102 πλέαν
627 1058 759 1101 ὅπλων
781 1076 822 1100 τε
846 1060 913 1100 καὶ
940 1057 1169 1116 ἀνθρώπων
1199 1057 1254 1108 ὥς
1270 1061 1463 1102 πλείστων
1487 1059 1534 1101 οὔ
1553 1078 1638 1113 μα-

191 1130 291 1186 κρὰν
310 1128 439 1183 ὄχθης
454 1129 708 1185 γεγενημένην
731 1128 793 1169 ε’πὶ
811 1128 992 1184 θατέραν
1009 1132 1144 1169 νεῦσαι
1167 1126 1366 1184 πλευράν,
1401 1126 1456 1178 ὡς
1471 1127 1547 1183 ἤδη
1571 1130 1639 1171 καὶ

190 1201 331 1255 εἴσρεῖν
358 1197 403 1239 τὸ
426 1197 536 1254 ὕδωρ
564 1197 633 1239 ἔπ’
658 1195 794 1251 αὐτήν.
862 1194 884 1238 ὅ
909 1197 982 1250 μὲν
1007 1191 1077 1238 οὖν
1096 1194 1435 1250 ἄλλοςῬωμαίων
1453 1196 1636 1253 στρατός,

135 1271 177 1308 15
189 1265 275 1308 ὅσοι
297 1284 338 1308 τε
355 1268 496 1308 ναυσὶν
520 1263 711 1320 ἐμβάντες
736 1271 819 1314 τοῖς
847 1266 1058 1318 ποταμίοις
1086 1265 1273 1321 ἐφέροντο
1300 1263 1440 1315 νώτοις
1456 1266 1522 1307 καὶ
1550 1264 1639 1308 ὅσοι

187 1336 251 1377 ἐπὶ
274 1339 346 1390 τῆς
366 1335 530 1392 ἠπείρου
545 1337 708 1376 ἵσταντο
731 1332 786 1375 ἔτι
798 1365 811 1385 ,
847 1333 885 1375 οἷ
899 1334 972 1388 μὲν
988 1331 1147 1392 ὓποψίᾳ
1171 1330 1354 1375 κινδύνου
1379 1334 1416 1375 οἱ
1437 1334 1479 1375 δὲ
1497 1333 1639 1390 ὀλιγω-

188 1405 256 1462 ρία
277 1402 455 1458 ἐχόμενοι
475 1401 681 1460 περιώρων
703 1401 748 1444 τὸ
772 1406 959 1459 πρᾶγμα,
989 1403 1055 1444 καὶ
1073 1400 1099 1456 ἡ
1121 1406 1220 1452 ναῦς
1240 1402 1372 1458 ὀλίγου
1393 1405 1472 1444 δεῖν
1490 1402 1640 1445 αὔταν-

188 1474 284 1529 δρος
309 1476 368 1529 τῷ
396 1476 519 1529 βυθῷ
547 1469 792 1514 κατεδύσατο
804 1503 817 1522 ‚
864 1473 898 1513 εἲ
923 1470 981 1526 μὴ
1009 1470 1199 1524 βασιλεὺς
1222 1472 1284 1512 ἓπὶ
1311 1470 1422 1528 ὕδωρ
1443 1469 1636 1525 ἁλόμενος
1657 1485 1692 1521 v
1716 1487 1782 1522 101

186 1540 249 1581 ἐπὶ
278 1539 459 1583 πλεῖστόν
481 1557 523 1582 τε
551 1542 647 1596 πεζῇ
674 1536 908 1597 προελθών,
952 1541 1080 1581 καίτοι
1109 1544 1182 1581 τοῦ
1207 1538 1404 1596 ῥεῖ’-ματος
1431 1539 1504 1582 σὺν
1531 1539 1639 1597 ῥύμῃ
1660 1554 1690 1589 Ρ
1715 1557 1782 1592 129

129 1611 349 1668 2οσφοδρᾷ
365 1610 688 1666 καταφερομένου
702 1610 768 1650 καὶ
786 1609 912 1662 τέλμα
929 1625 967 1650 τι
988 1609 1167 1649 ἐνταῦθα
1186 1606 1502 1658 δυςὸιεξόὸευτον
1520 1609 1640 1666 ἔργα-

185 1678 371 1732 ζομένου,
405 1682 463 1737 τῷ
486 1677 583 1737 ὤμῳ
604 1694 645 1720 τε
670 1675 814 1731 ὑπέσχε
837 1681 887 1735 τῇ
916 1678 989 1732 νηῒ·
1011 1678 1078 1719 καὶ
1101 1677 1171 1720 τὸν
1188 1681 1262 1719 τοῦ
1284 1675 1468 1719 κινδύνου
1495 1675 1640 1720 ὑποτε-

276 1829 311 1882 4:
334 1825 553 1873 ἐριουργεῒς]
576 1827 707 1864 Tollius
734 1828 943 1874 Σερουργεῖς.
1054 1829 1138 1863 ibid.
1160 1829 1281 1884 χερσὶν
1305 1827 1471 1873 ἔχοντες]
1492 1829 1530 1863 In
1547 1841 1638 1864 mar-

276 1874 355 1918 gine
378 1874 463 1908 cod.
480 1874 576 1918 χερσὶ
599 1873 786 1930 φέροντες.
922 1875 956 1912 5.
979 1869 1075 1919 οσοι]
1100 1875 1216 1908 Malim
1233 1871 1334 1909 ὅσον.
1450 1877 1482 1910 8.
1500 1887 1528 1908 ω
1549 1886 1636 1919 συμ-

272 1917 890 2012 ἕριχιῑξῑαςοὲμὲἷἀΜὲιίιριυιὲιῶαξῄὶἕς.
1007 1922 1060 1956 18.
1085 1917 1289 1966 αλόμενος]
1314 1920 1400 1955 Cod.
1423 1917 1635 1965 ἁλλόμενος.

276 2103 309 2137 8.
357 2102 550 2156 Stephanus
568 2101 683 2147 itaque
698 2101 798 2136 rebus
823 2101 972 2136 omnibus
996 2100 1193 2146 apparatis,
1215 2100 1251 2136 in
1274 2101 1444 2136 Romanos
1459 2103 1633 2148 profectus

183 2150 248 2182 est.
294 2148 351 2182 ubi
367 2160 448 2182 vero
467 2148 500 2182 in
524 2148 729 2192 Hungariam
746 2148 900 2192 pervenit
921 2148 1122 2192 imperator,
1145 2147 1187 2180 ad
1213 2159 1286 2181 eum
1312 2148 1542 2202 excipiendum
1557 2150 1633 2184 uni-

183 2193 274 2227 versi
289 2193 484 2228 confluxere
498 2194 645 2234 incolae,
669 2198 771 2237 atque
786 2193 819 2226 in
833 2194 873 2227 iis
889 2193 1090 2227 sacerdotali
1106 2193 1222 2227 ordine
1238 2194 1428 2238 conspicui,
1451 2194 1588 2229 laneis‘
1578 2208 1632 2230 ιιι-

184 2239 258 2272 duti
272 2240 424 2274 vestibus
441 2244 476 2273 et
490 2240 603 2273 divina
619 2239 768 2273 manibus
783 2240 929 2272 serentes
946 2239 1131 2283 evangelia,
1147 2249 1213 2273 una
1227 2251 1300 2273 cum
1316 2240 1504 2284 promiscua
1519 2242 1634 2286 plebe,

185 2284 346 2319 eiusmodi
372 2286 557 2326 canticum,
587 2296 608 2318 a
634 2284 854 2329 scriptoribus
879 2285 1001 2319 nostris
1020 2284 1268 2328 concinnatum,
1292 2286 1485 2320 suavissime
1500 2288 1635 2331 praeci-

184 2335 315 2365 nentes.
362 2332 386 2351 “
398 2332 454 2376 qui
471 2312 650 2373 auxilium,
674 2331 826 2371 domine,
859 2330 966 2364 tulisti
983 2330 1242 2364 mansuetissimo
1257 2331 1369 2364 David
1381 2331 1402 2346 '’
1427 2337 1462 2366 et
1477 2344 1563 2376 quae
1577 2346 1635 2367 se-

185 2381 345 2421 quuntur.
390 2377 448 2411 ille
463 2383 571 2411 autem
589 2357 661 2410 loca
682 2377 746 2410 ista
765 2381 1051 2421 praetergressus,
1074 2376 1196 2410 Istrum
1220 2377 1447 2411 transmittere
1461 2386 1638 2432 properat,

186 2425 221 2455 et
243 2427 403 2466 superata
429 2434 517 2476 quae
543 2423 596 2457 hic
621 2422 753 2455 adiacet
779 2422 889 2456 insula
913 2423 945 2455 in
968 2422 1130 2456 interiora
1154 2433 1299 2466 pergere
1315 2423 1499 2457 constituit.
1546 2424 1639 2459 aiunt

183 2465 344 2501 Romanis
364 2468 467 2513 copiis
485 2481 524 2502 eo
541 2468 614 2503 loco
630 2467 892 2512 traiicientibus‚
915 2479 1012 2502 unam
1029 2480 1071 2502 ex
1087 2468 1246 2509 navibus,
1271 2468 1410 2501 sarcinis
1426 2469 1586 2514 armisque
1601 2473 1639 2504 et

185 2512 344 2547 militibus
361 2525 434 2547 cum
454 2514 595 2548 maxime
611 2516 793 2558 refertam,
820 2525 893 2547 cum
908 2514 996 2547 haud
1014 2514 1131 2558 procul
1147 2514 1282 2547 abesset
1296 2525 1316 2546 a
1340 2513 1476 2556 littore,
1500 2515 1534 2548 in
1548 2515 1637 2550 alte-

186 2567 257 2591 rum
279 2558 457 2593 inclinasse
483 2560 592 2601 latus,
615 2560 663 2593 ita
689 2559 775 2593 utin
792 2570 863 2593 eam
879 2571 966 2604 aqua
980 2559 1149 2593 influeret.
1184 2559 1230 2592 ibi
1246 2558 1392 2603 reliquus
1409 2560 1636 2596 Romanorum

186 2604 371 2646 exercitus,
393 2610 462 2639 tum
479 2606 535 2651 qui
550 2617 616 2639 nav
619 2616 654 2639 es
669 2605 813 2649 ingressi
829 2605 963 2639 flumine
978 2606 1198 2647 vehebantur,
1221 2609 1290 2638 tum
1307 2606 1361 2649 qui
1379 2605 1513 2640 adbuc
1503 2618 1537 2640 ιιι
1553 2619 1635 2641 con-

187 2647 314 2683 tinente
327 2651 461 2684 stabant
475 2678 485 2695 ,
509 2652 650 2697 periculi
666 2656 758 2685 metu
777 2651 859 2684 vel‘
849 2651 983 2695 ignavia
998 2651 1041 2684 de
1055 2662 1094 2684 re
1110 2651 1199 2684 haud
1215 2655 1311 2684 erant
1325 2651 1478 2685 solliciti:
1501 2652 1634 2697 iamque

186 2693 282 2727 navis
298 2696 535 2749 propemodum
551 2709 616 2731 una
632 2709 705 2731 cum
731 2697 742 2730 i
769 2697 812 2730 sis
827 2697 1011 2731 hominibus
1036 2696 1132 2741 aquis
1149 2696 1360 2731 absorbenda
1377 2702 1470 2741 erat,
1492 2698 1555 2731 nisi
1569 2698 1633 2731 im-

185 2745 324 2792 perator
344 2741 378 2774 in
396 2752 516 2786 aquam
539 2743 714 2785 desiliens,
746 2709 945 2788 i'ongiusque
967 2742 1072 2788 pedes
1084 2753 1312 2796 progressus,
1345 2754 1466 2787 magna
1490 2743 1572 2777 licet
1595 2743 1631 2777 vi

184 2784 372 2828 impellente
386 2786 514 2831 fluctu,
537 2794 572 2823 et
586 2789 696 2823 limum
712 2789 776 2823 hoc
791 2789 865 2822 loco
881 2799 984 2833 aegre
999 2787 1149 2833 pervium
1163 2788 1329 2831 faciente,
1352 2789 1496 2822 humeris
1511 2801 1577 2823 nav
1580 2800 1630 2822 em

182 2829 414 2875 sustinuisset,
438 2837 474 2868 et
485 2813 628 2870 iirhibito
644 2834 810 2882 tantisper
824 2834 973 2881 periculo
989 2833 1185 2870 facultatem
1201 2834 1323 2870 ceteris
1334 2834 1513 2870 auxiliandi
1528 2845 1629 2880 prae·
