1878 3262
625 185 1017 233 HISTORIARIJM
1049 187 1098 232 L.
1129 186 1188 233 V.
1539 186 1638 235 223

193 301 384 358 βασιλεὺς
415 305 598 358 πολεμεῗς
644 302 746 360 πρὸς
782 304 826 346 δὲ
855 303 904 346 τὸ
941 304 1094 345 δίκαιον
1129 303 1196 346 καὶ
1230 300 1290 345 ἀεὶ
1317 300 1342 358 ἦ
1367 305 1441 345 τοῦ
1463 300 1639 356 πολέμου

190 371 296 427 ῥοπὴ
321 373 479 427 γίνεται.
549 372 598 413 σὺ
627 373 670 414 δὲ
694 372 849 414 κάκεῖνο
875 371 1122 427 ἀναλόγισαι.
1191 373 1334 421 δοῦλος
1358 373 1422 412 ἐπὶ
1447 369 1642 426 δεσπότην

190 438 299 494 ἥκεις
322 441 610 495 πολεμησείων,
647 443 713 482 καὶ
740 443 882 489 δοῦλος
907 440 952 481 οὐ
978 442 1050 498 βίᾳ
1075 440 1144 482 τὸν
1170 440 1284 495 ζυγὸν
1308 438 1460 490 ὑποδὺς
1485 434 1540 495 (ἦ
1563 439 1642 497 γὰρ

193 506 243 550 ἄν
269 506 344 562 εἶχε
378 507 495 564 λόγον
528 507 644 561 τινά,
679 507 796 566 φύσει
830 508 907 564 γὰρ
946 508 1002 549 δι’
1033 508 1250 561 ἀπεχθείας
1283 508 1329 550 τὸ
1355 512 1535 550 τοιοῦτον
1560 515 1669 558 τοῖς“

157 578 442 631 5κεκτημένοις
466 578 613 632 ἐστίν),
649 577 752 619 ἀλλὰ
786 578 929 626 δοῦλος
962 575 1224 625 ἐθελόΰουλος
1259 575 1482 633 (ἕρμηνεύει
1509 578 1554 618 δέ
1579 593 1649 637 σοι
1694 567 1696 569 ‚

189 650 309 687 τοῦτο
335 645 380 687 τὸ
405 647 569 700 λίζιον),
605 645 646 687 εἶ’
665 662 706 700 γε
730 644 788 699 μὴ
816 645 978 701 διέφυγέ
999 661 1071 686 σου
1098 644 1170 698 τὴν
1195 644 1356 699 μνήμην
1383 644 1459 687 ὅσα
1486 646 1527 686 ἓν
1553 647 1644 686 Βυ-

190 715 333 772 ζαντίῳ
367 713 492 756 πάλαι
527 714 749 764 τετέλεκας,
785 711 953 767 ὁπηνίκα
990 712 1063 754 σὺν
1099 716 1157 769 τῷ
1192 712 1396 770 Κορράὸῳ
1423 716 1486 756 ἐπὶ
1504 713 1643 756 Ἀσίαν

189 783 385 825 ἔστέλλου.
455 782 529 832 ἕως
552 783 683 824 τοίνυν
708 782 896 838 αἱρέσεως
919 785 990 836 τῆς
1010 785 1084 835 σῆς
1107 778 1133 835 ἦ
1156 784 1228 822 τοῦ
1252 779 1487 836 πράγματος
1510 782 1636 838 ἤρτη-
1658 793 1692 830 D

190 868 257 893 ται
290 850 509 904 ἀπόβασις,
545 849 637 892 ἑλοῦ
661 851 707 893 τὸ
736 851 899 904 Τζέχοις
930 867 972 892 τε
999 854 1096 891 πᾶσι
1123 851 1189 890 καὶ
1216 851 1278 891 σοὶ
1305 856 1489 891 συνοῖσον
1515 850 1640 908 αὐτῷ.

135 926 180 961 10
189 920 426 974 μεταμέλεια
450 920 527 975 γὰρ
555 919 626 961 οὐκ
651 921 692 961 ἐν
717 923 844 975 καιρῷ
866 919 1053 973 γενομένη
1075 917 1218 972 ἥκιστα
1243 921 1301 974 τῷ
1320 918 1516 974 χρωμένῳ
1542 935 1639 959 συν-

186 992 310 1031 τελεῖν
346 988 534 1030 εἶ’ωθεν.”
603 986 625 1029 ὅ
661 988 733 1042 μὲν
767 991 895 1029 ταῦτα
930 985 1034 1028 εἷπε·
1078 988 1397 1040 Βλαδίσθλαβος
1430 987 1473 1028 δὲ
1499 987 1638 1041 (τοῦτο

1164 1053 1189 1068 ί(
1238 1054 1249 1069 )

186 1057 264 1114 γὰρ
300 1057 410 1114 αὐτῷ
446 1055 573 1110 ὄνομα
607 1055 750 1110 ἔκειτο)
778 1056 984 1109 ἀμείβεται
1010 1049 1100 1097 ὧδε.
1205 1071 1251 1096 ου
1278 1053 1451 1107 πόλεμον
1477 1054 1638 1109 ἄγοντες

187 1127 248 1168 ἐπὶ
279 1127 449 1180 βασιλέα
486 1126 610 1180 με’γαν
644 1126 824 1167 ἐνταῦθα
848 1123 1043 1180 πάριμεν,
1079 1118 1111 1166 ὦ
1138 1127 1285 1180 λῷστε,
1322 1123 1399 1178 (μὴ
1426 1121 1531 1165 οὕτω
1557 1127 1637 1166 τῶν

186 1197 242 1245 εἷς
267 1195 387 1237 αὐτὸν
412 1192 736 1254 ἆμνῃστήσαιμεν
762 1192 995 1247 συνθηκῶν)
1024 1191 1128 1234 ἀλλὰ
1153 1190 1348 1250 Στεφάνῳ
1373 1190 1502 1249 τούτῳ
1529 1192 1636 1245 ἇμυω

131 1272 174 1310 15
186 1268 343 1314 νοῦντες
377 1263 422 1305 οὗ
459 1264 594 1305 δίκαια
631 1262 731 1319 πρὸς
764 1261 1048 1318 πατραδέλᾳου
1071 1258 1314 1312 πεπονθότι,
1358 1259 1402 1310 ὅς
1426 1276 1467 1316 γε
1490 1260 1537 1302 τὸ
1562 1261 1637 1315 μὲν

182 1337 342 1389 πρῶτον
366 1336 438 1386 τῆς
462 1329 653 1388 πατρῴας
678 1330 800 1372 αὐτὸν
824 1329 949 1384 ἤλασε
974 1333 1048 1385 γῆς
1068 1331 1135 1370 καὶ
1160 1332 1234 1370 τοῦ
1259 1327 1431 1385 κλήρου,
1467 1326 1550 1371 εἶτα
1566 1333 1639 1383 τῆς

183 1403 296 1456 δίκης
328 1398 661 1455 ἀντεισαγούσης,
707 1397 727 1440 ὃ
756 1399 798 1440 δὲ
824 1393 947 1448 αὖθις
972 1395 1239 1454 ἐπιστρατεύει
1273 1395 1403 1454 τούτῳ
1429 1399 1496 1439 καὶ
1520 1397 1570 1452 ἢν
1595 1399 1636 1439 ἐν
1658 1400 1689 1437 P
1714 1401 1783 1438 1ae

183 1473 242 1527 τῷ
267 1473 401 1519 κακῶς
433 1468 569 1525 ἄρχειν
605 1466 869 1522 ἀποβεβλήκει
906 1467 1034 1523 ἀρχὴν
1061 1468 1272 1525 δυναστεία
1298 1467 1364 1507 καὶ
1390 1464 1511 1507 πάλιν
1535 1470 1636 1508 κτᾶ-

183 1542 286 1580 σθαι
319 1539 546 1580 διανοεῖται.
623 1535 722 1593 ὑπὲρ
757 1530 813 1578 ὧν
848 1537 915 1578 καὶ
950 1533 1188 1589 δεησόμενος
1222 1535 1307 1589 ἥκω
1338 1534 1538 1588 βασιλέως
1571 1536 1641 1577 καὶ
1686 1558 1688 1560 >

128 1606 368 1663 ΞΟὸρφανοῦ
392 1605 536 1655 παιδὸς
564 1612 683 1662 χεῖρα
717 1608 872 1658 μᾶλλον
896 1602 1106 1660 ὑπερσχεῖν
1130 1601 1402 1657 λιτασόμενος.
1471 1605 1506 1644 εἴ
1528 1604 1574 1645 δέ
1596 1620 1637 1646 τι

183 1677 250 1717 καὶ
275 1674 375 1731 πρὸς
399 1673 608 1731 Στεφάνου
635 1674 794 1716 τουτουὶ
814 1677 887 1714 τοῦ
907 1673 1098 1727 νεωτέρου
1125 1673 1187 1713 ἐπὶ
1211 1672 1284 1725 τὴν
1309 1671 1435 1725 αὐτὴν
1460 1670 1638 1728 διημάρ-

182 1759 300 1798 τηται
333 1744 542 1796 βασιλείαν
580 1740 870 1797 (πυνθάνομαι
907 1741 984 1798 γὰρ
1022 1738 1078 1790 ὥς
1113 1744 1184 1795 τῆς
1219 1743 1330 1783 Rem
1362 1741 1488 1795 μηδὲν
1524 1741 1636 1799 αὐτῷ

273 1861 308 1896 4.
333 1857 435 1915 εἶχε]
465 1861 582 1895 Malim
614 1857 650 1895 εἴ
646 1872 711 1905 χ.ες
857 1861 912 1895 17.
945 1856 1252 1903 ἅντεισαγοῦσης]
1283 1858 1395 1892 Malim
1420 1855 1633 1912 ἆντεισαγοι-

273 1905 419 1961 γούσης.
567 1908 620 1941 18.
646 1873 939 1961 χοίποβεβλήκει]
983 1906 1037 1939 Ita
1074 1904 1215 1940 Tollius.
1251 1904 1336 1939 Cod.
1371 1900 1634 1950 ἄποβεβλήκοι.

273 1954 332 1989 21.
352 1951 421 1997 τὴν
443 1948 582 1997 αυτὴν]
604 1952 700 1987 Fort.
723 1950 792 1996 τὴν
814 1949 896 1995 σήν.

183 2055 308 2090 iustum
323 2054 413 2099 gerit
428 2053 549 2088 bellum
572 2053 782 2098 imperator?
806 2056 840 2089 et
860 2053 903 2087 ad
919 2053 1079 2088 iustitiam
1095 2064 1226 2098 semper
1239 2053 1318 2087 belli
1334 2053 1468 2087 fortuna
1481 2052 1630 2088 inclinat.

181 2106 222 2136 tu
247 2112 329 2135 vero
355 2100 438 2134 illud
460 2100 651 2153 perpende:
683 2111 803 2134 servus
824 2100 955 2133 domino
979 2100 1100 2133 bellum
1120 2100 1272 2133 illaturus
1296 2099 1414 2142 venis,
1438 2110 1503 2132 non
1518 2105 1630 2133 tamen

181 2158 302 2182 servus
316 2173 326 2190 ‚
360 2146 413 2179 cui
438 2157 499 2190 per
522 2146 588 2179 vim
613 2145 771 2189 imposita
794 2150 846 2179 est
870 2146 1014 2179 servitus
1040 2146 1108 2189 (sic
1131 2146 1216 2179 enim
1242 2146 1396 2189 profecto
1413 2156 1468 2178 res
1484 2145 1631 2190 aliquam

181 2193 346 2228 tationem
361 2192 518 2232 haberet,
541 2190 704 2235 siquidem
720 2191 775 2235 qui
790 2191 926 2245 invitam
941 2191 1135 2224 servitutem
1151 2191 1305 2224 serviunt
1318 2191 1515 2225 naturaliter
1530 2202 1551 2224 a
1566 2191 1632 2224 do-

181 2288 273 2319 tuam
290 2284 481 2326 effugerunt
497 2282 684 2316 memoriam
701 2294 788 2326 quae
812 2283 976 2327 quondam
992 2282 1148 2331 Byzantii
1164 2287 1283 2327 pactus
1300 2294 1357 2327 es,
1382 2275 1454 2315 cum
1467 2282 1501 2315 in
1515 2282 1631 2316 Asiam

182 2341 250 2364 una
263 2341 337 2363 cum
354 2329 509 2362 Conrado
532 2327 774 2373 expeditionem
795 2329 979 2373 suscepisti.
1026 2329 1102 2361 dum
1124 2328 1228 2371 igitur
1248 2329 1291 2362 ab
1317 2328 1454 2372 optione
1469 2333 1530 2361 tua
1544 2339 1632 2372 pen-

184 2375 245 2409 det
266 2375 315 2408 rei
339 2375 465 2413 exitus,
490 2374 578 2418 elige
605 2373 693 2418 quod
718 2379 754 2407 et
777 2374 838 2407 tibi
860 2380 896 2408 et
910 2374 1054 2408 'lzechis
1070 2374 1220 2407 omnibus
1237 2374 1411 2419 expediat.
1439 2385 1527 2417 quae
1543 2373 1630 2406 enim

183 2431 250 2454 non
275 2426 466 2465 opportuna
487 2420 527 2453 fit
549 2420 777 2464 poenitentia,
806 2430 879 2453 eam
899 2420 1035 2453 facienti
1057 2420 1216 2474 prodesse
1230 2419 1486 2463 haudquaquam
1500 2419 1597 2452 solet
1607 2418 1629 2434 ”

182 2465 232 2500 ita
247 2466 379 2511 quidem
394 2465 449 2499 ille
466 2466 597 2499 locutus
612 2469 674 2499 est.
719 2465 907 2499 Vladislaus
922 2471 1032 2499 autem
1049 2466 1114 2508 (sic
1131 2466 1215 2498 enim
1231 2464 1501 2509 appellabatur)'
1492 2476 1526 2497 m
1543 2464 1632 2497 hunc

184 2511 317 2545 modum
343 2511 529 2556 respondit.
578 2514 675 2543 “non
699 2510 824 2544 illaturi
846 2512 968 2545 bellum
993 2522 1110 2555 magno
1125 2511 1319 2555 imperatori
1335 2512 1399 2543 huc
1413 2510 1586 2553 venimus,
1609 2521 1632 2543 o

183 2555 290 2596 boner,
313 2568 421 2602 neque
444 2557 530 2590 enim
554 2567 669 2590 eorum
692 2568 860 2600 quaecum
875 2557 933 2590 illo
950 2557 1038 2601 pacti
1062 2568 1173 2590 sumus
1190 2556 1346 2589 memoria
1362 2566 1423 2589 nos
1440 2555 1546 2598 fugit3
1569 2555 1632 2589 sed

186 2582 360 2646 Stepliano
374 2603 495 2636 iniuste
517 2614 538 2636 a
561 2606 682 2647 patruo
709 2602 862 2655 impetito
882 2614 979 2656 opem
994 2602 1103 2636 laturi.
1150 2602 1239 2634 illum
1256 2601 1380 2647 quippe
1404 2606 1546 2646 paterna
1560 2601 1633 2646 pri-

184 2657 273 2680 mum
286 2654 378 2681 terra
393 2652 429 2682 et
453 2648 663 2682 haereditate
678 2648 787 2681 exuit:
811 2648 954 2682 deinde
944 2660 1017 2681 rure
1047 2659 1107 2681 suo
1126 2647 1316 2682 restitutum
1331 2658 1460 2680 rursum
1475 2647 1564 2680 bello
1579 2647 1632 2680 la-

185 2691 289 2725 cessit
313 2697 349 2726 et
371 2704 527 2738 regnum,
559 2694 650 2738 quod
668 2694 754 2727 male
768 2694 958 2739 imperando
977 2693 1105 2734 amisit,
1135 2704 1211 2746 per
1212 2692 1278 2726 vim
1294 2704 1495 2737 recuperare
1508 2692 1631 2726 iterum

185 2737 365 2771 contendit.
410 2742 591 2784 eapropter
611 2739 845 2784 imperatorem
867 2740 1113 2784 supplicaturus
1135 2738 1258 2780 venio,
1282 2743 1320 2772 ut
1342 2738 1502 2792 pupillum
1519 2738 1630 2783 potius

184 2792 325 2835 puerum
347 2789 507 2827 protegat
527 2796 568 2818 ac
592 2788 734 2819 tutetur.
779 2785 808 2818 si
832 2785 911 2829 quid
937 2794 1046 2818 autem
1073 2785 1265 2829 Stephanus
1290 2784 1367 2818 hic
1358 2785 1468 2817 mnior
1486 2784 1522 2817 in
1534 2788 1627 2816 tuam

186 2827 343 2873 peccavit
355 2828 559 2873 maiestatem
583 2830 701 2876 (audio
719 2830 806 2867 enim
821 2831 924 2868 Belae
936 2836 1062 2867 terram
1077 2830 1158 2866 nihil
1174 2830 1219 2866 ad
1233 2841 1272 2866 se
1286 2829 1510 2877 pertinentem
1524 2838 1627 2864 occu-
