1878 3262
254 228 353 276 214
699 227 902 271 CAROLI
933 227 1015 271 DU
1046 226 1257 271 FRESNE

255 347 312 378 est
331 347 438 376 terra
445 337 714 389 firmissima,
742 351 786 374 ex
815 351 899 375 una
918 344 1038 389 parte
1065 338 1168 375 enim
1195 338 1372 389 cingitur
1391 340 1521 389 mari,
1549 352 1595 376 ex
1617 340 1707 378 alia

254 409 345 435 vero
366 396 554 432 munitur
572 394 669 432 altis
688 395 891 432 montanis
912 401 948 431 et
969 395 1222 446 asperrimis,
1265 407 1369 445 quae
1382 408 1537 446 paucos
1559 395 1707 434 habent

255 453 451 489 introitus·
465 483 477 501 ‚
517 458 554 488 et
577 451 752 488 multum
774 449 1019 499 custoditos,
1063 453 1125 488 ita
1146 458 1191 488 ut
1209 449 1371 502 hospes,
1413 452 1451 487 si
1469 457 1616 489 terram
1637 454 1705 489 in-

253 510 438 555 traverit,
477 507 628 559 absque
656 509 770 558 regia
798 507 910 545 bulla
939 509 1041 544 exire
1068 521 1147 545 non
1167 509 1302 558 possit
1332 514 1402 545 etc.
1468 513 1584 558 atque
1612 508 1706 547 inde

252 565 346 602 satis
368 564 562 615 colligitur
589 577 660 602 cur
680 563 797 615 primi
819 563 1044 612 Armeniae,
1084 577 1153 602 seu
1180 563 1331 601 Ciliciae
1361 563 1596 614 toparchae,
1638 565 1706 615 qui

251 635 302 673 Pl
304 621 454 659 aesidiis
473 621 574 658 ci1ca
594 621 770 659 Taurum
792 626 964 658 montem
982 620 1285 671 imperitabant,
1314 618 1362 657 de
1378 621 1605 670 Montanis,
1634 634 1704 660 co—
1750 620 1753 626 ’

253 678 434 729 gnomine
451 677 650 715 donentur
672 677 814 728 passim
837 690 858 714 a
874 677 1141 728 scriptoribus.

364 748 402 786 p
425 735 479 776 52
499 747 537 774 v.
563 736 601 777 7.
651 732 676 773 ὁ
704 729 886 786 Φραγγος
914 733 1154 784 Κρισπῖνος]
1184 732 1279 771 Fuit
1308 712 1507 784 Crispinus
1535 745 1585 770 ex
1609 731 1706 770 illu-

253 790 326 828 stri
349 790 562 828 admodum
587 790 732 828 familia
750 789 1029 839 Normannica,
1069 791 1280 828 etiamnum
1305 789 1529 841 superstite,
1567 788 1707 826 oriun-

255 847 349 896 dus,
391 860 441 884 ex
461 860 538 896 qua
559 846 786 884 continuata
805 847 940 898 longae
959 847 1181 898 propaginis
1204 846 1301 884 serie
1323 846 1504 897 prodiere
1524 844 1707 883 hodierni

253 904 425 941 Barones
454 904 566 941 Becci
596 909 636 941 et
654 903 899 941 Marchiones
915 903 1063 944 Vardii.
1119 903 1334 942 vocabatur
1358 916 1453 941 vero
1482 901 1566 949 ille,
1595 902 1706 939 cuius

253 959 437 998 hocloco
459 960 633 997 meminit
650 960 888 1010 Bryennius,
917 958 1120 998 Robertus
1142 960 1376 1011 Crispinus,
1406 958 1516 997 cuius
1542 958 1707 1008 elogium
1746 1001 1751 1016 o
1779 986 1794 1000 ..,

253 1029 393 1067 resque
411 1016 452 1053 in
473 1016 582 1053 bellis
602 1017 799 1066 praeclare
817 1022 941 1067 gestas
959 1029 1007 1053 ex
1029 1017 1165 1054 eodem
1182 1016 1394 1068 Bryennio,
1423 1015 1602 1066 Scylitze,
1626 1015 1706 1052 Zo-

253 1086 351 1111 nara
370 1078 409 1110 et
430 1071 530 1120 aliis,
560 1071 611 1108 ad
631 1072 795 1122 gloriam
813 1073 1074 1110 nobilissimae
1091 1078 1130 1110 et
1148 1073 1432 1111 vetustissimae
1453 1072 1576 1123 gentis
1597 1084 1706 1109 sum-

255 1129 393 1167 matim
421 1128 486 1165 hic
514 1134 706 1166 attexam:
749 1142 838 1166 cum
867 1134 1065 1179 praeterea
1093 1129 1137 1167 id
1168 1130 1295 1167 nostri
1324 1129 1375 1166 sit
1402 1128 1575 1166 instituti
1598 1126 1706 1179 apud.

257 1186 425 1224 Graecos
452 1185 661 1236 scriptores
695 1197 740 1222 ea
768 1185 1012 1236 potissimum
1036 1186 1238 1236 prosequi,
1283 1197 1381 1235 quae
1414 1184 1465 1222 ad
1489 1189 1706 1222 nostratem

256 1241 533 1280 illustrandam
554 1240 777 1289 historiam,
808 1247 848 1280 et
868 1242 1146 1280 Francicarum
1163 1242 1398 1279 familiarum
1420 1241 1584 1291 origines
1601 1246 1706 1278 rete-

255 1299 400 1350 gendas
426 1298 626 1349 quidpiam
654 1298 842 1336 videntur
871 1299 1070 1346 conferre,
1110 1304 1156 1336 ut
1177 1298 1287 1346 inde,
1331 1297 1399 1348 qui
1427 1302 1495 1334 aut
1520 1297 1571 1333 ad
1596 1297 1704 1334 illam

254 1354 500 1393 scribendam
516 1367 654 1392 manus
675 1355 906 1403 admovent,
938 1361 1007 1393 aut
1030 1355 1080 1392 ad
1095 1355 1298 1406 legendam
1314 1354 1486 1392 animum
1502 1352 1704 1400 addicunt,

252 1412 481 1462 neutiquam
500 1412 737 1462 Byzantinos
760 1411 1050 1463 posthabendos
1072 1424 1152 1449 esse
1169 1411 1330 1450 tandem
1352 1410 1577 1462 percipiant.
1636 1408 1705 1448 sed

250 1468 479 1519 priusquam
496 1481 579 1506 rem
601 1468 820 1519 aggrediar,
851 1481 991 1520 operae
1011 1470 1182 1519 pretium
1206 1468 1366 1507 videtur
1393 1479 1443 1504 ex
1463 1466 1587 1505 veteri
1605 1465 1706 1504 scri-

247 1531 364 1575 ptore
383 1524 616 1574 adscribere,
636 1538 745 1589 ‘quae
758 1524 882 1562 habet
900 1525 948 1563 de
964 1525 1088 1576 gentis
1109 1525 1351 1575 antiquitate,
1381 1536 1426 1560 ac
1446 1522 1582 1574 primis
1599 1522 1704 1560 illius

250 1580 498 1628 auctoribus,
529 1594 618 1618 cum
634 1581 674 1618 in
692 1581 739 1618 iis
758 1582 976 1619 Robertum
994 1587 1208 1624 recenseat,
1264 1582 1327 1618 Sic
1343 1579 1460 1630 igitur
1477 1579 1562 1617 ille:
1589 1586 1706 1616 ante-

250 1651 376 1688 quam
405 1638 634 1674 Normanni
661 1635 758 1674 duce
792 1639 999 1676 Willelmo
1022 1638 1218 1689 Angliam
1245 1636 1501 1685 debellarent,
1532 1636 1629 1685 ficit
1661 1637 1706 1672 in

250 1695 467 1742 Neustria,
500 1707 600 1745 quae
619 1707 724 1731 nunc
749 1694 1005 1731 Normannia
1022 1701 1200 1742 vocatur,
1230 1695 1293 1731 vir
1310 1693 1513 1744 egregius,
1547 1692 1705 1729 nomine

252 1750 520 1800 Gislebertus,
546 1764 686 1801 genere
706 1763 755 1786 ac
773 1750 982 1787 nobilitate
994 1751 1253 1801 praeclarus,
1289 1750 1361 1800 qui
1389 1748 1440 1785 ab
1464 1746 1706 1785 habitudine

248 1807 491 1858 capillorum
504 1837 514 1857 ,
536 1807 697 1856 primus
720 1806 898 1857 Crispini
919 1808 1150 1858 cognomine
1171 1805 1325 1843 dicitur
1347 1806 1576 1856 insignitus.
1608 1817 1705 1842 nam

248 1865 293 1901 in
312 1877 390 1900 sua
403 1864 616 1914 primaeva
636 1869 765 1900 aetate
780 1862 952 1900 habebat
970 1863 1143 1914 capillos
1165 1864 1335 1913 crispos,
1365 1868 1401 1898 et
1419 1859 1595 1913 rigidos,
1630 1868 1704 1898 at·-

248 1934 326 1972 que
350 1933 512 1957 sursum
532 1926 698 1968 erectos,
743 1926 779 1956 et
801 1926 847 1956 ut
869 1922 930 1957 ita
951 1918 1086 1956 dicam
1113 1919 1315 1967 rebursos,
1354 1915 1414 1954 ad
1435 1915 1596 1955 modum
1609 1918 1703 1968 pini

250 1990 455 2013 ramorum
467 2005 478 2025 ,
512 1977 584 2028 qui
601 1989 750 2027 semper
770 1975 939 2014 tendunt
959 1990 1121 2014 sursum
1134 2005 1144 2025 ,
1175 1990 1297 2027 quare
1316 1976 1622 2026 cognominatus
1646 1981 1704 2011 est

255 2033 493 2084 Crispinus,
531 2034 654 2084 quasi
685 2033 853 2084 Crispus
874 2035 1020 2071 Pinus.
1077 2047 1201 2084 quam
1230 2031 1471 2084 capillorum
1499 2030 1704 2068 rebursio-

252 2103 341 2126 nem
361 2087 539 2127 videmus
557 2091 601 2126 in
625 2090 698 2138 iis,
735 2091 805 2141 qui
833 2088 880 2127 de
899 2091 1032 2141 ipsius
1054 2089 1266 2127 Gisleberti
1282 2102 1420 2140 genere
1435 2085 1698 2136 descendunt,
1691 2101 1700 2109 ·

254 2143 363 2183 unde
390 2152 426 2182 et
452 2147 533 2195 ipsi
560 2144 692 2183 eodem
717 2148 947 2197 cognomine
976 2161 1002 2184 a
1023 2147 1159 2183 ceteris
1177 2146 1506 2183 Normannorum
1516 2143 1702 2194 familiis

252 2201 509 2239 dirimuntur.
564 2201 642 2239 Iste
666 2203 909 2241 Gislebertus
919 2204 974 2253 *)‚
1013 2204 1103 2254 qui,
1134 2210 1180 2240 ut
1197 2201 1395 2248 diximus,
1427 2199 1606 2251 Crispini
1626 2213 1702 2236 co·-

248 2272 421 2310 gnomen
435 2272 486 2309 pr
487 2258 591 2295 imus
606 2265 663 2294 est
677 2258 882 2311 indeptus,
913 2261 1066 2310 accepit
1082 2273 1241 2296 uxorem
1258 2258 1424 2296 senioris
1443 2257 1631 2294 Falconis
1639 2252 1700 2308 **)

253 2314 303 2352 de
320 2314 460 2352 Alnou
478 2328 734 2365 germanam,
771 2317 928 2354 nomine
952 2316 1192 2365 Gonnorem,
1231 2313 1280 2352 de
1301 2328 1381 2366 qua
1401 2320 1478 2350 tres
1487 2312 1607 2364 filios
1619 2326 1701 2363 ge-

252 2372 364 2420 nuit,
398 2370 664 2409 Gislebertum
685 2372 936 2423 Crispinum,
972 2373 1238 2419 Wllduzum,
1268 2378 1303 2409 et
1320 2369 1549 2418 Robertum,
1577 2367 1700 2406 duas-

252 2442 328 2479 que
338 2428 482 2478 filias,
510 2429 699 2466 Emmam
719 2430 831 2466 Petri
846 2427 894 2466 de
917 2427 1089 2466 Condeto
1105 2429 1355 2479 genitricem,
1386 2433 1504 2478 atque
1521 2425 1700 2462 Eli-siam

250 2491 416 2522 matrem
439 2485 642 2523 Wllelmi
661 2485 807 2536 Malet,
848 2486 917 2537 qui
941 2486 1055 2522 miles
1076 2492 1265 2523 strenuus
1293 2486 1337 2522 in
1356 2488 1547 2521 senectute
1559 2481 1699 2531 factus

249 2548 307 2577 est
336 2540 558 2579 monachus
575 2543 718 2593 Becci,
751 2549 788 2580 et
816 2543 1037 2580 transactis
1061 2542 1220 2594 aliquot
1247 2542 1388 2591 annis,
1416 2538 1630 2589 honorifice
1655 2538 1699 2576 in

338 2731 376 2776 ¹⁸¹)
400 2730 551 2764 Uxorem
567 2730 751 2765 Gisleberti
777 2741 926 2765 sororem
942 2730 1088 2765 Roberti
1104 2727 1280 2764 Guiscardi
1302 2726 1408 2761 fuisse
1422 2727 1535 2761 nescio
1552 2737 1619 2772 quo
1635 2737 1696 2776 au-

249 2780 346 2810 ctore
367 2777 470 2810 tradit
487 2776 657 2821 Philippus
673 2777 834 2810 Mouskes
856 2777 890 2811 in
906 2776 1045 2810 historia
1062 2777 1182 2810 Franc.
1198 2774 1277 2810 MS.
1292 2773 1350 2807 ubi
1367 2773 1464 2808 etiam
1480 2773 1621 2809 Roberti
1635 2783 1696 2807 no-

250 2823 311 2856 stri
327 2834 381 2857 res
396 2822 430 2856 in
445 2821 565 2867 Apulia
584 2826 618 2854 et
630 2821 778 2855 Graecia
793 2827 907 2866 gestas
922 2826 1067 2857 enarrat.

337 2890 392 2935 **)
415 2888 572 2925 Falconis
595 2889 693 2923 istius
708 2889 853 2923 meminit
869 2889 1054 2924 Ordericus
1069 2888 1174 2923 Vital.
1189 2887 1212 2922 l.
1230 2888 1252 2923 3
1267 2898 1300 2933 p.
1315 2887 1393 2923 479.
