1878 3262
251 227 317 275 92
678 223 985 268 NIGEPHORI
1016 208 1286 268 BRYENNII
1322 241 1330 252 ·

251 359 293 386 τε
329 338 477 390 αὖτοὺς
507 339 575 382 καὶ
608 338 660 382 τὰ
690 336 869 396 φρούρια
891 342 957 400 τῷΙ
972 335 1303 396 στρατοπεδάρχῃ
1331 338 1558 397 παρέδοσαν
1566 370 1579 390 ,
1610 338 1715 381 οἶδὲ

252 408 347 452 κενὰ
377 412 507 450 ταῦτα
537 406 824 470 καταλιπόντες
845 407 1010 466 ᾤχοντο.
1052 419 1062 470 *⁴
1078 410 1145 450 καὶ
1163 406 1268 450 οὕτω
1289 404 1623 464 πάντωνγέγονεν
1649 409 1714 463 ἔγ-

252 475 414 535 κρατής.
483 475 637 535 ἡμέρας
660 478 703 520 δὲ
726 479 946 534 διατρίψας
966 478 1007 518 ἐν
1026 475 1240 536 Ἀμασεία,
1274 477 1341 517 καὶ
1359 475 1432 526 τὰς
1452 474 1584 526 πόλεις
1607 473 1716 518 ἁπά-

200 588 201 591 ,
253 564 330 596 σας
356 545 635 601 καταστήσας,
671 547 738 588 καὶ
763 545 922 604 εἰρήνην
940 549 1118 600 βαθεῖαν
1139 542 1392 596 καταλιπών,
1407 561 1409 563 ·
1427 545 1494 586 καὶ
1513 552 1596 594 τοῖς
1617 548 1717 589 πᾶσι

253 617 429 669 δειχθεὶς
465 614 787 671 ἐρασμιώτατος,
823 617 991 670 ἐξῆλθεν
1024 615 1176 657 ἐκεῖθεν
1205 613 1307 668 μετὰ
1330 611 1475 670 κρότου
1499 614 1566 654 καὶ
1588 613 1750 670 εὔφη-5

252 688 357 739 μιῶν
379 683 440 726 ὅτι
464 686 659 727 πλείστων
681 683 922 741 ἐπαγόμενος
942 683 1041 737 μεθ’
1066 682 1214 726 ἑαυτοῦ
1236 684 1303 725 καὶ
1326 682 1394 729 τὸν
1420 681 1652 738 Οὗρσέλιον.
1699 708 1707 715 -

393 753 472 797 25.
541 753 671 796 Διιὼν
692 754 736 796 δὲ
757 754 825 796 διὰ
847 754 1144 809 Παφλαγονίας
1162 752 1300 806 ἐπειδὴ
1321 750 1480 807 ἔγγιστα
1501 750 1631 806 γε’γονε
1650 753 1722 804 τῆς

258 822 389 871 οἰκίας
425 826 498 863 τοῦ
529 823 755 864 Δοκειανοῦ
797 820 1039 878 Θεοδώρου,
1076 821 1223 878 ἀνδρὸς
1242 825 1322 863 τῶν
1348 814 1393 863 εὖ
1417 817 1634 876 γεγονότων
1654 819 1723 860 καὶ

210 897 241 932 C
263 889 423 947 πλούτῳ
444 889 659 944 κομώντων
681 893 749 933 καὶ
769 891 872 933 καθ’
901 888 1004 945 αἷμα
1026 894 1084 948 τῷ
1105 887 1436 947 στρατοπεδάρχῃ
1453 885 1724 945 προσήκοντος

262 960 363 1015 (τῆς
382 959 460 1015 γὰρ
486 960 665 1016 ἀδελφῆς
687 964 759 1001 τοῦ
779 959 932 1016 πατρὸς
953 961 1101 1001 ἐκείνου
1124 965 1218 1009 παῖς
1241 953 1291 1014 ἦν
1312 951 1456 1011 οὗτος)
1468 989 1481 1008 ,
1517 954 1571 1006 ὡς
1594 972 1721 997 κατα-
1734 961 1778 996 10

145 1038 178 1075 V
198 1036 244 1073 44
266 1026 529 1081 λαμβάνοντα
553 1032 694 1070 τοῦτον
715 1027 941 1083 ἐμάνθανεν
964 1026 985 1069 ὅ
1007 1027 1229 1078 Δοκειανὸς
1251 1025 1408 1081 ἀπήντα
1425 1023 1634 1082 μακρόθεν
1655 1025 1724 1067 καὶ

261 1094 549 1149 κατησπάζετο.
618 1097 829 1146 ἓκτενίσας
852 1098 895 1138 δὲ
924 1098 991 1138 καὶ
1019 1096 1121 1154 πρὸς
1150 1096 1219 1143 τὸν
1248 1096 1467 1152 Οὗρσέλιον
1488 1093 1620 1136 καὶτὸ
1647 1090 1723 1137 κᾶν,

260 1169 402 1217 λυμμα
438 1162 694 1218 θεασάμενος
719 1164 764 1207 τὸ
790 1172 874 1215 τοῖς
898 1165 1132 1222 ὀφθαλμοῖς
1167 1165 1293 1207 αὗτοῦ
1323 1165 1565 1216 ἐπικείμενον
1596 1159 1724 1216 λύπης

260 1231 497 1289 πεπλήρωτο
533 1235 599 1274 καὶ
633 1233 764 1276 οὐκέτι
797 1233 995 1283 καθεκτὸς
1025 1228 1096 1287 ἦν,
1137 1233 1241 1278 ἀλλὰ
1271 1232 1341 1274 τὸν
1369 1229 1724 1287 στρατοπεδάρχην

259 1301 454 1353 ὠνείδιζεν
478 1299 533 1351 ὡς
557 1301 686 1359 ἄνδρα
715 1310 894 1358 γενναῖον
915 1301 1020 1344 οὕτω
1043 1303 1110 1344 καὶ
1134 1299 1291 1357 μεγάλα
1318 1299 1538 1354 δυνάμενον
1556 1299 1608 1340 τὰ
1622 1297 1725 1340 Ῥω-
1737 1302 1780 1339 15

258 1372 391 1425 μαίων
421 1370 629 1427 ὠφελῆσαι
661 1370 880 1427 πράγματα
909 1375 988 1413 τῶν
1012 1369 1205 1424 ὀμμάτων
1230 1367 1572 1426 ἀποστερήσαντα.
1640 1364 1662 1408 ὃ
1683 1367 1727 1408 δὲ

259 1437 431 1493 ἐπιεικής
453 1456 494 1481 τε
518 1434 651 1489 ἄλλως
677 1439 732 1481 ὢν
754 1442 821 1482 καὶ
840 1439 968 1489 δεινὸς
991 1437 1207 1482 συσκιάσαι
1228 1443 1395 1495 πρᾶγμα
1412 1439 1482 1482 Υκαὶ
1499 1437 1557 1490 μὴ
1576 1435 1728 1489 ταχέως

262 1508 464 1563 ἐκφαίνειν
473 1539 487 1559 ,
523 1506 663 1565 πρᾴως
688 1507 792 1550 οὕτω
817 1511 883 1550 καὶ
903 1512 1087 1564 γαληνῶς
1104 1508 1205 1564 πρὸς
1227 1508 1372 1549 ἐκεῖνον
1400 1506 1596 1561 ἄντίφησε
1624 1501 1728 1552 ιετὰς

210 1584 244 1619 D
267 1576 340 1630 μὲν
364 1577 518 1626 αἰτίας,
555 1575 768 1632 ἕξάδελφε,
805 1578 864 1618 δι’
891 1577 940 1626 ἃς
963 1571 1080 1626 οὗτος
1102 1581 1182 1618 τῶν
1204 1574 1397 1629 ὀμμάτων
1420 1575 1648 1629 ἐστέρηται,
1679 1571 1726 1613 οὗ

262 1649 333 1686 νῦν
371 1645 454 1686 ἔστι
489 1644 629 1700 καιρὸς
666 1645 946 1700 ἀπαγγέλλειν
981 1645 1140 1687 ἐπειδὰν
1176 1645 1218 1687 δὲ
1252 1642 1435 1692 ἀπιόντες
1460 1642 1594 1683 οἴκαδε
1620 1639 1783 1682 natam

263 1711 394 1767 μόνας
421 1714 661 1768 γενοίμεθα,
698 1714 783 1770 εἴσῃ
815 1712 950 1763 πάσας
975 1715 1047 1755 καί
1058 1731 1109 1768 με
1128 1713 1281 1767 ταχέως
1304 1709 1517 1760 ἀπολύσεις
1533 1713 1605 1764 τῆς
1623 1709 1727 1762 μέμ-

262 1780 424 1836 ψεως.”
495 1780 730 1838 φθάσαντες
751 1777 821 1823 οὖν
841 1782 913 1837 τὴν
935 1784 1062 1824 οἰκίαν
1083 1783 1150 1823 καὶ
1169 1786 1249 1823 τῶν
1265 1782 1401 1822 *ἵππων
1420 1777 1644 1839 ἀποβάντες
1661 1778 1729 1818 καὶ

355 1878 390 1913 3.
416 1876 641 1921 διατρίψας]
666 1877 866 1912 Addendum
889 1877 1024 1912 videtur
1048 1874 1155 1917 τινὰς
1176 1876 1234 1911 vel
1257 1873 1394 1920 ὀλίγας.
1552 1874 1607 1910 12.
1631 1869 1729 1907 ἐκτε-

355 1923 485 1968 νίσας]
511 1920 706 1963 ἀτενίσαςί)

266 2004 324 2049 pia
339 2006 376 2036 et
391 2015 458 2047 quo
474 2014 513 2037 se
527 2006 702 2037 verterent
717 2003 838 2037 incerti
861 2002 920 2047 qui
934 2002 967 2036 in
984 2000 1162 2047 praesidiis
1183 2003 1282 2035 erant
1295 2011 1333 2034 se
1349 2001 1385 2034 et
1399 2009 1495 2034 arces
1513 2009 1591 2034 suas
1609 1996 1728 2033 Alexio

268 2049 412 2084 Romani
430 2050 596 2083 exercitus
613 2049 745 2083 ductori
763 2049 964 2083 dediderunt
979 2047 1154 2093 plerique;
1185 2047 1241 2082 alii
1265 2047 1446 2080 exhaustas
1461 2046 1561 2080 rebus
1578 2043 1731 2078 omnibus

269 2106 365 2129 arces
378 2095 606 2139 relinquentes
622 2096 793 2138 fugerunt.
827 2095 916 2128 unde
931 2093 1074 2137 contigit
1089 2093 1232 2126 omnium
1248 2104 1360 2130 earum
1376 2096 1546 2137 potentem
1560 2089 1634 2126 fieri
1649 2089 1731 2123 Ale-

267 2140 370 2175 xium.
417 2141 474 2184 qui
498 2152 624 2186 paucos
647 2141 725 2174 inde
751 2141 824 2174 dies
849 2144 1014 2174 Amaseae
1037 2144 1208 2181 moratus,
1236 2138 1425 2173 constitutis
1440 2138 1541 2172 rebus
1556 2135 1730 2175 civitatum

266 2186 455 2221 vicinarum
469 2213 478 2229 ‚
510 2190 546 2219 et
561 2187 760 2230 profundam
776 2187 810 2220 in
824 2186 888 2222 illis
904 2186 1055 2230 partibus
1072 2197 1190 2230 pacem
1205 2185 1395 2229 relinquens
1411 2183 1619 2227 omniumque
1635 2191 1731 2214 amo-

267 2243 323 2266 res
348 2243 461 2265 secum
487 2232 602 2265 ferens
628 2231 710 2265 abiit
737 2233 857 2277 plausu
872 2238 907 2266 et
920 2231 1218 2266 acclamationibus
1233 2232 1374 2265 emulum
1390 2229 1574 2270 deductus,
1605 2227 1731 2260 ducens

266 2289 350 2312 vero
366 2288 478 2311 secum
494 2277 676 2312 Urselium.
1722 2298 1724 2300 -

357 2323 413 2359 25.
460 2323 645 2356 Transiens
670 2326 781 2356 autem
797 2334 859 2367 per
875 2322 1140 2367 Paphlagoniam
1158 2322 1217 2356 ubi
1232 2321 1360 2355 vicinus
1374 2321 1439 2354 fuit
1453 2318 1564 2354 domui
1578 2317 1731 2352 Doceani

265 2369 441 2403 Theodori
460 2368 523 2402 viri
551 2368 671 2402 nobilis
694 2373 731 2402 et
756 2368 931 2413 locupletis
955 2368 1184 2413 sanguineque
1207 2367 1330 2401 Alexio
1354 2365 1542 2408 coniuncti,
1575 2376 1650 2398 nam
1675 2363 1731 2399 hic

266 2416 355 2449 filius
380 2418 455 2448 erat
477 2414 603 2448 sororis
627 2415 733 2459 patris
755 2414 857 2447 iuius.
903 2418 941 2447 ut
965 2426 1048 2457 ergo
1063 2413 1226 2457 cognovit
1240 2414 1415 2446 Doceanus
1434 2410 1583 2445 Alexium
1601 2410 1731 2444 adven-

266 2467 343 2495 tare
356 2486 366 2503 ‚
397 2460 546 2494 occurrit
570 2460 619 2493 illi
641 2460 774 2493 obviam
798 2459 898 2503 longe
913 2471 954 2493 ac
969 2471 1043 2493 eum
1060 2471 1181 2502 magna
1197 2459 1336 2495 caritate
1351 2456 1542 2501 complexus
1556 2455 1730 2491 salutavit·

269 2519 343 2540 cum
367 2511 479 2539 autem
505 2505 709 2550 respexisset
733 2505 924 2547 Urselium,
957 2510 993 2538 et
1018 2505 1156 2538 fasciam
1172 2505 1241 2538 eius
1257 2503 1359 2538 oculis
1374 2502 1562 2547 impositam
1576 2501 1731 2542 vidisset„

269 2552 388 2585 dolore
403 2564 524 2595 magno
541 2552 687 2586 affectus
704 2556 757 2585 est
771 2563 834 2584 nec
850 2556 968 2584 tenere
982 2562 1019 2584 se
1038 2551 1149 2595 potuit
1164 2551 1242 2594 quin
1256 2548 1408 2583 Alexium
1424 2549 1611 2586 incusaret,
1639 2546 1731 2592 quod

269 2597 378 2631 virum
395 2598 480 2631 adeo
497 2598 616 2631 fortem
635 2603 669 2631 et
684 2597 741 2642 qui
759 2597 924 2642 potuisset
947 2597 1085 2630 multum
1113 2596 1275 2641 prodesse
1289 2595 1336 2628 rei
1355 2594 1526 2628 Romanae
1543 2593 1646 2628 oculis
1662 2593 1732 2638 pri-
1748 2612 1750 2614 -

271 2647 397 2677 vasset.
443 2643 500 2676 ille
525 2648 636 2677 autem
662 2643 807 2688 prudens
825 2643 909 2676 alias
935 2646 971 2676 et
991 2642 1184 2678 moderatus
1199 2642 1232 2675 in
1247 2651 1399 2674 sermone
1423 2640 1543 2684 suique
1561 2637 1732 2684 potensin

275 2687 512 2722 dissimulando
525 2715 536 2730 ‚
568 2689 660 2733 quod
689 2689 831 2722 nondum
856 2692 990 2734 putaret
1017 2699 1092 2721 esse
1107 2692 1267 2722 maturum
1284 2686 1429 2731 prodere
1442 2710 1452 2725 ‚
1484 2685 1534 2719 sic
1561 2690 1734 2719 mansuete

276 2746 319 2768 ac
333 2733 499 2767 renidenti
516 2734 605 2767 vultu
624 2735 655 2767 ei
670 2735 862 2780 respondit:
894 2735 917 2751 ‘²
928 2744 1046 2767 causas
1061 2733 1211 2778 quidem,
1241 2732 1410 2766 matruelis
1425 2731 1467 2764 mi
1477 2757 1488 2774 ‚
1521 2732 1564 2765 ob
1580 2741 1665 2775 quas
1680 2729 1733 2765 hie

276 2779 381 2814 oculis
396 2779 546 2824 privatus
562 2784 632 2821 est,
664 2780 852 2824 exponendi
869 2790 957 2812 nunc
972 2790 1038 2812 non
1055 2785 1109 2812 est
1122 2783 1272 2822 tempus,
1303 2777 1359 2810 ubi
1377 2783 1487 2811 tamen
1504 2776 1636 2811 donnum
1652 2786 1733 2820 pet-

278 2825 466 2860 venerimus
483 2829 519 2858 et
534 2824 596 2858 soli
613 2836 678 2858 una
693 2826 815 2859 erimus
829 2835 944 2859 omnes
960 2823 1076 2858 audies
1092 2835 1210 2868 meque
1226 2828 1264 2857 ut
1277 2835 1376 2867 spero
1391 2823 1457 2858 isto
1474 2821 1609 2857 crimine
1620 2820 1733 2856 absol-

280 2871 378 2906 ves.''
425 2882 499 2907 cum
514 2882 596 2916 ergo
613 2870 712 2917 paulo
729 2876 808 2916 post
821 2871 954 2904 domum
969 2869 1139 2904 venissent
1156 2869 1249 2915 equis
1265 2869 1433 2904 exscensis
1449 2872 1486 2903 et
1499 2878 1641 2904 excusso
1656 2866 1734 2912 pul-
