1878 3262
656 197 1052 246 HISTORIARUM
1075 201 1134 246 L.
1163 201 1222 247 Π.
1601 207 1665 252 51

200 307 375 364 σᾶμενος
392 311 459 352 καὶ
480 309 614 354 αὐτῶν
635 312 706 355 ἕνα
723 313 879 364 κτείνας
895 313 991 365 τοὺς
1014 315 1180 368 λοιποὺς
1207 313 1494 376 συνετάραξεν,
1532 317 1670 370 ἄδειάς

198 396 242 421 τε
262 377 368 421 οὕτω
387 378 612 435 λαβόμενος
629 382 697 424 ἐπί
709 399 747 424 τι
765 380 946 440 γήλοφον
964 383 1087 427 ἀνιών
1105 384 1199 441 ἵστη
1210 418 1225 438 ,
1263 385 1368 430 ἔνθα
1383 385 1573 442 Ῥωμαῖοι
1593 389 1669 431 ἄλ-

198 451 262 489 λοι
281 464 322 490 τε
342 448 455 506 αὐτῷ
473 450 720 506 συνέστησαν
741 452 808 493 καὶ
827 449 906 508 πρό
924 467 967 507 γε
989 450 1150 495 πάντων
1164 452 1374 511 Ἰωάννης,
1391 455 1438 499 ὃν
1457 456 1525 500 ἅτε
1547 457 1667 500 ἀδελ-

201 517 348 573 φιδοῦν
367 517 479 575 αὐτῷ
498 517 596 561 ὄντα
614 520 655 570 ἒς
673 519 718 562 τὸ
736 524 816 562 τῶν
835 519 1181 577 πρωτοσεβάστων
1205 522 1370 580 χρόνοις
1385 523 1555 583 ὕστερον
1573 526 1665 570 ἆνε-

164 593 188 629 5
199 583 389 642 γράψατο
409 586 582 641 ἀξίωμα.
652 586 674 630 ὃ
691 588 765 642 μὲν
784 582 855 631 οὖν
870 589 1062 642 βασιλεὺς
1078 594 1221 632 τοῦτον
1239 592 1309 634 τὸν
1323 590 1473 650 τρόπον
1490 611 1666 652 περισω-

194 655 287 703 θεὶς
315 655 470 698 ἐκεῖθεν
498 654 794 711 ἀπηλλάττετο,
833 657 1041 714 ἶδροῦντος
1069 658 1182 716 αὐτῷ
1199 662 1347 718 κομιδῇ
1364 667 1438 703 τοῦ
1450 663 1577 705 ἵππου
1596 666 1667 706 καὶ

196 723 336 773 δεινῶς
362 729 663 775 πνευστιῶντος.
732 723 754 767 ὃ
787 726 831 768 δὲ
854 725 1087 780 δομὲστικος
1099 725 1285 783 Ἰωάννης
1303 733 1377 771 τοῦ
1392 732 1593 783 βασιλέως
1609 731 1666 775 ξ’τι

193 797 279 841 τοῖς
297 794 501 846 πολεμίοις
519 794 813 848 ἐμπλεκομένου
833 792 1001 837 κατόπιν
1020 795 1307 854 ἀπολειφθείς,
1337 799 1474 849 δείσας
1498 800 1556 854 μὴ
1584 804 1666 843 τῶν

192 862 393 914 πολεμίων
411 860 553 904 ἄλλοτε
573 862 708 906 ἄλλων
727 863 788 905 ἀεὶ
811 863 917 906 κατὰ
934 862 1175 919 συστήματα
1193 866 1490 923 ἐκφαινομένων
1511 866 1660 924 ἕρημος
1680 875 1714 910 D

140 937 184 972 10
189 930 390 983 βοηθείας
408 929 464 972 ὢν
480 928 559 973 ὕπὸ
574 933 690 989 χερσὶ
708 930 857 988 γένοιτο
876 938 965 982 ταῖς
983 932 1116 976 αὐτῶν
1124 965 1139 987 ,
1177 932 1349 990 σκήψεις
1365 935 1442 989 οὐχ
1457 933 1580 991 ὗγιεῖς
1601 954 1664 979 τι·-

189 1014 264 1048 νας
283 999 345 1039 ἐπὶ
365 991 607 1056 ξυμφέροντι
624 1005 683 1058 τῷ
703 1000 829 1043 αὐτοῦ
847 1001 1062 1044 ἀνέπλαττε
1074 1033 1088 1054 ,
1116 999 1287 1060 φάσκων
1303 1001 1484 1058 μάλιστα
1503 1003 1559 1055 ὡς
1575 1006 1663 1047 ἐπί-

190 1083 333 1123 καιρον
351 1065 448 1109 εἶναι
467 1067 538 1110 τὸν
551 1073 688 1126 χῶρον
708 1063 757 1111 οὗ
778 1070 828 1124 δὴ
848 1069 971 1120 αὐτὸς
989 1069 1115 1121 ἑστὼς
1133 1071 1244 1126 ἔτυχε
1257 1103 1271 1124 ,
1309 1073 1377 1114 καὶ
1412 1074 1493 1115 ὃεῖν
1512 1074 1663 1124 αὐτοὺς

186 1138 354 1189 βασιλεῖ
364 1134 600 1192 κατάντημα
618 1139 880 1193 ποιουμένους
898 1140 1079 1182 ἐνταῦθα
1097 1145 1254 1194 μᾶλλον
1276 1140 1519 1198 ἠθροῖσθαι.
1559 1147 1660 1185 πολ-

186 1203 284 1254 λοὺς
308 1208 389 1247 τῶν
413 1206 455 1255 ἐς
479 1207 652 1260 βασιλεά
670 1207 711 1249 ἐκ
732 1212 806 1250 τοῦ
827 1209 1102 1266 στρατοπέδου
1129 1207 1317 1267 καθάπερ
1347 1209 1500 1267 εἴρηται
1521 1208 1663 1254 ἰόντων

132 1278 175 1314 15
188 1270 317 1330 τούτῳ
348 1277 409 1331 τῷ
437 1273 576 1333 τρόπῳ
601 1276 703 1333 παρ’
738 1274 872 1336 ἑαυτῷ
900 1284 1114 1332 κατασχεῖν
1143 1278 1304 1332 ἴσχυσε,
1341 1279 1443 1335 πρὸς
1463 1279 1597 1322 αὐτῶν
1616 1297 1659 1323 τε

186 1343 407 1392 διασωθεὶς
424 1343 486 1384 ἐπὶ
502 1345 676 1397 βασιλέα
693 1338 833 1399 ἦλθεν.
902 1344 966 1388 ὅτε
987 1347 1037 1401 δὴ
1058 1346 1179 1397 αὐτὸς
1195 1345 1381 1402 Ἰωάννης
1398 1349 1466 1389 καὶ
1483 1353 1564 1390 τῶν
1582 1348 1658 1390 ἄλ-

184 1414 267 1452 λων
279 1409 491 1465 Ῥωμαίων
510 1415 651 1454 πολλοὶ
672 1411 871 1466 ὠνείδιζόν
891 1432 933 1457 τε
954 1415 1065 1474 αὐτῷ
1084 1415 1158 1469 τὴν
1175 1413 1330 1470 τόλμαν
1350 1416 1418 1458 καὶ
1439 1415 1486 1457 οὔ
1516 1414 1658 1474 πόρρω

182 1477 370 1536 θράσους
389 1478 488 1522 εἶναι
508 1480 560 1523 τὰ
583 1486 752 1525 τοιαῦτα
771 1484 1018 1526 διετείνοντο.
1086 1484 1174 1537 ἐμοὶ
1195 1485 1239 1526 δὲ
1261 1488 1390 1527 ταῦτα
1409 1486 1657 1527 διασκοπου-

181 1550 289 1606 μένῳ
307 1547 534 1603 θαυμάζειν
551 1548 698 1594 ἔπεισιν
707 1583 720 1603 ,
742 1549 853 1601 ὅπως
870 1553 912 1594 ἔν
929 1552 1041 1610 μέσῳ
1059 1550 1306 1608 τηλικούτων
1321 1550 1497 1608 γεγονότι
1515 1552 1652 1595 κινδύ-
1676 1559 1710 1594 V
1734 1561 1780 1597 23

126 1626 262 1661 ΞΟνων
280 1616 375 1660 οὐδὲ
393 1623 622 1675 τετρῶσθαι
639 1624 736 1675 γοῦν
753 1621 846 1663 οὐδὲ
862 1624 1096 1675 βεβλῆσθαι
1114 1621 1263 1676 ἐκείνης
1281 1625 1354 1676 τῆς
1371 1619 1526 1678 ἦμέρας
1536 1623 1653 1666 συνέ-
1675 1628 1706 1664 Ρ
1728 1632 1774 1667 29

182 1702 299 1728 πεσεν
338 1685 450 1744 αὐτῷ
462 1700 474 1712 ·
514 1687 591 1730 εἴτε
618 1683 690 1730 οὖν
711 1684 760 1731 ἐκ
783 1693 856 1732 τοῦ
875 1689 1004 1744 συχνὰ
1021 1689 1128 1731 κατὰ
1144 1691 1313 1732 τουτωνὶ
1333 1694 1414 1732 τῶν
1427 1688 1655 1748 βαρβάρων

181 1753 570 1811 ἀνδραγαθίσασθαι
593 1764 734 1814 πεῖραν
758 1762 831 1813 τῆς
855 1758 982 1800 αὐτοῦ
1002 1756 1311 1815 παρασχόμενος
1338 1759 1454 1815 σφίσι
1471 1757 1653 1814 γενναιό-

180 1839 302 1878 τητος
318 1822 534 1880 ἀπρόσιτος
549 1827 763 1880 μονονουχὶ
783 1825 942 1876 τούτοις
958 1827 1130 1882 ἐγένετο,
1169 1827 1245 1869 εἴτε
1273 1828 1340 1869 καὶ
1370 1830 1442 1881 τῆς
1460 1828 1652 1883 προνοίας

180 1891 304 1934 αὐτὸν
321 1890 584 1949 περιεπούσης
600 1892 764 1950 τρόποις
783 1892 844 1945 οἷς
864 1894 966 1950 αὕτη
986 1895 1195 1938 ἐπίσταται
1205 1926 1219 1948 ,
1248 1895 1374 1951 λέγειν
1391 1895 1466 1949 μὲν
1481 1895 1529 1938 οὗ
1543 1894 1650 1939 πάνυ

271 1989 328 2023 11.
349 1984 508 2031 μάλιστα
530 1984 603 2034 ὥς]
626 1988 743 2023 Malim
763 1984 814 2029 οἷς
835 1987 1006 2034 μάλιστα.

177 2067 283 2113 igitur
296 2067 331 2102 in
347 2067 462 2102 hostes
485 2078 710 2113 progressuS‚
739 2078 808 2102 uno
824 2068 925 2103 exiis
941 2068 1053 2102 occiso
1083 2068 1206 2103 ceteris
1228 2070 1394 2105 terrorem
1412 2068 1538 2105 iniecit,
1585 2081 1649 2105 au-

178 2115 244 2148 ctis
258 2114 339 2148 inde
356 2113 473 2148 animis
489 2114 609 2147 collem
624 2114 729 2159 petit,
754 2125 822 2159 quo
839 2119 874 2148 et
888 2114 944 2148 alii
960 2127 980 2148 e
995 2115 1158 2149 Romanis
1173 2115 1378 2149 conveniunt
1391 2121 1427 2150 et
1440 2121 1519 2150 ante
1534 2128 1650 2151 omnes

177 2161 321 2194 Ioannes
352 2160 468 2194 fratris
497 2160 604 2202 filius,
636 2171 734 2204 quem
759 2164 879 2205 postea
905 2161 1184 2195 sebastocratoris
1207 2160 1376 2206 dignitate
1398 2162 1551 2197 donavit.
1596 2162 1649 2198 ita

176 2206 342 2240 liberatus
355 2206 507 2251 periculo
521 2205 680 2250 princeps
693 2205 772 2239 inde
788 2206 972 2247 abscessit,
1002 2207 1147 2241 sudante
1175 2218 1242 2241 non
1273 2207 1440 2243 modicum
1467 2207 1646 2253 acriusque

176 2252 359 2286 anhelante
372 2264 473 2297 equo.
521 2253 666 2285 Ioannes
682 2263 765 2285 vero
780 2251 984 2286 domesticus
998 2252 1160 2297 implicito
1175 2253 1330 2287 hostibus
1343 2253 1551 2299 imperatore
1563 2254 1646 2288 reli-

177 2302 252 2332 ctus
282 2303 360 2343 post
389 2305 537 2342 tergum,
566 2298 700 2331 veritus
723 2309 767 2330 ne
790 2297 944 2332 hostibus
955 2298 1099 2332 subinde
1112 2299 1283 2333 turmatim
1297 2299 1539 2342 subeuntibus,
1568 2311 1645 2334 cum

177 2345 267 2378 nulla
281 2345 416 2378 adesset
431 2349 612 2389 praeterea
627 2342 740 2377 auxilii
755 2354 834 2387 spes
844 2369 852 2382 ‚
867 2343 998 2378 veniret
1012 2344 1047 2378 in
1063 2355 1176 2378 eorum
1191 2349 1416 2390 potestatem3
1437 2345 1527 2379 haud
1543 2356 1644 2379 sanos

174 2390 211 2424 in
226 2390 278 2424 his
292 2401 404 2424 rerum
418 2390 583 2434 angustiis
597 2400 680 2423 suae
694 2389 813 2423 salutis
830 2399 931 2423 causa
950 2394 1148 2435 praetextus
1169 2390 1367 2432 meditatus,
1396 2391 1507 2424 locum
1522 2390 1556 2424 in
1573 2402 1642 2436 quo

175 2441 246 2470 tum
262 2441 337 2469 erat
350 2447 427 2470 esse
439 2435 576 2470 dicebat
590 2435 732 2469 maxime
747 2440 992 2480 opportunum,
1023 2447 1064 2469 ac
1087 2447 1228 2470 necesse
1250 2447 1326 2470 esse
1341 2439 1380 2470 ut
1394 2436 1452 2480 qui
1466 2436 1512 2469 ad
1525 2447 1641 2481 regem

174 2493 214 2516 se
244 2482 400 2516 conferre
427 2482 573 2523 vellent,
605 2492 646 2515 eo
672 2480 878 2526 potissimum
891 2481 967 2515 loco
982 2492 1058 2515 sese
1072 2482 1284 2526 colligerent.
1329 2492 1404 2515 cum
1417 2481 1523 2525 igitur
1537 2482 1641 2527 pluri·

177 2538 248 2561 mos
263 2539 307 2561 ex
321 2527 384 2569 iis,
418 2527 476 2572 qui
492 2538 513 2561 a
528 2527 647 2561 castris
661 2527 852 2573 pergebant
874 2527 918 2562 ad
939 2527 1142 2573 principem,
1174 2526 1394 2568 detinuisset,
1427 2538 1544 2561 eorum
1575 2539 1642 2572 ope

175 2578 331 2608 servatus
361 2573 404 2608 ad
434 2574 670 2618 imperatorem
696 2572 800 2607 venit.
846 2572 991 2607 Ioannes
1006 2579 1118 2607 autem
1132 2572 1344 2616 Romanique
1357 2571 1415 2606 alii
1427 2572 1642 2617 imperatoris

0 2618 16 2636 ι
177 2617 374 2654 damnarunt
387 2618 563 2653 audaciam
575 2644 586 2661 ‚
618 2618 710 2664 quod
732 2618 777 2652 ad
797 2619 1021 2653 temeritatem
1047 2617 1186 2663 propius
1210 2618 1401 2652 accederet.
1449 2619 1527 2652 mihi
1556 2630 1639 2654 sane

176 2662 263 2698 haec
275 2665 486 2710 percensenti
499 2663 613 2699 mirari
625 2664 718 2698 subit
728 2689 739 2706 ‚
771 2675 838 2709 qua
857 2665 991 2699 ratione
1004 2665 1038 2698 in
1053 2664 1172 2698 mediis
1184 2668 1343 2698 versatus
1357 2663 1513 2709 perieulis
1528 2676 1640 2709 neque

177 2709 372 2744 vulneratus
386 2711 443 2744 ἰΙΙο
458 2710 513 2744 die
527 2721 638 2756 neque
652 2710 765 2745 laesus
778 2710 894 2745 fuerit.
940 2721 985 2744 an
1007 2721 1089 2744 vero
1099 2734 1111 2751 ‚
1141 2709 1233 2754 quod
1249 2710 1402 2744 crebrius
1414 2721 1486 2744 rem
1501 2710 1639 2744 fortiter

177 2754 339 2790 adversus
363 2757 528 2791 barbaros
552 2756 702 2802 gerendo
713 2781 725 2797 ‚
754 2756 995 2800 generositatis
1008 2766 1091 2790 suae
1105 2766 1172 2789 non
1187 2765 1298 2800 pauca
1310 2755 1472 2789 hactenus
1486 2755 1641 2795 dedisset

177 2800 376 2836 documenta
388 2826 398 2843 ‚
429 2803 473 2836 ab
499 2802 542 2836 iis
570 2813 782 2847 nequaquam
797 2802 844 2836 sit
858 2801 1053 2848 impetitus:
1084 2801 1140 2836 vel
1154 2801 1245 2846 quod
1261 2800 1373 2835 divina
1386 2801 1480 2836 illum
1495 2801 1639 2835 circum-

124 2885 146 2893 ,ᾳ
174 2845 307 2882 steterit
319 2846 559 2894 providentia,
587 2852 766 2894 tutataque
779 2847 906 2893 fuerit,
935 2847 1044 2885 modis
1065 2846 1131 2894 ipsi
1156 2847 1221 2883 soli
1246 2846 1412 2893 cognitis,
1442 2857 1508 2882 non
1529 2845 1637 2881 ausim
