1878 3262
286 173 378 252 ‘158
702 204 1004 249 NICEPHORI
1032 204 1295 249 BRYENNII

279 337 359 362 των
392 315 618 374 ἀνθρώπων
649 315 859 372 ἡδύτατος.
925 322 1053 360 ταῦτα
1083 316 1402 375 διαπραξάμενος
1432 322 1598 377 ἐπανῆκε
1626 323 1725 380 πρὸς

280 388 325 427 τὸ
351 385 593 438 Βυζάντιον,
622 388 688 428 καὶ
710 385 730 428 ὃ
749 385 940 440 βασιλεὺς
958 387 1175 443 χαριέντως
1196 387 1317 429 αὐτὸν
1337 385 1556 443 ὑπεδέχετο.

421 500 499 544 31.
561 499 628 541 Ἐν
666 497 747 557 ὅσῳ
786 500 829 541 δὲ
851 504 979 542 ταῦτα
1003 498 1239 556 ἐπράττετο,
1270 498 1290 541 ὁ
1316 501 1571 556 Μελισσηνὸς
1594 506 1726 557 Νικηὸ

286 566 412 625 ςι-’όρος
444 567 543 624 ἀνὴρ
579 566 753 624 εὐγενής,
790 566 844 619 ὥς
879 566 899 609 ὅ
935 567 1050 624 λόγος
1079 566 1285 625 ἐγνώρισεν
1306 567 1483 621 ἄνωθεν,
1517 570 1560 611 ἐκ
1581 570 1726 625 κήδους

232 644 264 678 1)
289 636 343 678 ὢν
378 636 619 694 ᾠκειωμένος
648 643 730 685 τοῖς
758 638 982 691 Κομνηνοῖς
1012 638 1107 691 (καὶ
1136 637 1213 693 γὰρ
1245 636 1352 693 ἔφθη
1375 641 1633 694 συναφθῆναι
1653 638 1758 694 τὴν5

285 703 435 746 τούτων
462 705 638 761 ἀδελφὴν
656 705 880 759 Εὐδοκίαν)
890 737 901 755 ,
937 706 1025 760 περὶ
1045 704 1117 758 τὴν
1136 706 1212 746 Κῶ
1231 706 1466 761 διατρίβων,
1499 706 1573 755 τὰς
1594 704 1735 762 Τοῦρ-·ὑ

285 790 363 814 κων
394 771 583 826 δυνάμεις
610 775 676 814 καὶ
702 773 796 822 τοὺς
828 772 1020 829 Τούρκων
1049 771 1246 828 ἄρχοντας
1266 771 1436 822 ἑλκύσας
1454 773 1554 830 πρὸς
1575 771 1742 824 ἓαυτόν,’

285 839 434 898 περιῄει
457 841 530 890 τὰς
545 844 616 895 τῆς
630 841 765 890 Ἀσίας
781 839 914 891 πόλεις
933 841 984 882 τὰ
1003 845 1239 898 κοκκοβαφῆ
1257 831 1559 895 ὑποδησάμενος
1574 842 1729 883 πέδιλα.-

285 909 322 950 οἶ
355 913 449 964 γοῦν
481 912 638 950 πολῖται
672 906 726 958 ὥς
755 914 920 962 βασιλεῖ
940 907 1147 962 Ῥωμαίων
1181 914 1289 966 σφᾶς
1319 926 1360 951 τε
1395 909 1540 960 αὐτοὺς
1570 911 1635 951 καὶ
1657 909 1731 958 τὰς

282 975 415 1026 πόλεις
441 976 550 1034 αὐτῷ
573 979 825 1034 παρεδίδουν.
894 975 914 1018 ὃ
948 978 990 1018 δὲ
1012 979 1076 1018 καὶ
1099 976 1206 1019 ἄκων
1221 984 1304 1027 τοῖς
1327 976 1524 1034 Τούρκοις
1545 972 1727 1034 ἔνεχείρὶ-
1739 987 1784 1022 10

281 1046 342 1095 ζεν
351 1077 364 1095 ,
394 1043 448 1093 ὥς
466 1048 667 1098 συμβῆναι
688 1045 755 1086 διὰ
771 1047 945 1101 βραχέος
966 1050 1108 1101 καιροῦ
1128 1046 1203 1087 κάκ
1223 1045 1365 1087 τούτου
1386 1049 1459 1087 τοῦ
1474 1043 1623 1102 τρόπου
1646 1062 1727 1086 πα-

281 1116 363 1153 σῶν
384 1114 464 1153 τῶν
480 1113 567 1168 περὶ
584 1112 655 1166 τὴν
669 1113 806 1154 Ἀσίαν
823 1130 863 1154 τε
885 1115 951 1154 καὶ
975 1115 1154 1169 Φρυγίαν
1174 1115 1241 1155 καὶ
1260 1113 1332 1168 τὴν
1350 1114 1555 1155 Γαλατίαν
1576 1111 1729 1155 πόλεων

281 1183 589 1236 κατακυριεῦσαι
622 1179 717 1229 τοὺς
755 1178 979 1237 Τούρκους.
1048 1181 1117 1230 ξὺν
1151 1179 1417 1238 στρατεύματι
1443 1183 1538 1237 γοῦν
1557 1182 1729 1239 πλείστῳ

279 1247 352 1302 τὴν
386 1249 427 1289 ἓν
458 1249 637 1306 Βιθυνία
661 1249 836 1291 Νίκαιαν
859 1247 1159 1302 καταλαμβάνει
1172 1279 1185 1301 ,
1220 1249 1404 1291 κάκεῖθεν
1430 1254 1502 1303 τῆς
1520 1250 1730 1302 βασιλείας

138 1324 166 1359 Ρ
194 1323 260 1359 104
281 1316 520 1358 ἀντεποιεῖτο
548 1313 767 1369 Ῥωμαίων.
836 1314 857 1358 ὃ
889 1316 1158 1372 Βοτανειάτης
1189 1318 1232 1359 δὲ
1262 1321 1390 1359 ταῦτα
1411 1315 1638 1371 πυθόμενος
1659 1316 1729 1359 τὸν
1740 1323 1782 1360 15

280 1384 492 1439 Κομνηνὸν
524 1388 772 1437 Διιετεκαλεῖτο
803 1384 976 1434 Ἀλέξιον
987 1417 1000 1436 ,
1036 1388 1102 1426 καὶ
1126 1386 1274 1427 ἐκέλευε
1295 1389 1437 1427 τοῦτον
1457 1383 1530 1427 σὺν
1548 1391 1636 1434 ταῖς
1656 1386 1730 1426 dv·—

279 1452 422 1507 νάμεσι
442 1452 511 1494 τὸν
530 1453 717 1509 πορθμὸν
738 1454 1083 1509 διαπεραιωθέντα
1102 1453 1171 1495 τὸν
1192 1451 1490 1508 Χαλκηδόνειον
1511 1452 1604 1494 κατ’
1629 1453 1728 1495 ἐκεί-

229 1512 233 1515 .
280 1537 349 1561 νου
368 1519 605 1577 στρατεύειν.
674 1519 695 1561 ὃ
719 1521 759 1561 δ’
785 1521 991 1577 ἄπελέγετο
1009 1522 1082 1576 τὴν
1099 1522 1191 1564 κατ’
1215 1523 1360 1563 ἐκείνου
1384 1522 1594 1577 στρατείαν
1612 1536 1728 1563 συνε·

279 1593 359 1638 τῶς
381 1588 502 1644 ἄγαν·
537 1589 674 1630 ἐδεδίει
694 1588 771 1645 γὰρ
799 1589 872 1643 τὴν
892 1591 1090 1643 βασιλέως
1110 1588 1340 1647 κουφότητα
1359 1591 1426 1631 καὶ
1448 1588 1520 1643 τὴν
1541 1592 1621 1631 τῶν
1638 1590 1728 1645 περὶ

163 1665 194 1701 V
218 1667 262 1703 76
285 1657 405 1699 αὐτὸν
426 1657 618 1713 πονηρίαν
640 1654 743 1710 ὁμοῦ
761 1658 827 1698 καὶ
849 1656 918 1699 τὸν
939 1656 1118 1714 φθόνον,
1150 1656 1207 1711 μή
1231 1674 1325 1700 ποτε
1347 1661 1487 1699 τοῦτον
1503 1659 1782 1714 προσηταῖ-ΞΟ

282 1742 351 1767 σαι
385 1727 560 1779 ’ξυμβαίη
597 1720 700 1766 κατὰ
728 1725 830 1766 πολὺ
854 1730 927 1778 τῆς
944 1730 1023 1767 τῶν
1047 1724 1240 1782 Τούρκων
1262 1723 1466 1778 δυνάμεως
1487 1723 1725 1777 ἐλαττούμε-

281 1810 371 1844 νον,
407 1795 473 1834 καὶ
499 1793 538 1834 οἳ
557 1794 721 1848 πονηροὶ
741 1793 870 1846 λαβὴν
883 1791 1069 1848 εὑρόντες
1088 1791 1310 1846 διαβάλωσι
1330 1794 1471 1834 τοῦτον
1486 1792 1586 1848 πρὸς
1604 1797 1726 1846 βασι-

283 1979 365 2002 mus.
411 1966 539 2002 cunctis
553 1966 658 2011 igitur
673 1978 693 1999 e
708 1965 876 2000 sententia
891 1966 1051 2000 confectis
1068 1966 1263 2012 Byzantium
1279 1966 1366 2000 redit
1376 1994 1387 2011 ,
1417 1969 1515 2012 grate
1529 1966 1594 2001 illic
1608 1978 1650 2001 ac
1662 1967 1724 2002 be*

281 2014 401 2048 nevole
416 2018 578 2058 exceptus
593 2013 635 2046 ab
649 2012 866 2057 imperatore.

370 2105 425 2138 31.
471 2104 579 2137 Porro
603 2103 681 2137 dum
706 2102 789 2136 haec
811 2102 955 2145 fierent,
984 2100 1186 2136 Melissenus
1210 2100 1424 2145 Nicephorus
1447 2101 1502 2136 vir
1523 2097 1657 2146 nobilis,
1687 2107 1724 2136 ut

280 2149 434 2194 superius
462 2153 514 2183 est
534 2149 674 2191 dictum,
706 2152 741 2182 et
765 2148 934 2182 affinitate
954 2147 1132 2181 Comnenis
1155 2147 1286 2180 iunctus
1317 2148 1416 2190 (nam
1437 2148 1555 2182 horum
1575 2159 1723 2182 sororem

279 2195 467 2229 Eudociam
482 2205 621 2227 uxorem
637 2195 806 2238 duxerat)
839 2194 928 2227 circa
945 2193 1048 2227 Coam
1064 2192 1203 2226 insulam
1229 2191 1402 2226 diversans
1414 2217 1425 2234 ‚
1455 2193 1637 2235 conciliatis
1659 2193 1724 2227 sibi

279 2241 322 2274 ad
347 2251 450 2284 seque
475 2240 626 2273 attractis
648 2239 838 2272 Turcorum
858 2239 964 2284 copiis
986 2243 1021 2272 et
1043 2238 1230 2271 Turcorum
1255 2237 1414 2282 ducibus,
1445 2238 1606 2273 circuibat
1621 2239 1724 2272 Asiae

278 2286 404 2329 urbes,
434 2285 542 2318 rubris
568 2284 689 2318 calceis
714 2284 861 2325 indutis,
890 2296 930 2318 ac
956 2284 1078 2328 passim
1099 2283 1227 2316 illarum
1240 2284 1331 2317 cives
1346 2283 1376 2316 ei
1397 2283 1486 2318 velut
1500 2283 1723 2318 Romanorum

279 2330 474 2376 imperatori
489 2342 525 2364 se
540 2341 686 2374 suasque
700 2329 867 2363 dedebant
882 2331 1055 2363 civitates:
1085 2329 1142 2363 ille
1165 2335 1274 2362 autem
1291 2329 1415 2362 invitus
1428 2329 1513 2363 iicet
1527 2340 1585 2362 eas
1599 2328 1724 2363 Turcis

280 2377 438 2411 tradebat
462 2376 510 2409 ita
532 2381 571 2409 ut
591 2376 654 2408 hoc
677 2375 774 2408 modo
801 2375 982 2418 contigerit
998 2375 1092 2408 brevi
1106 2380 1255 2418 tempore
1270 2375 1370 2408 urbes
1385 2374 1484 2408 Asiae
1498 2374 1666 2418 Phrygiae
1681 2375 1727 2408 ad

283 2423 443 2456 Galatiae
466 2421 639 2455 universas
653 2420 688 2453 in
702 2421 891 2454 Turcorum
907 2420 1020 2454 venire
1037 2425 1244 2465 potestatem.
1290 2419 1361 2464 ipse
1374 2431 1474 2465 porro
1488 2431 1606 2463 magno
1623 2430 1724 2454 exer-

283 2468 349 2500 citu
366 2468 496 2501 Nicaea
509 2467 692 2510 Bithyniae
707 2470 895 2510 occupata,
923 2465 1002 2499 inde
1024 2466 1215 2499 imminebat
1228 2465 1364 2510 imperio
1380 2466 1541 2498 Romano.
1587 2466 1637 2499 his
1650 2465 1720 2498 Bo-

280 2513 423 2547 taniates
450 2512 593 2556 cognitis
622 2513 826 2546 Comnenum
852 2512 1003 2545 Alexium
1028 2511 1172 2544 accersit
1184 2511 1342 2554 iubetque
1357 2509 1720 2544 chalcedonensi-freto

282 2569 355 2591 cum
380 2557 484 2603 copiis
506 2558 651 2592 traiecto
678 2557 840 2591 adversus
866 2556 1079 2590 Melissenum
1107 2556 1348 2601 expeditionem
1375 2555 1555 2599 suscipere.
1600 2561 1638 2591 at
1664 2555 1721 2589 hic

278 2602 376 2636 istam
401 2603 545 2636 militiam
566 2601 835 2647 deprecabatur,
861 2602 1017 2648 prudenti
1041 2613 1122 2635 sane
1142 2601 1290 2635 consilio.
1336 2601 1516 2634 verebatur
1530 2601 1652 2647 quippe
1668 2601 1720 2635 le-

281 2649 418 2681 vitatem
441 2648 651 2692 imperatoris
666 2652 701 2681 et
717 2660 830 2682 eorum
842 2674 853 2691 ‚
887 2648 943 2692 qui
964 2647 1138 2692 plurimum
1153 2647 1240 2692 apud
1255 2646 1361 2690 ipsum
1376 2646 1553 2688 valebant,
1582 2646 1719 2681 fraudes

281 2704 322 2727 ac
346 2693 524 2738 nequitiam
549 2693 772 2737 invidiamque
786 2694 819 2727 in
835 2704 910 2727 sese
924 2704 989 2726 non
1005 2693 1191 2726 obscuram.
1237 2691 1404 2725 metuebat
1426 2692 1527 2734 igitur
1539 2703 1583 2726 ne
1597 2692 1626 2726 si
1640 2691 1719 2736 quid

281 2739 371 2772 forte
387 2750 427 2773 eo
442 2738 529 2771 bello
543 2738 752 2781 offenderet,
774 2739 863 2783 quod
878 2738 1027 2784 proclive
1041 2738 1161 2771 eratin
1176 2740 1269 2771 tanto
1286 2736 1400 2769 maiori
1416 2737 1604 2771 ‘rurcorum
1619 2747 1720 2771 exet-²

279 2785 367 2829 citu,
395 2783 550 2819 malevoli
571 2788 707 2828 arrepta
728 2783 870 2818 nocendi
893 2794 993 2825 ansa,
1022 2783 1234 2818 diffamarent
1250 2782 1356 2826 ipsum
1369 2782 1460 2827 apud
1474 2783 1718 2829 imperatorem,
