1878 3262
230 211 326 258 378
680 206 884 250 CAROLI
917 207 997 250 DU
1030 206 1243 250 FRESNE

338 333 375 370 p.
390 315 472 361 224
491 330 530 356 v.
542 318 608 359 23.
640 313 882 368 α’δελφιδοῦς
900 314 1119 367 Στέφανος]
1143 314 1205 353 An
1225 315 1409 354 Vladislai
1428 315 1529 368 regis
1550 315 1685 354 filius?

227 382 333 415 certe
351 374 401 412 de
422 373 610 412 Vladislai
627 373 816 425 Stephani
837 373 970 411 fratris
988 372 1186 410 connubio
1207 372 1322 411 silent
1338 373 1559 424 scriptores,
1616 372 1684 410 sed

227 446 300 471 nec
320 430 444 469 simile
464 430 622 469 videtur
644 443 763 479 vero,
800 429 923 467 filium
947 429 1157 477 Vladislai,
1198 430 1308 467 cuius
1328 429 1507 480 nuptias,
1535 429 1566 467 si
1588 442 1684 478 quas

227 489 340 537 iniit,
370 492 458 538 post
478 487 667 539 Stephani
683 486 817 525 fratris
836 500 924 524 cum
945 486 1068 523 Maria
1088 487 1287 524 Comnena
1305 486 1543 524 connubium
1564 487 1686 523 factas

227 550 405 594 constat,
434 543 562 595 ipsum
582 543 824 595 Stephanum
845 543 964 582 vultu
986 549 1026 580 et
1048 554 1115 580 ore
1138 541 1235 579 adeo
1259 541 1513 594 expressisse,
1538 542 1619 605 qui.
1621 554 1687 579 ae-

227 607 309 640 tate
327 601 454 639 multo
477 600 640 639 inferior
660 606 755 641 erat
814 600 947 637 malim
969 599 1087 649 igitur
1107 611 1177 650 per
1199 594 1444 649 ἄδελφιδουν
1466 598 1687 650 quempiam

227 658 346 696 alium
374 670 394 695 e
420 656 542 709 stirpe
567 658 671 708 regia
691 655 880 708 Stephani
910 656 1071 694 senioris
1092 655 1425 707 consanguineum
1449 654 1690 693 intellexisse

228 715 482 763 Cinnamum,
514 714 686 764 quisquis
706 714 771 751 ille
792 713 923 751 suerit.

342 785 380 822 Ρ.
402 773 483 812 226
505 784 543 812 v.
566 773 632 813 22.
690 767 857 822 Μιχαήλ
877 768 1058 823 Γαβρᾶς]
1090 768 1241 807 Nicetas
1267 767 1292 806 l.
1314 766 1340 808 4
1359 781 1398 806 n.
1419 770 1457 809 3.
1514 781 1553 807 v.
1572 773 1688 806 stem-

228 841 290 866 ma
313 828 497 866 Comnen.

339 897 377 935 p.
395 886 479 924 227
502 895 544 921 v.
571 886 609 924 1.
668 882 906 935 Προκοπίου
931 883 1007 922 τοῦ
1031 879 1258 933 μάρτυρος]
1289 878 1347 918 An
1372 879 1553 932 Procopii
1581 893 1690 918 mar-

228 940 351 992 tyris,
391 939 501 977 cuius
529 940 673 977 festum
705 945 826 990 agunt
855 939 993 976 Graeci
1021 951 1066 975 ac
1083 937 1210 975 Latini
1232 940 1257 978 8
1278 936 1337 975 Id.
1360 937 1478 976 Iulii?
1535 942 1577 974 at
1600 950 1690 975 cum

229 998 261 1035 is
288 997 360 1034 sub
389 995 627 1034 Diocletiano
657 997 864 1033 Caesareae
891 995 933 1032 in
958 995 1175 1032 Palaestina
1203 993 1437 1044 martyrium
1467 993 1689 1045 pertulerit,

230 1053 391 1105 quando
419 1052 523 1090 illius
550 1065 693 1102 corpus
709 1052 871 1090 Naisum
892 1051 1130 1089 translatum
1150 1050 1243 1087 inde
1264 1050 1405 1101 fuerit,
1433 1063 1547 1088 nemo
1561 1080 1571 1099 ,
1602 1050 1690 1101 opi-

231 1124 328 1155 nor,
357 1108 536 1147 tradidit.
593 1108 698 1145 aedis
718 1108 811 1146 divo
833 1108 899 1145 isti
917 1107 1065 1145 dicatae
1083 1108 1124 1144 in
1146 1107 1425 1157 Peloponneso,
1450 1112 1498 1144 ut
1517 1106 1691 1154 videtur,

231 1165 412 1204 meminit
434 1170 574 1202 auctor
593 1164 705 1202 Vitae
731 1166 768 1201 S.
786 1165 912 1201 Lucae
938 1164 1104 1202 iunioris
1129 1177 1164 1201 c.
1192 1163 1217 1205 5
1247 1177 1286 1200 n.
1314 1165 1380 1207 37.
1440 1163 1593 1201 exstitit
1617 1163 1695 1200 alia-

229 1228 432 1275 praeterea
455 1220 569 1258 aedes
589 1220 628 1258 d.
653 1220 831 1271 Procopii
851 1219 1200 1271 Constantinopoli,
1225 1232 1341 1270 quam
1361 1219 1569 1259 renovavit
1584 1220 1693 1257 Zeno

232 1280 414 1327 kam-us,
444 1284 492 1316 ut
509 1283 568 1315 est
584 1277 627 1314 in
645 1276 840 1314 Chronico
862 1276 1143 1324 Alexandrino,
1174 1289 1218 1313 ac
1240 1275 1381 1314 deinde
1399 1276 1597 1314 Antonina
1616 1277 1691 1313 Be-

230 1334 370 1374 lissarii
396 1348 502 1372 uxor
531 1333 637 1386 apud.
658 1333 891 1386 scriptorem
914 1332 1097 1372 chronici
1120 1332 1228 1384 Cpol.
1269 1332 1348 1383 agit
1364 1332 1480 1370 etiam
1503 1332 1551 1370 de
1572 1331 1695 1370 hocce

230 1392 379 1445 templo
397 1390 549 1430 Suidas.

341 1461 382 1487 v.
405 1452 467 1489 11.
525 1448 597 1487 τοῦ
627 1443 825 1499 μάρτυρος
850 1446 1084 1498 Δημητρίου
1112 1442 1240 1496 νεων]
1280 1444 1400 1492 Quod
1429 1444 1495 1482 hic
1521 1444 1696 1483 habetui

229 1505 422 1556 templum
447 1503 485 1542 d.
503 1503 700 1552 Demetrii,
734 1503 894 1542 videtur
909 1503 1009 1540 illud
1027 1515 1120 1551 esse,
1150 1515 1172 1539 a
1191 1515 1268 1553 quo
1288 1501 1475 1552 oppidum
1494 1501 1713 1540 (1.1)εωθ-’

229 1562 298 1600 trii
320 1560 371 1598 ad
388 1562 534 1598 Savum
554 1572 706 1597 amnem
728 1559 848 1597 situm
864 1573 1009 1597 nomen
1028 1558 1198 1610 accepit,
1227 1557 1346 1595 hodie
1366 1559 1409 1598 S.
1427 1560 1611 1596 Demeter
1630 1558 1693 1595 di-

231 1624 340 1656 ctum
354 1648 365 1666 ,
395 1616 505 1654 haud
525 1616 666 1667 procul
685 1615 732 1652 ab
751 1615 915 1665 antiquo
936 1615 1090 1653 Sirmio.
1129 1614 1238 1665 quod
1261 1627 1356 1653 vero
1382 1614 1571 1665 templum
1592 1614 1694 1652 illud

229 1675 273 1712 in
293 1673 434 1712 Sirmio
457 1678 611 1711 exstare
633 1672 688 1709 ait
707 1672 939 1721 Cinnamus,
979 1672 1022 1709 id
1051 1670 1321 1722 accipiendum
1343 1676 1441 1721 puto
1463 1684 1535 1722 pro
1555 1671 1694 1708 Sirmi—

230 1731 314 1769 ensi
340 1744 453 1781 agro:
503 1743 597 1767 nam
633 1729 803 1780 Σίρμιον
831 1741 913 1765 non
945 1727 1063 1765 semel
1094 1727 1126 1764 is
1160 1726 1306 1764 dicitur
1342 1726 1468 1764 eidem
1501 1727 1695 1779 scriptori.

231 1760 384 1840 oppidio
385 1799 481 1826 vero
502 1787 540 1823 S.
558 1784 744 1822 Demetrii
767 1784 946 1822 meminit
971 1783 1174 1821 Bonfinius
1194 1783 1277 1822 dec.
1294 1782 1320 1824 5
1342 1783 1368 1822 l
1390 1782 1417 1823 4
1437 1789 1627 1823 extremo.

345 1857 384 1894 p.
400 1846 482 1884 228
501 1855 541 1884 v.
564 1845 603 1883 2.
648 1837 830 1891 ἀδελφοῦ
850 1836 1086 1891 Στεφάνου]
1118 1840 1200 1877 lam
1219 1839 1337 1877 modo
1355 1840 1591 1891 percipimus
1597 1839 1696 1905 ’quis

232 1900 352 1939 fuerit
370 1898 612 1951 Stephanus,
645 1898 756 1935 cuius
776 1897 880 1934 filius
900 1897 1018 1935 fuisse
1039 1896 1184 1935 dicitur
1204 1895 1299 1935 Livo
1328 1909 1397 1934 seu
1415 1897 1516 1946 Leo,
1546 1897 1696 1948 primus

233 1956 440 1995 Armeniae
460 1968 552 2004 rex,
581 1955 623 1992 in
650 1954 759 1992 bulla
786 1966 905 1991 aurea
936 1967 1005 1992 seu
1026 1953 1239 2004 diplomate
1258 1951 1303 1990 A.
1325 1956 1445 2001 1210,
1479 1953 1587 2004 quod
1609 1953 1696 1991 Ma-

235 2014 344 2051 nosci
374 2012 418 2049 in
445 2011 650 2063 provincia
673 2010 781 2062 apud
799 2010 1176 2062 Hierosolymitanos
1206 2010 1356 2059 equites
1380 2016 1626 2058 asservatur,
1652 2008 1696 2046 in

237 2082 316 2119 quo
348 2070 430 2106 Leo
455 2068 580 2119 filias
609 2066 766 2105 domini
785 2067 979 2118 Stephani
1005 2067 1130 2104 bonae
1156 2067 1369 2103 memoriae
1390 2064 1455 2103 dei
1477 2073 1514 2103 et
1537 2067 1697 2117 imperii

238 2127 419 2164 Romani
443 2126 588 2176 gratia
613 2138 679 2162 rex
698 2124 916 2162 Armeniae
942 2123 1099 2161 dicitur.
1156 2122 1251 2160 hinc
1279 2122 1396 2160 etiam
1422 2128 1530 2174 patet
1556 2122 1696 2159 Leonis

236 2182 359 2234 ipsius
376 2181 580 2229 Milonem,
611 2181 679 2231 qui
701 2181 849 2218 Toroso
872 2180 987 2218 fratri
1015 2180 1056 2217 in
1077 2179 1283 2217 Armeniae
1311 2179 1575 2231 principatum
1601 2192 1695 2216 suc-

239 2238 374 2288 cessit,
404 2237 645 2276 avunculum
666 2243 772 2275 recte
794 2236 983 2288 appellari
1001 2236 1047 2274 ab
1068 2236 1297 2274 Innocentio
1320 2235 1370 2272 ΙΙΙ
1389 2248 1454 2286 pp.
1473 2235 1501 2275 l.
1524 2238 1551 2277 2
1569 2235 1694 2285 Epist.

233 2309 275 2347 Ρ.
299 2296 394 2336 536.
451 2293 696 2345 proindeque
724 2307 747 2330 a
776 2294 1015 2345 scriptorum
1035 2292 1251 2344 plerisque,
1282 2291 1487 2330 Vincentio
1511 2291 1696 2329 Bellova-

236 2350 362 2397 censi,
389 2351 560 2400 Sanuto,
593 2349 832 2400 Houedeno,
862 2351 1105 2401 Bromptono
1135 2355 1253 2399 atque
1274 2347 1371 2386 adeo
1398 2353 1582 2385 accurato
1603 2347 1697 2386 alias
1766 2358 1771 2364 ·

101 2406 130 2440 Ρ
152 2406 219 2442 479
242 2406 496 2446 Familiarum
519 2406 871 2444 Ultramarinarum
891 2406 1094 2456 scriptore,
1121 2404 1267 2457 Rupini
1285 2405 1444 2443 fratrem
1465 2404 1580 2442 fuisse
1597 2404 1698 2442 Leo-

240 2477 328 2503 nem
350 2476 555 2515 perperam
573 2463 720 2501 reserri.
777 2475 850 2499 nec
869 2463 1000 2500 obstat
1020 2462 1128 2512 quod
1146 2463 1222 2499 Leo
1241 2460 1454 2512 Rupinum,
1483 2461 1630 2512 Rupini
1648 2473 1699 2499 ex

240 2521 320 2558 filia
329 2526 527 2571 nepotem,
548 2520 690 2571 passim
702 2525 885 2570 nepotem
896 2518 1123 2569 simpliciter
1134 2523 1265 2557 vocat.
1293 2517 1435 2568 quippe
1447 2530 1583 2555 vocem
1595 2517 1698 2555 hanc

243 2590 317 2628 pro
338 2576 612 2626 consanguinei
630 2576 711 2614 filio
732 2575 906 2614 crebrius
921 2575 1106 2626 usurpari
1124 2574 1230 2626 apud
1247 2579 1426 2611 auctores
1441 2579 1609 2624 constat,
1621 2586 1699 2624 qua

243 2633 458 2670 etiamnum
478 2633 672 2670 Armorici
690 2632 815 2671 nostri
836 2632 969 2669 eadem
986 2632 1147 2669 notione
1163 2629 1305 2682 passim
1323 2635 1506 2670 utuntur.
1545 2630 1595 2669 de
1614 2630 1700 2669 An-

188 2686 194 2691 ’
243 2689 408 2728 dronico
427 2688 691 2739 Euphorbeno
711 2687 993 2726 consulendum
1009 2694 1172 2726 stemma
1190 2686 1482 2726 Comnenicum.

353 2759 392 2797 p.
408 2747 491 2787 229
513 2758 551 2785 v,
572 2748 610 2786 2.
668 2748 743 2785 τοῦ
763 2744 964 2797 Ρωμαίων
985 2738 1302 2796 αὐτοκράτορος]
1334 2743 1454 2781 Vetus
1477 2748 1534 2781 est
1562 2748 1602 2780 et
1627 2742 1699 2780 de-

244 2807 401 2840 cantata
417 2800 485 2839 illa
507 2801 683 2851 quaestio
704 2807 743 2838 et
766 2799 1053 2848 controversia,
1080 2800 1400 2838 Romanorumne
1416 2800 1700 2851 imperatorum

246 2858 366 2898 fuerit
395 2871 566 2897 summos
595 2857 802 2910 pontifices
831 2857 979 2895 Romae
1009 2867 1160 2906 creare,
1198 2855 1260 2896 vel
1289 2862 1395 2897 certe
1426 2870 1477 2895 an
1501 2855 1528 2894 ii
1556 2855 1700 2906 absque
