1878 3262
293 215 386 261 158
713 252 715 254 ,
769 207 992 252 IOANNIS
1027 181 1256 252 οΙΝῙΝΑΜ]

236 331 270 366 D
292 327 464 372 ἔκτειναν
475 355 490 376 ,
524 320 630 366 εἷλον
666 320 710 363 δὲ
745 322 812 364 καὶ
848 320 1034 379 ζωγρείας
1066 318 1293 374 πανόπλους
1323 322 1464 375 ἱππέας
1487 320 1628 366 ἕκατόν
1650 321 1736 377 μά·-

286 403 416 439 λιστα.
487 393 719 448 Φλαμίγγῠν
745 391 789 432 δὲ
814 390 928 447 ἔγγὺς
953 389 1104 433 ἁλῶναι
1137 389 1215 446 ἤδη
1244 393 1495 447 γεγενημένον
1519 390 1545 447 ἦ
1570 396 1643 434 τοῦ
1662 392 1736 432 ἵπ-

285 480 362 506 που
384 458 559 516 ταχύτης
581 465 654 503 τοῦ
674 457 855 505 κινδύνου
881 457 1113 502 διεσώσατο.
1156 462 1285 502 ταῦτα
1304 459 1615 518 κατωρθωκότες
1632 459 1735 502 Ῥω-

284 537 399 586 μαῖοι
425 531 487 571 ἐπὶ
513 527 752 572 Μονόπολιν
775 525 1043 584 ἀνεχώρησαν.

428 598 504 643 10.
566 596 615 640 Ὅ
653 598 695 639 δὲ
720 595 883 647 Δούκας
908 595 1101 653 ὁσημέραι
1133 596 1206 650 τὴν
1229 593 1353 650 τύχην
1372 593 1582 649 Ῥωμαίοις
1606 605 1765 653 προσ-5

286 669 506 723 μειδιῶσαν
542 664 646 723 δρῶν
670 666 716 708 οὗ
738 664 842 707 πάνυ
866 682 904 716 τι
929 662 1123 707 πιστεύειν
1149 662 1248 719 εἶχεν
1274 664 1377 720 αὐτῇ
1388 696 1401 716 ,
1436 663 1512 718 τὴν
1534 663 1734 720 ἀποστρο-

287 737 370 794 φὴν
394 734 448 786 ὥς
471 734 573 784 εἰκὸς
592 732 897 789 εὐλαβούμενος,
922 731 1074 787 μήποτε
1094 733 1198 775 κατὰ
1219 732 1313 783 τοὺς
1333 731 1571 789 μοχθηροὺς
1593 732 1734 788 (φασὶ)

286 809 368 848 τῶν
391 801 687 860 συνοδοιπόρων
701 804 743 845 ἔκ
765 803 890 857 μέσης
910 799 1265 852 λιπούσατούτους
1288 799 1511 857 ἀνακάμψῃ
1534 804 1605 855 τῆς
1626 798 1739 842 ὁδοῦ.

290 872 387 916 ὅθεν
422 874 488 914 καὶ
523 870 693 929 γράμμα
720 869 906 928 χαράξας
939 875 997 927 τῷ
1027 875 1191 924 βασιλεῖ
1218 869 1403 924 ἔπεμψεν.
1473 867 1548 923 εἶχε
1577 869 1619 910 δὲ
1645 862 1737 910 ὦδε.

171 944 200 978 Ρ
223 943 268 978 92
284 940 310 957 ‘⁶
326 944 360 984 εἲ
383 941 456 995 μὲν
480 942 619 995 μηδεὶς
645 939 700 982 ἔτι
723 941 786 981 ἐπὶ
811 944 882 993 τῆς
896 940 1067 989 Ἰταλίας
1092 937 1264 992 πόλεμος
1285 937 1380 993 ἡμῖν
1402 938 1594 989 ἐλείπετο,
1636 934 1791 993 κρά-10

289 1026 396 1053 τιστε
421 1012 590 1063 βασιλεῦ’
602 1040 615 1060 ,
653 1007 741 1050 οὔτε
768 1012 958 1065 στρατιᾶς
985 1007 1108 1062 ἄλλης
1133 1008 1289 1062 ε’δέησεν
1313 1006 1361 1049 ἂν
1388 1006 1477 1050 οὔτε
1503 1010 1580 1050 τῶν
1606 1003 1738 1047 ἄλλων

291 1076 464 1127 οὐδενός.
531 1075 663 1119 πάντα
687 1077 763 1134 γὰρ
791 1078 831 1127 ἐς
856 1075 971 1131 τήνδε
998 1076 1069 1131 τὴν
1094 1074 1247 1133 ἡμέραν
1273 1076 1376 1118 κατὰ
1401 1080 1494 1118 νοῦν
1518 1072 1739 1132 κεχωρηκέ-

289 1165 355 1190 ναι
380 1144 475 1200 ἣμῖν
501 1144 613 1196 ἴσθι,
647 1144 779 1195 πόλεις
803 1162 844 1187 τε
872 1145 1011 1199 σχεδὸν
1036 1143 1209 1196 ἁπάσας,
1247 1142 1390 1186 ὁπόσαι
1414 1145 1454 1186 ἒν
1473 1144 1622 1203 Ἰταλίᾳ
1643 1156 1751 1200 τυγ-’
1790 1162 1793 1165 ’

283 1213 476 1269 χάνουσιν
503 1208 620 1255 οὖσαι
649 1215 715 1255 καὶ
741 1211 875 1270 κόλπῳ
909 1218 966 1270 τῷ
985 1213 1130 1270 Ἰονίῳ,
1164 1211 1536 1269 παραστησαμένοις
1569 1212 1646 1267 ἤδη
1672 1214 1740 1255 καὶ

287 1281 389 1339 πρός
421 1299 463 1338 γε
501 1282 699 1335 πολέμους
733 1280 992 1338 ἑιεκρατηκόσι
1024 1280 1221 1337 μεγάλους
1256 1283 1462 1335 βασιλείας
1494 1299 1535 1323 τε
1569 1285 1640 1335 τῆς
1665 1285 1791 1336 σῆς15

288 1354 356 1394 καὶ
382 1355 456 1394 τοῦ
475 1348 684 1404 Ῥωμαίων
711 1351 880 1400 ἐπαξίως
904 1350 1052 1405 γένους.
1120 1351 1202 1391 ἐπεὶ
1229 1350 1272 1391 δὲ
1298 1349 1404 1405 ἀγὼν
1429 1347 1523 1403 ἡμῖν
1550 1347 1571 1391 ὅ
1596 1351 1736 1403 μείζων

286 1420 530 1475 ἐπίπροσθεν
568 1417 625 1460 ἔτι
667 1425 791 1461 κεῖται
835 1419 905 1474 (Γ
903 1420 1076 1472 ιλίελμος
1120 1418 1196 1475 γὰρ
1234 1416 1254 1460 ὃ
1289 1419 1473 1460 Σικελίαν
1515 1417 1737 1478 λῃστεύων,

286 1487 499 1541 ἀσχάλλων
526 1485 581 1536 ὣς
607 1487 711 1537 εἰκὸς
735 1488 798 1529 ἐπὶ
823 1491 873 1543 τῇ
896 1491 975 1529 τῶν
1001 1487 1153 1529 οῗκείων
1175 1487 1362 1545 ἀπωλείᾳ,
1399 1484 1584 1539 δυνάμεις
1609 1484 1738 1529 ἁπαν-

167 1565 201 1600 V
221 1566 268 1602 72
289 1554 464 1609 ταχόθεν
491 1555 634 1611 ἀγείρει
659 1557 727 1597 καὶ
753 1553 894 1597 στόλον
918 1559 1016 1597 νεῶν
1041 1553 1096 1604 ὥς
1119 1556 1312 1597 πλείστων
1336 1556 1398 1596 ἐπὶ
1421 1553 1633 1603 θάλασσαν
1657 1554 1736 1610 ἤδη

286 1622 546 1673 κατεσπακώς
572 1623 648 1676 ἔχει
658 1655 672 1674 ,
708 1621 762 1673 ὥς
788 1623 830 1664 ἐκ
855 1627 927 1678 γῆς
949 1621 1044 1677 ἡμῖν
1067 1625 1134 1664 καὶ
1158 1621 1373 1678 θαλάσσης
1395 1623 1607 1666 ἐπιτίθοιτο
1629 1624 1790 1665 >tarnim

237 1701 269 1737 Β
290 1696 384 1735 νοῦν
409 1689 687 1745 ποιούμενος),
719 1691 764 1733 οὗ
783 1690 864 1748 χρὴ
886 1693 974 1748 περὶ
995 1689 1211 1742 ἐλάσσονος
1235 1689 1377 1743 ταύτῃ
1397 1688 1504 1743 ἡμᾶς
1528 1695 1734 1733 ποιεῖσθαι

285 1761 359 1815 τὴν
383 1764 456 1802 τοῦ
481 1758 676 1815 νησιώτου
703 1760 960 1816 παρασκευὴν
983 1759 1075 1801 οὐδὲ
1096 1760 1307 1816 παρέργως
1318 1755 1490 1811 πόλεμον
1515 1755 1628 1801 τόνδε
1643 1761 1734 1802 δια-

288 1829 446 1886 φέρειν,
479 1827 632 1882 μήποτε
658 1827 771 1877 κλέος
795 1826 891 1882 ἣμΐν
916 1827 961 1870 τὸ
987 1827 1115 1885 παρὸν
1151 1829 1192 1878 ἒς
1217 1825 1359 1882 ὅνςῑΰος
1382 1829 1538 1880 μᾶλλον
1564 1827 1734 1885 ἀποκρι-

286 1895 496 1952 θήσεσθαι
521 1896 684 1952 γένοιτο.
751 1896 797 1938 τὸ
823 1896 900 1952 γὰρ
927 1896 1000 1939 σὺν
1024 1903 1183 1954 μικροῖς
1215 1895 1262 1939 τι)
1283 1892 1438 1950 μεγάλα
1458 1895 1631 1948 μετιέναι
1656 1914 1732 1939 κα-

383 1993 438 2027 18.
468 1988 684 2035 ἀσχάλλων]
705 1991 762 2026 Ita
776 1990 920 2026 Tollius.
959 1991 1046 2025 eod.
1072 1988 1251 2036 ἄσχοῖλων.

288 2072 325 2104 et
340 2072 471 2103 centum
498 2070 733 2115 cataphractos
749 2070 880 2115 equites
903 2069 1001 2104 vivos
1016 2082 1146 2116 cepere.
1193 2068 1392 2112 waningum
1406 2079 1489 2102 vero
1502 2096 1513 2114 ,
1536 2068 1593 2114 qui
1609 2072 1644 2104 et
1655 2069 1731 2115 ipse

288 2116 363 2149 fere
379 2119 498 2159 captus
524 2122 594 2155 est,
619 2116 695 2160 equi
717 2116 897 2161 pernicitas
912 2116 1061 2162 periculo
1087 2116 1219 2151 exemit.
1256 2113 1306 2147 his
1319 2125 1483 2160 prospere
1496 2115 1600 2160 gestis
1615 2116 1730 2159 rebus,

286 2161 431 2194 Romani
444 2160 649 2204 Monopolim
661 2161 814 2196 redeunt.
1272 2184 1275 2185 ν

383 2208 438 2240 10.
483 2205 598 2239 Ducas
626 2210 734 2240 autem
759 2207 822 2241 etsi
845 2206 993 2252 quotidie
1008 2206 1159 2241 arridere
1173 2207 1236 2241 sibi
1259 2204 1441 2249 ahyerteret
1455 2205 1622 2239 fortunam
1635 2230 1646 2246 ,
1665 2217 1728 2240 ne-

287 2262 453 2296 quaquam
469 2254 581 2284 tamen
597 2255 702 2285 totum
718 2264 756 2286 se
778 2253 827 2286 illi
841 2252 1109 2286 committendum
1126 2253 1274 2294 censuit,
1297 2250 1534 2287 iistabilitatem
1549 2250 1636 2284 illius
1661 2263 1728 2285 non

286 2297 360 2330 sine
376 2307 477 2330 causa
501 2296 651 2338 veritus,
675 2309 718 2330 ne
742 2298 1015 2341 quemadmodum
1031 2298 1173 2344 improbi
1187 2304 1223 2332 et
1235 2299 1329 2332 infidi
1339 2295 1472 2329 v:milites
1487 2295 1614 2337 solent,
1635 2296 1726 2341 ipsos

284 2342 319 2377 in
334 2342 441 2376 media
467 2341 523 2375 via
549 2342 683 2376 relictos
699 2342 883 2378 desereret.
930 2343 1030 2377 mittit
1055 2344 1170 2389 itaque
1185 2344 1298 2378 literas
1312 2341 1614 2385 ad'mperatorem‚
1638 2353 1727 2387 qua-

283 2399 358 2422 rum
372 2388 436 2422 hoc
461 2387 527 2421 fuit
542 2394 782 2431 argumentum.
829 2390 852 2408 “
864 2389 894 2422 si
910 2389 1035 2422 nullum
1050 2389 1140 2423 aliud
1161 2390 1195 2424 in
1211 2390 1306 2423 ltalia
1321 2379 1410 2423 nobi!
1435 2391 1628 2431 superesset
1654 2387 1727 2421 bei-

283 2433 373 2476 lum,
397 2433 539 2467 maxime
561 2433 764 2479 imperator,
789 2445 899 2478 neque
922 2435 1072 2468 exercitu
1097 2435 1161 2468 alio
1179 2446 1287 2480 neque
1302 2440 1478 2469 ceter‘wlm
1504 2431 1652 2466 subsidio
1667 2444 1726 2467 re-

283 2490 356 2512 rum
383 2490 467 2524 opus
491 2480 591 2513 foret.
637 2479 747 2512 omnia
771 2479 857 2513 enim
878 2479 911 2512 in
938 2480 1025 2513 hunc
1041 2491 1146 2524 usque
1162 2480 1247 2515 diem
1263 2492 1304 2514 ex
1320 2485 1399 2514 voto
1415 2476 1503 2518 robis
1522 2478 1726 2512 successisse

284 2524 372 2557 scias
385 2549 395 2564 ‚
420 2525 521 2558 urbes
537 2525 643 2558 ferme
659 2535 790 2566 omnes,
815 2529 982 2569 quotquot
995 2530 1072 2558 sunt
1087 2526 1120 2559 in
1135 2526 1234 2560 Italia
1249 2530 1284 2560 et
1297 2526 1340 2559 ad
1351 2526 1458 2560 sinum
1466 2533 1572 2567 usque
1586 2523 1725 2565 Ionium,

282 2568 316 2602 in
332 2569 488 2603 ditionem
506 2580 566 2603 nos
581 2570 762 2615 accepisse,
783 2581 970 2615 magnaque
985 2570 1072 2604 bella
1088 2571 1130 2604 ad
1144 2571 1325 2605 maiestatis
1341 2576 1419 2604 tune
1434 2573 1724 2614 Romanorumque

282 2614 423 2658 gloriam
450 2626 510 2648 nos
538 2616 734 2650 confecisse.
780 2617 842 2650 sed
866 2627 939 2649 cum
964 2616 1063 2660 longe
1087 2617 1226 2660 gravius
1254 2616 1350 2650 nobis
1374 2617 1534 2651 immineat
1557 2620 1726 2649 certamen

284 2659 488 2704 (Gulieimus
511 2661 636 2705 quippe
661 2661 795 2695 Siciliae
818 2661 944 2706 praedo
963 2662 1006 2694 ob
1022 2673 1155 2695 suorum
1178 2662 1341 2696 iacturam
1357 2662 1444 2695 haud
1461 2659 1554 2705 dubie
1568 2659 1725 2704 indigna-

283 2709 360 2746 tus,
383 2705 563 2738 contractis
586 2705 730 2750 undique
753 2707 858 2752 copiis
883 2706 1057 2751 classeque
1070 2707 1183 2741 valida
1198 2707 1231 2741 in
1255 2718 1346 2743 mare
1359 2708 1521 2750 immissa,
1548 2710 1576 2739 :t
1591 2705 1673 2739 mari
1688 2708 1725 2740 et
1763 2724 1766 2726 -

283 2754 375 2784 terra
388 2761 450 2784 nos
465 2751 603 2794 aggredi
618 2751 836 2795 meditatur),
859 2763 926 2786 non
946 2752 1206 2786 contemnendus
1222 2757 1274 2785 est
1289 2753 1384 2787 nobis
1407 2753 1471 2788 iste
1499 2751 1636 2789 insulani
1662 2761 1726 2795 ΒΡ·

284 2799 441 2842 paratus‚
464 2807 572 2839 neque
596 2796 720 2830 bellum
741 2797 805 2830 hoc
820 2797 953 2842 segnius
968 2797 1147 2840 gerendum
1158 2821 1169 2838 ‚
1193 2809 1235 2831 ne
1258 2803 1356 2842 parta
1370 2810 1391 2833 a
1406 2799 1502 2833 nobis
1517 2801 1551 2834 in
1567 2806 1726 2842 praesens

287 2841 396 2886 gioria
409 2845 562 2878 vertatur
573 2840 608 2875 in
623 2841 845 2886 ignominiam.
869 2847 906 2877 ut
920 2842 1004 2876 enim
1018 2842 1075 2876 ille
1090 2842 1146 2887 qui
1161 2854 1235 2877 cum
1250 2843 1362 2888 parvis
1378 2845 1503 2880 viribus
1519 2851 1729 2886 resmagnfll
