1878 3262
254 185 345 230 138
731 182 955 225 IOANMS
991 172 1219 226 CINNAMI

249 300 396 353 σαβίλα
417 297 490 350 μὲν
516 292 710 352 ἀδελφός,
747 294 884 345 εὔνους
912 295 955 337 δὲ
976 297 1042 336 καὶ
1067 296 1186 346 αὐτὸς
1196 295 1407 351 Ῥωμαίοις
1431 297 1508 354 ἤδη
1528 299 1696 354 γεγονὼς

248 365 468 423 γράμματα
491 363 603 420 παρὰ
634 367 707 405 τοῦ
733 364 911 421 ἀδελφοῦ
939 365 1109 417 κομίζων
1137 359 1263 420 ἦλθεν
1297 366 1406 424 αὐτῷ
1432 371 1602 424 θαρρεῖν
1623 372 1696 409 τοῦ

248 436 390 475 λοιποῦ
419 429 743 489 προτρεπόμενα,
788 430 843 482 ὡς
869 432 915 474 τὸ
947 431 1038 486 ἑξῆς
1063 430 1205 490 χώρας
1224 432 1419 488 κατηκόου
1439 436 1696 492 προκειμένης

249 501 372 559 αὐτῷ.
1107 548 1109 550 ,

384 569 428 612 3.
490 565 540 611 Ὁ
561 568 604 610 δὲ
625 566 909 625 Παλαιολόγος
935 569 1069 623 ἐπειδὴ
1093 570 1288 622 Βεστιάν,
1323 568 1509 627 καθάπερ
1527 570 1728 628 εἶ’ρηται,5

246 635 440 695 ὁμολογίᾳ
465 635 768 694 παρεστήσατο,
805 639 867 679 ἐπὶ
898 642 1051 694 Τρᾶνιν
1077 632 1192 691 ἦλθε.
1264 641 1460 695 Τρανῖται
1489 640 1620 681 τοίνυν
1642 637 1698 690 ὡς

244 705 314 747 τὸν
328 703 536 759 Ῥωμαίων
555 703 659 747 εἶδον
680 704 852 762 στρατόν
870 738 883 757 ,
914 707 1048 760 ἐπειδὴ
1073 705 1339 762 παραδιδόναι
1363 709 1477 764 σφίσι
1495 707 1566 761 τὴν
1583 705 1698 758 πόλιν

245 773 406 828 οὐδαμῆ
429 772 578 827 ἤθελον
590 806 603 826 ,
636 775 821 831 πρέσβεις
846 775 958 831 παρὰ
982 775 1051 816 τὸν
1069 775 1292 831 στρατηγὸν
1311 776 1543 830 πέιιψαντες
1563 774 1698 829 ἠξίουν

190 855 223 890 1)
247 842 406 895 ἐνθένδε
431 845 573 883 τοῦτον
602 842 797 899 ἀπαίρειν.
866 842 924 896 μὴ
951 842 1027 899 γὰρ
1053 841 1245 899 πρότερον
1277 846 1407 901 Βᾶριν
1434 860 1698 900 παραστησα-

127 923 160 958 V
182 925 228 961 63
248 910 355 967 μένῳ
377 908 557 952 ἀδύνατα
581 911 691 968 αὐτῷ
711 910 876 953 ἔσεσθαι
905 915 1056 967 Τρᾶνιν
1083 909 1194 953 ἑλεῖν.
1264 909 1285 952 ὃ
1306 913 1348 953 δὲ
1365 917 1464 962 ναῦς
1483 912 1626 954 αὐτίκα
1652 911 1698 952 οὗ
1712 917 1754 952 10

244 979 363 1021 πλέον
381 977 408 1032 ἢ
436 979 530 1020 δέκα
557 978 799 1034 ἐπαγόμενος
825 980 975 1021 ἐκεῖθέν
992 997 1033 1021 τε
1053 980 1200 1033 μετέβη
1230 981 1295 1021 καὶ
1326 981 1387 1021 ἐπὶ
1413 983 1543 1036 Βιῖριν
1561 974 1700 1033 ἦλθεν,

245 1047 320 1100 οὐχ
340 1044 435 1088 ὅσον
450 1053 534 1096 τοῖς
547 1052 802 1104 στρατιωτῶν
818 1046 950 1102 λόγοις
972 1048 1229 1097 ἀναπεισθεὶς
1249 1048 1455 1103 (ἀγχίνους
1472 1048 1547 1105 γὰρ
1567 1042 1616 1102 ἦν
1634 1049 1702 1088 καὶ

245 1119 297 1170 τῇ
313 1114 471 1170 περὶτὰ
492 1115 688 1169 πολεμικὰ
715 1117 898 1174 ἐμπειρία
927 1116 1086 1165 οὐδενὸς
1101 1114 1256 1170 ἥσσων)
1268 1148 1281 1167 ,
1330 1117 1434 1158 ἀλλὰ
1455 1120 1609 1173 Τρᾶνιν
1628 1115 1700 1156 οὐκ

245 1183 440 1236 ἐπίμαχον
470 1183 584 1232 εἰδὼς
603 1185 751 1240 τρίβειν
777 1186 861 1238 εἰκῆ
880 1181 949 1225 τῦν
968 1184 1107 1241 καιρὸν
1136 1183 1375 1241 ἀσύμφορον
1391 1183 1502 1242 ᾤετο.
1572 1181 1700 1224 ἐδόκει

244 1251 317 1304 μὲν
345 1245 414 1292 οὖν
441 1249 467 1305 2‘7
497 1254 627 1308 Βᾶρις
655 1250 881 1308 ἆπρόσοδος
909 1252 1019 1309 αὐτῷ
1047 1250 1197 1308 πάντῃ·
1243 1254 1357 1307 τείχη
1387 1270 1428 1295 τε
1464 1252 1542 1308 γὰρ
1575 1251 1700 1306 αὐτὴν
1712 1257 1754 1292 15

244 1317 478 1375 περιεζώννυ
500 1318 698 1376 καρτερά,
735 1322 800 1361 καὶ
819 1318 1043 1376 βαρβάρων
1058 1320 1228 1377 στρατιὰ
1248 1321 1285 1361 οἳ
1304 1322 1376 1373 μὲν
1397 1322 1459 1363 ἐπὶ
1477 1324 1557 1362 τῶν
1575 1318 1701 1361 ἔπαλ-ω

243 1388 342 1436 ξεων
370 1385 699 1438 ὃπλενδυτοῦντες
726 1389 960 1443 ἐνέστησαν,
997 1389 1035 1430 οἳ
1068 1389 1112 1430 δὲ
1132 1387 1359 1445 ἀνάριθμός
1383 1406 1444 1438 τις
1463 1387 1602 1442 ὅμιλος
1621 1405 1699 1429 πυ-

242 1458 324 1496 λῶν
347 1457 618 1512 προχυθέντες
646 1458 757 1508 πεζοί
782 1474 823 1498 τε
851 1459 917 1498 καὶ,
950 1457 1079 1506 ἱππεῖς
1107 1457 1177 1506 ξὺν
1198 1464 1282 1507 τοῖς
1306 1455 1444 1506 ὅπλοις
1463 1457 1699 1514 ἐπεφέροντο

122 1523 151 1556 Ρ
175 1523 219 1559 81
245 1523 368 1580 αὐτῷ.
436 1521 462 1577 ἦ
491 1523 688 1566 θάλασσα
715 1525 758 1565 δὲ
793 1527 983 1580 σφοδρῶς
1010 1526 1282 1580 ἓπεγειρομένη
1313 1523 1524 1569 καταδύειν
1551 1525 1701 1578 ἠπείλει

239 1590 314 1639 τὰς
332 1595 442 1641 ναῦς.
513 1589 533 1632 ὃ
557 1592 599 1633 δὲ
620 1593 747 1633 καίτοι
769 1591 1024 1645 πανταχόθεν
1046 1593 1156 1649 αὐτῷ
1171 1597 1250 1634 τῶν
1267 1591 1513 1649 πραγμάτων
1536 1591 1698 1648 ἀπόρων
1709 1600 1755 1634 20

238 1657 376 1711 ὄντων,
399 1660 471 1700 οὐκ
488 1658 565 1709 ἔξω
584 1658 713 1716 πάντῃ
727 1662 896 1702 ἐλπίδων
916 1661 1078 1715 ἐγένετο.
1115 1664 1166 1716 τῇ
1182 1659 1346 1717 ἐπιούσῃ
1360 1665 1455 1715 γοῦν
1466 1665 1545 1701 τῶν
1565 1658 1699 1713 κυμά-

237 1743 318 1770 των
342 1728 440 1777 τέως
460 1727 761 1783 ἀπηλλαγμένος
787 1727 903 1785 ἔργου
932 1728 1096 1782 ἔχεσθαι
1117 1728 1275 1783 ἤθελεν.
1345 1727 1400 1778 ὡς
1419 1728 1461 1770 δὲ
1478 1728 1604 1782 μηδὲν
1625 1727 1701 1768 αὗ-

330 1823 386 1858 18.
414 1819 662 1866 ἐπεφέροντο]
686 1822 772 1859 Cod.
796 1819 960 1866 ἐφέρετο.
986 1822 1073 1857 Duc.
1093 1820 1284 1867 ἐφέροντο.
1387 1824 1443 1858 22.
1469 1819 1698 1867 ἀπηλλαγμέ-

330 1869 417 1912 νος]
443 1869 498 1902 Ita.
514 1868 599 1902 coni.
623 1867 767 1902 Tollius.
805 1869 890 1902 Cod.
912 1866 1197 1912 ἀπηλλαγμένοι.

240 1945 295 1979 cit.
345 1957 418 1980 cum
441 1946 521 1980 inde
546 1946 747 1988 excederet,
773 1946 961 1980 Gulielmus
976 1946 1183 1980 Bassavillae
1208 1946 1334 1988 frater,
1359 1946 1416 1992 qui
1433 1951 1468 1980 et
1486 1946 1609 1992 ipsein
1623 1947 1697 1980 Ro-

239 2002 413 2025 manorum
439 1991 613 2026 amicitiam
638 1997 873 2034 concesserat,
910 2004 982 2025 cum
1003 1992 1117 2025 fratris
1137 1992 1244 2025 literis
1267 1992 1376 2035 venit,
1402 1993 1521 2037 quibus
1536 1996 1574 2025 ut
1590 1993 1697 2026 confi-

241 2036 362 2069 denter
382 2037 451 2070 dux
469 2038 647 2071 accederet
672 2038 891 2083 hortabatur,
930 2043 1051 2083 utpote
1066 2037 1323 2072 circumiacente
1337 2039 1476 2083 regione
1488 2038 1553 2072 iam
1569 2038 1695 2071 Roma-

240 2080 291 2114 nis
306 2088 460 2126 parente.
979 2100 983 2105 ·
1657 2081 1662 2087 “

332 2127 364 2161 3.
411 2127 634 2171 Palaeologus
650 2132 761 2162 autem
787 2128 914 2162 Voscia
926 2156 935 2172 ‚
960 2132 999 2162 ut
1016 2128 1141 2162 dictum
1157 2131 1228 2172 est,
1251 2139 1314 2174 per
1328 2127 1537 2162 conditiones
1552 2127 1694 2172 potitus,

241 2171 286 2205 ad
309 2172 448 2206 Tranim
473 2173 582 2206 venit:
609 2174 700 2206 cuius
724 2174 853 2207 incolae
873 2174 967 2207 simul
989 2186 1029 2208 ac
1055 2175 1239 2208 Romanum
1261 2174 1442 2208 exercitum
1475 2184 1694 2217 conspexere,

241 2228 317 2250 cum
333 2229 543 2262 nequaquam
566 2219 681 2252 urbem
705 2219 829 2252 dedere
851 2219 996 2260 vellent,
1031 2219 1136 2253 missis
1153 2220 1197 2253 ad
1220 2219 1337 2253 ducem
1352 2218 1491 2261 legatis,
1514 2223 1553 2251 ut
1571 2218 1694 2252 finibus

241 2263 312 2297 suis
335 2264 532 2296 abscederet
553 2275 736 2307 rogavere:
769 2276 879 2308 neque
904 2266 988 2299 onim
1003 2265 1094 2310 prius
1113 2276 1210 2310 quam
1234 2264 1346 2298 Barim
1363 2264 1530 2307 cepisset,
1554 2263 1695 2298 Tranim

241 2319 343 2354 posse
357 2309 399 2342 ab
415 2308 471 2342 illo
488 2309 686 2353 expugnari.
733 2320 838 2353 quare
855 2310 1003 2344 collectis
1018 2311 1133 2356 decem
1149 2322 1215 2344 non
1230 2309 1370 2353 amplius
1387 2309 1552 2354 navibus,
1566 2309 1693 2342 disces-

221 2384 224 2388 ,
241 2354 287 2388 sit
301 2354 378 2388 inde
395 2359 428 2388 et
443 2354 487 2388 ad
502 2356 619 2388 urbem
633 2354 744 2387 Barim
766 2355 870 2395 venit,
895 2367 960 2389 non
976 2362 1043 2389 tam
1059 2356 1195 2390 militum
1213 2360 1350 2389 secutus
1365 2354 1534 2388 consilium
1551 2355 1694 2399 (quippe

240 2400 348 2433 solers
363 2404 437 2433 erat
462 2400 637 2433 admodum
661 2404 696 2432 et
720 2399 769 2433 rei
785 2400 934 2434 militaris
952 2402 1160 2445 experientia
1182 2400 1312 2435 nemine
1325 2400 1479 2442 inferior)
1493 2426 1502 2441 ‚
1527 2401 1587 2432 sed
1603 2401 1693 2444 quod

238 2444 378 2478 Tranim
394 2445 578 2489 expugnari
593 2456 714 2478 revera
730 2456 795 2479 non
810 2456 911 2490 posse
927 2447 1030 2479 sciret
1041 2474 1051 2489 9
1075 2446 1283 2491 proindeque
1298 2450 1428 2489 tempus
1443 2445 1490 2478 ibi
1503 2450 1614 2478 terere
1631 2457 1693 2489 pa-

238 2500 311 2523 rum
337 2491 522 2524 consultum
542 2491 774 2524 arbitraretur.
821 2491 879 2524 sed
908 2497 943 2525 et
970 2493 1010 2525 ad
1027 2492 1131 2536 ipsam
1148 2492 1260 2526 Barim
1285 2491 1396 2535 copias
1412 2490 1590 2524 admovere
1605 2491 1693 2524 haud

237 2539 308 2568 tam
325 2536 425 2569 facile
446 2536 649 2570 videbatur:
674 2548 748 2570 cum
763 2540 998 2581 praeterquam
1014 2538 1103 2581 quod
1122 2537 1244 2571 validis
1267 2537 1457 2579 cingeretur
1473 2535 1591 2579 muris,
1614 2536 1693 2569 ido-

238 2592 302 2614 neo
328 2582 542 2615 barbarorum
558 2581 728 2626 praesidio
754 2586 846 2615 esset
871 2582 995 2616 munita
1009 2594 1017 2614 ε
1050 2594 1190 2626 quorum
1207 2582 1262 2616 alii
1275 2582 1308 2615 in
1325 2581 1472 2614 turribus
1487 2581 1603 2614 armati
1619 2586 1692 2614 sta-

237 2626 340 2670 bant,
361 2626 418 2659 alii
433 2631 511 2660 ante
528 2631 643 2671 portas
659 2626 789 2660 infinito
806 2639 912 2672 prope
927 2639 1062 2661 numero
1079 2627 1180 2662 effusi
1192 2627 1322 2672 pedites
1339 2627 1533 2671 equitesque
1551 2627 1691 2670 perinde

239 2683 313 2706 cum
329 2672 426 2706 armis
443 2672 677 2715 consistebant.
724 2673 764 2706 ad
782 2673 865 2706 haec
879 2677 975 2706 aestu
989 2673 1122 2706 insolito
1146 2674 1282 2706 fervens
1304 2678 1338 2706 et
1358 2673 1582 2706 intumescens
1599 2684 1691 2706 mare

235 2717 367 2751 iamiam
392 2717 532 2751 navibus
557 2717 728 2751 interitum
753 2718 980 2752 minitabatur.
1029 2730 1102 2751 cuin
1117 2718 1220 2762 igitur
1235 2717 1341 2751 ardua
1365 2718 1474 2751 omnia
1492 2718 1636 2762 undique
1651 2729 1692 2752 ac

237 2762 388 2796 difficilia
410 2773 548 2808 prorsus
564 2762 782 2804 viderentur,
808 2775 873 2797 non
897 2763 973 2797 ideo
994 2767 1104 2796 tamen
1136 2774 1228 2807 spem
1259 2762 1317 2796 ille
1342 2774 1487 2811 omnem,
1505 2763 1690 2797 abiecerat.

236 2808 355 2844 sedata
370 2808 473 2854 igitur
489 2807 651 2854 postridie
666 2812 884 2853 tempestate,
907 2819 979 2844 rem
995 2808 1134 2853 aggredi
1149 2807 1333 2843 constituit.
1379 2814 1416 2843 at
1431 2820 1505 2844 cum
1520 2808 1603 2843 nihil
1617 2810 1692 2844 fere
