1878 3262
659 229 1054 276 HISTORIARUM
1087 232 1137 277 L.
1164 230 1245 278 IV.
1573 231 1668 280 195

206 338 461 386 ἦπαντιᾶσειν
497 342 718 401 ἠπείγοντο.
787 343 856 388 ἐπ’
895 344 1026 387 οὗδενὶ
1057 345 1135 404 γὰρ
1162 345 1269 390 οὕτω
1294 337 1537 390 παθαίνεται
1560 345 1678 405 βάρ·

202 417 334 469 βαρος
359 410 414 462 ὥς
439 413 503 455 ἐπὶ
524 413 748 471 χρημάτων
772 413 800 469 ἢ
825 412 1039 469 κτημάτων
1059 415 1257 473 ἀποβολῇ.
1323 416 1517 470 βασιλεὺς
1542 418 1586 459 δὲ
1611 417 1668 459 ἔτι

201 482 370 536 μηδέπω
407 486 556 536 γνῶναι
593 484 762 540 Πέρσας
797 482 850 525 τὰ
886 480 1148 539 πρασσόμενα
1182 485 1357 540 οἰηθείς,
1396 484 1443 527 τὸ
1468 485 1542 538 μὲν
1567 483 1668 527 ἄλλο

196 548 406 604 “Ρωμαι’ων
432 550 663 608 στράτευμα
688 549 827 607 πρόσω
852 550 916 592 ἐπὶ
943 552 1147 608 διαρπαγῇ
1167 552 1369 608 ἔπεμψεν,
1395 550 1416 595 ὅ
1440 553 1485 595 δὲ
1504 551 1672 596 κατόπιν

169 619 277 665 ὄσύν
303 619 449 675 ὀλίγοις
475 619 627 677 ἐχώρει.
695 618 793 661 ὅθεν
826 620 894 661 καὶ
917 620 1086 675 Πέρσας
1112 627 1348 674 κεκινῆσθαι
1372 621 1450 677 ἤδη
1477 626 1673 677 παμπλη-

200 690 269 730 θεὶ
297 687 540 739 ἀκούσαντες
558 679 777 742 Ῥωμαῖοί,Ἰ
800 686 1163 744 συνεταράχθησαν
1188 689 1261 741 μὲν
1287 689 1343 740 ὥς
1366 689 1412 732 τὸ
1439 689 1544 741 εἰκός
1552 723 1564 742 ,
1593 690 1668 733 ἄλ·
1688 701 1720 737 Ρ
1746 702 1811 738 114

200 760 284 807 λως
307 774 348 799 τε
376 759 441 799 καὶ
466 758 666 811 βασιλέως
689 757 747 811 μὴ
775 754 1058 812 συμπαρόντος
1084 756 1222 806 αὐτοῖς
1232 788 1245 807 ,
1278 754 1334 805 ὥς
1359 759 1403 799 δὲ
1428 758 1505 814 ’ἤδη
1534 760 1674 814 ἀνεμί-

199 842 320 881 γνυτο
358 825 515 875 τούτοις
548 827 614 867 καὶ
642 823 789 877 αὐτός,
830 824 928 880 ἔγνω
954 824 1032 880 γὰρ
1058 824 1131 879 τὴν
1161 827 1330 882 Περσῶν
1356 823 1528 881 ἔφοδον,
1569 829 1671 870 ἀνα-

199 892 484 950 θαρσήσαντες
508 893 648 935 λοιπὸν
674 892 966 949 συντονώτερον
1000 891 1250 949 ἐπορεύοντο.
1318 894 1398 935 ἐπεὶ
1427 894 1470 934 δὲ
1495 893 1574 947 ὀψὲ
1599 902 1672 950 τῆς

144 969 190 1005 10
200 960 355 1019 ἡμέρας
391 957 463 1017 ἦν,
502 966 582 1004 τῶν
615 962 751 1003 ἵππων
791 960 1015 1015 ἀποβάντες
1039 968 1123 1011 τοῖς
1147 979 1189 1005 τε
1212 963 1352 1012 ἵπποις
1378 962 1539 1018 φορβὴν
1564 965 1670 1005 κατὰ

198 1031 244 1073 τὸ
272 1031 369 1081 ἔθος
394 1033 552 1072 ἐδίδουν
577 1032 644 1072 καὶ
670 1030 771 1087 πρὸς
802 1030 938 1087 βραχὺ
978 1029 1370 1084 διαναπαυσάμενοι,
1409 1030 1552 1081 νυκτὸς
1588 1031 1669 1087 ’ἤδη

198 1099 514 1153 ἒπιλαβομένης,
555 1098 723 1156 ἄραντες
758 1097 838 1140 ὑπὸ
877 1102 1111 1156 λαμπτῆρσι
1149 1099 1220 1142 τὸν
1258 1097 1411 1156 δρόμον
1449 1100 1672 1144 ἐποιοῦντο.

198 1166 282 1210 ἔστι
310 1168 353 1209 δὲ
378 1167 423 1209 τὸ
449 1172 529 1209 τῶν
555 1166 803 1224 λαμπτήρων
823 1172 968 1224 χρῆμα
999 1172 1194 1210 τοιοῦτον.
1262 1167 1387 1221 κύβον
1424 1168 1516 1210 τινὰ
1553 1168 1672 1223 σιδή-

198 1253 272 1293 ρου
310 1236 574 1290 πεποιημένον
612 1236 745 1293 ὄρθ’ὰς
781 1235 911 1293 τούτῳ
942 1234 1206 1293 ἓναρμόζουσι
1231 1236 1336 1278 κατὰ
1363 1235 1534 1290 διέχειάν
1558 1254 1673 1288 τινας

142 1311 186 1347 15
199 1305 242 1346 ἔκ
267 1306 438 1355 πλατέος
461 1305 593 1362 ἠρέμα
618 1305 720 1362 πρὸς
746 1305 815 1355 ὀξὺ
842 1302 1044 1360 ληγούσας
1070 1304 1151 1346 ἀεί·
1178 1305 1284 1346 κατὰ
1301 1306 1426 1359 μέσον
1444 1306 1582 1359 μέντοι
1601 1306 1671 1349 τὸν

196 1371 323 1428 κύβον
349 1373 487 1430 ἑτέραν
514 1374 647 1416 ἱστᾶσι
687 1375 858 1430 σιδηρᾶν
884 1375 952 1414 καὶ
978 1371 1150 1427 ταύτην,
1191 1372 1237 1414 οὗ
1277 1374 1413 1427 μέντοι
1451 1375 1555 1416 κατὰ
1594 1375 1668 1425 τὰς
1690 1386 1721 1420 Β

197 1442 351 1494 ἄλλας,
380 1442 486 1484 ἀλλὰ
510 1449 680 1496 παχεῖαν
704 1444 778 1496 μὲν
802 1441 848 1484 τὸ
875 1446 1036 1499 πρῶτον
1062 1442 1193 1492 ὀξεῖαν
1220 1442 1267 1484 δέ
1289 1460 1376 1492 πως
1401 1443 1505 1484 κατὰ
1529 1444 1667 1500 βραχὺ

195 1512 425 1567 γινομένην·
465 1513 667 1568 ζωστῆρσί
701 1511 746 1553 τέ
780 1527 860 1553 τισι
895 1510 970 1560 τὰς
999 1509 1133 1568 κύκλῳ
1159 1509 1443 1567 περιλαβόντες
1469 1509 1555 1553 οἶόν
1579 1529 1672 1554 τινα

195 1583 417 1634 λυχνοῦχον
444 1579 706 1622 ἀποτελοῦσιν
731 1580 800 1621 ἐπί
820 1596 862 1621 τε
889 1580 1087 1635 δορατίων
1121 1580 1346 1622 ἓντιθέασιν
1385 1579 1544 1635 ἄκρων·
1583 1579 1679 1622 εἶτα·

139 1647 306 1691 Ξολίνεά
331 1666 422 1691 τινα
445 1647 532 1706 ὕφη
559 1648 664 1691 κατὰ
688 1652 819 1703 μῆκος
845 1646 1039 1698 διελόντες
1063 1646 1210 1706 ὖατείῳ
1236 1647 1490 1705 περιδεύουσι
1517 1649 1668 1702 στέατι,

196 1715 394 1767 ἑλίξαντές
431 1735 474 1760 τε
513 1719 709 1772 ἐπιμελῶς
747 1715 903 1775 ἑκάστῳ
941 1721 1022 1759 τῶν
1048 1717 1118 1768 ὀξὺ
1145 1715 1347 1773 ληγόντων
1373 1718 1669 1774 περιπείρουσιν

196 1785 303 1828 αὐτὰ
340 1787 554 1841 σιδηρίων,
593 1787 694 1843 πυρί
714 1803 757 1828 τε
782 1786 1005 1839 καιομένων
1036 1784 1183 1844 μύριόν
1208 1804 1247 1829 τι
1274 1787 1395 1836 σέλας
1420 1787 1575 1829 ἐκεῖθεν
1600 1787 1670 1828 ἔκ-

290 1879 347 1916 14.
372 1876 643 1924 πεποιημένον]
666 1879 763 1915 Fort.
787 1877 1044 1923 πεποιημένοι.
1203 1880 1289 1915 ibid.
1311 1881 1439 1925 τινας]
1464 1880 1565 1914 Fert.
1587 1880 1669 1915 add.

289 1924 458 1981 ῥάβιῖους
481 1926 647 1981 σιδηρᾶς.
783 1926 838 1963 19.
861 1922 1096 1970 ἐπιτιθέασιν]
1119 1923 1176 1959 Ita
1197 1923 1288 1959 Duc.
1328 1923 1416 1958 Cod.
1440 1923 1669 1962 ἐκτεθὲασιν.

289 1974 347 2008 20.
370 1971 529 2018 ναι-δίῳ]
558 1970 676 2016 υείῳῒ

197 2053 290 2089 nulla
305 2051 392 2087 enim
406 2063 445 2086 re
460 2050 526 2086 alia
540 2061 650 2096 aeque
665 2052 896 2084 commovetur
910 2049 1078 2084 barbarus
1091 2060 1133 2084 ac
1146 2059 1284 2084 suarum
1298 2059 1411 2084 rerum
1426 2052 1463 2084 et
1478 2049 1668 2096 possessio-

197 2111 276 2134 num
319 2098 508 2133 amissione.
565 2097 748 2142 imperator
772 2101 882 2130 autem
906 2096 1164 2141 haudquaquam
1185 2096 1294 2129 adhuc
1317 2096 1406 2130 scire
1428 2097 1554 2131 Persas
1578 2108 1668 2142 quae

196 2147 389 2191 agebantur
415 2148 530 2187 ratus,
562 2143 692 2187 aliquot
718 2143 944 2176 Romanorum
971 2142 1086 2186 copias
1113 2143 1158 2176 ad
1181 2142 1341 2187 praedam
1363 2142 1548 2176 faciendam
1564 2153 1667 2188 prae-

197 2192 321 2236 mittit,
352 2191 493 2235 ipseque
508 2201 529 2223 a
544 2194 642 2233 tergo
660 2199 734 2222 cum
749 2188 866 2233 paucis
881 2188 1107 2232 subsequitur.
1152 2199 1270 2222 verum
1287 2194 1325 2222 ut
1340 2188 1502 2222 audivere
1521 2189 1667 2223 Romani

196 2238 385 2273 adventare
409 2237 535 2270 Persas
561 2247 634 2269 cum
656 2245 835 2268 numeroso
859 2233 1029 2275 exercitu,
1060 2233 1218 2267 continuo
1232 2233 1307 2268 illos
1320 2234 1447 2267 invasit
1461 2245 1591 2280 pavor,
1624 2247 1665 2269 eo

196 2283 305 2328 magis
331 2283 423 2328 quod
451 2283 494 2316 ab
519 2281 562 2315 iis
586 2282 722 2315 abesset
741 2280 910 2325 princepS.
957 2279 1019 2314 sed
1032 2283 1212 2324 postquam
1226 2280 1283 2313 ille
1297 2279 1470 2314 intellecto
1486 2281 1666 2315 Persarum

197 2330 347 2364 adventu
371 2329 414 2362 ad
440 2339 500 2362 eos
527 2327 690 2369 accessit,
725 2326 874 2360 collectis
896 2324 1013 2360 animis
1035 2326 1151 2360 maiori
1171 2337 1245 2360 cum
1274 2326 1490 2361 contentione
1505 2326 1666 2371 deinceps

196 2375 513 2422 progrediebantur.
560 2385 634 2407 cum
658 2372 723 2406 iam
746 2372 1066 2417 advesperasceret,
1099 2383 1143 2406 ex
1168 2372 1262 2416 equis
1277 2371 1472 2406 desilientes
1486 2373 1665 2417 pabulum—

197 2434 266 2467 que
290 2422 330 2455 iis
355 2421 398 2454 de
423 2431 516 2454 more
531 2418 923 2466 praebentes-paulisper
939 2418 1120 2462 quievere:
1152 2417 1273 2451 deinde
1291 2423 1330 2451 ut
1344 2429 1411 2451 nox
1426 2418 1503 2462 ipsa
1516 2417 1669 2460 advenit,

197 2467 439 2514 praeeuntibus
464 2466 623 2509 laternis,
652 2465 717 2498 iter
741 2465 906 2498 fecerunt.
953 2464 988 2497 in
1013 2464 1102 2498 hunc
1117 2468 1230 2497 autem
1244 2463 1377 2497 modum
1395 2465 1573 2503 confectae
1587 2469 1667 2496 sunt

200 2512 360 2547 eiusmodi
375 2513 538 2546 laternae.
578 2510 841 2556 quadrilaterum
856 2509 937 2555 quid
952 2509 984 2543 in
1000 2509 1078 2543 cubi
1092 2510 1232 2543 formam
1247 2509 1339 2543 ferro
1356 2509 1545 2552 elaborant,
1573 2509 1666 2553 quod

200 2559 472 2593 circumambiunt
486 2558 664 2593 distinctae
680 2567 742 2601 per
758 2556 936 2590 intervalla
951 2560 1070 2590 rectae
1085 2555 1239 2598 virgulae
1249 2580 1260 2598 ,
1281 2554 1315 2588 in
1331 2554 1484 2587 inferiori
1499 2554 1551 2588 sui
1565 2559 1666 2599 parte

200 2604 336 2639 latiores
361 2609 397 2638 et
417 2604 539 2639 sensim
565 2603 758 2638 desinentes
781 2602 815 2635 in
841 2607 988 2636 acutum.
1033 2613 1055 2635 a
1076 2601 1185 2634 medio
1211 2601 1297 2634 cubo
1313 2603 1552 2644 exsurgentem
1568 2600 1667 2634 aliam

200 2649 363 2694 virgulam
384 2651 531 2684 ferream
553 2653 728 2691 statuunt,
759 2659 827 2682 non
847 2647 979 2693 quidem
996 2646 1120 2680 ceteris
1135 2646 1292 2688 similem,
1327 2645 1387 2680 sed
1402 2645 1508 2690 primo
1525 2646 1666 2691 spissio-

199 2706 271 2729 rem
286 2706 327 2730 ac
341 2697 536 2730 crassiorem
548 2721 559 2736 ‚
587 2695 622 2729 in
637 2699 772 2728 acutum
785 2694 924 2740 perinde
940 2692 1101 2738 paulatim
1115 2692 1332 2726 desinentem.
1378 2692 1528 2736 virgulas
1543 2692 1666 2726 deinde

201 2751 291 2785 quae
306 2742 426 2776 cubum
440 2742 590 2776 ambiunt
604 2740 735 2775 circulis
751 2739 973 2774 revincientes
987 2738 1210 2782 lychnuchum
1224 2737 1332 2772 veluti
1348 2738 1547 2779 conficiunt,
1563 2749 1663 2782 quem

201 2786 369 2821 hastarum
393 2787 586 2833 cuspidibus
609 2786 815 2832 appendunt.
861 2790 930 2820 tum
949 2785 1040 2819 linea
1065 2784 1232 2829 quaedam
1254 2788 1350 2817 texta
1372 2783 1405 2817 in
1421 2784 1663 2828 longitudinem

206 2831 343 2866 discissa
360 2833 456 2871 suillo
480 2845 562 2867 sevo
582 2833 721 2867 inuncta
735 2844 777 2867 ac
793 2831 972 2876 diligenter
987 2834 1145 2865 contorta
1159 2829 1339 2875 unicuique
1352 2829 1562 2864 eminentium
1576 2837 1612 2861 et
1627 2826 1662 2860 in

207 2886 348 2915 acumen
371 2877 593 2916 desinentium
616 2879 804 2916 ferrearum
825 2878 996 2924 virgarum
1009 2876 1178 2923 affigunt,
1205 2876 1326 2923 quibus
1342 2875 1490 2911 accensis
1508 2884 1664 2918 magnum
