1878 3262
532 195 1076 242 COMMENTARIORUM
1109 198 1158 241 L.
1183 197 1220 241 1.
1544 197 1609 244 19

144 310 443 368 φαλαγγαρχίαι
468 311 534 353 καὶ
555 311 804 368 στρατηγίαι.
873 311 961 373 ἐπεὶ
980 312 1024 354 δὲ
1044 309 1185 368 γάμων
1207 309 1286 354 ἴδει
1310 314 1508 369 λαμπρῶν
1524 318 1608 363 τοῖς

143 377 249 420 οὕτω
271 378 318 420 τὸ
339 379 451 435 γένος
466 381 700 438 περιφανέσι
710 412 725 432 ,
759 381 827 422 καὶ
852 377 1007 428 τούτων
1025 380 1279 436 τυγχάνουσι.
1349 379 1604 436 συζεύγνυται

141 447 219 503 γὰρ
239 445 260 488 ὃ
283 448 358 501 μὲν
373 447 574 500 Ἰσαάκιος
593 453 644 505 τῇ
661 448 913 507 πρεσβυτέρᾳ
925 453 1006 491 τῶν
1025 449 1226 503 βασιλέως
1243 448 1493 506 Βουλγάρων
1514 452 1603 492 Ea-
1624 459 1656 494 C

139 516 273 570 μουὴλ
294 519 555 574 θυγατέρων,
588 519 836 574 ᾼῖκατερίνα
857 516 987 571 ὄνομα
997 548 1010 568 ,
1046 516 1067 559 ὅ
1086 519 1130 560 δὲ
1145 517 1333 573 Ἰωάννης
1351 523 1401 574 τῇ
1419 523 1493 560 τοῦ
1509 517 1607 560 Χά-

107 591 130 626 5
143 601 270 640 ρωνος
293 584 468 635 Ἀλεξίου
481 618 494 637 ,
522 580 557 644 ᾧ
578 586 630 628 τὰ
648 586 752 627 κατὰ
773 586 846 640 τὴν
860 585 1035 628 Ἰταλίαν
1054 587 1098 627 ἐκ
1119 588 1320 639 βασιλέως
1340 587 1600 644 ἐγκεχείριστο
1622 597 1657 632 V
1677 598 1702 633 9

138 651 384 709 πράγματα,
414 654 559 711 ἀνδρὸς
588 653 813 711 φρενήρους
838 656 905 696 καὶ
934 659 1145 708 νουνεχοῦς
1173 658 1240 696 καὶ
1269 655 1341 710 τὴν
1365 663 1484 712 χεῖρα
1516 673 1607 711 γεν-

137 723 253 763 ναίου
277 724 345 763 καὶ
368 722 440 777 τὴν
463 723 603 777 ψυχὴν
623 724 881 779 θαρσαλέον,
917 716 950 779 ᾧ
980 724 1047 764 καὶ
1071 723 1117 765 τὸ
1142 722 1352 777 ἐπώνυμον
1373 726 1416 765 ἐκ
1438 728 1510 778 τῆς
1533 725 1607 766 ἇν-

139 791 257 846 δριάς
286 789 533 848 κεκλήρωτο·
567 789 637 833 τόν
664 809 754 834 τινα
781 791 858 848 γὰρ
882 795 963 834 τῶν
986 792 1175 834 ἐναντίων
1197 792 1339 845 βαλών
1362 794 1443 834 ἐπεὶ
1464 793 1605 849 νεκρὸν

137 857 392 913 ἀποδέδειχε,
418 858 574 916 Χάρων
608 853 794 903 ἐντεῦθεν
827 858 1116 915 ἐπωνομάσθη.
1186 859 1331 902 τούτου
1363 860 1436 915 τὴν
1469 865 1607 917 θυγα-

82 936 127 972 10
137 928 233 983 τέρα
259 926 392 983 γήμας
411 926 432 969 ὃ
450 927 638 983 Ἰωάννης
653 929 796 971 Ἄνναν
823 931 879 978 εἷς
901 928 1172 984 Λαλασηνοῦς
1195 929 1242 970 τὸ
1268 929 1380 984 γένος
1396 928 1605 986 μητρόθεν

136 995 381 1038 ἄνέλκουσαν
403 997 499 1047 τοὺς
514 998 748 1054 Ἀδριανούς
768 999 940 1047 ἐκείνους
960 999 1027 1039 καὶ
1046 997 1141 1047 τοὺς
1156 995 1483 1054 Θεοφυλάκτους,
1507 999 1605 1039 παί-

136 1065 219 1106 δων
251 1065 426 1120 ἀρίστων
458 1065 677 1122 ἀπεφάνθη
713 1065 860 1122 πατήρ.
930 1067 973 1108 ἔκ
995 1067 1046 1121 δὴ
1069 1065 1224 1108 τούτων
1245 1066 1357 1108 πέντε
1383 1067 1456 1120 μὲν
1478 1065 1602 1123 ἄρρε-
1623 1072 1657 1107 D

133 1149 220 1184 νες,
247 1132 475 1188 Μανουήλ,
498 1133 719 1186 Ἰσαάκιος,
741 1135 935 1186 Ἀλέξιος,
956 1133 1187 1191 Ἀδριανός,
1214 1132 1474 1190 Νικηφόρος,
1501 1142 1608 1191 τρεῖς

135 1202 179 1243 δὲ
200 1201 384 1254 θήλειαι,
412 1204 587 1259 Μαρία,
621 1204 800 1245 Εὖδοκιά
824 1205 890 1245 καὶ
915 1202 1134 1260 Θεοδώρα,
1171 1202 1222 1244 αἳ
1239 1205 1304 1244 καὶ
1327 1203 1445 1259 μέχρι
1466 1203 1607 1254 τέλους

76 1277 122 1314 15
134 1270 260 1311 αὐτοῦ
293 1269 572 1326 διεσώθησαν·
607 1273 670 1313 ἐπὶ
696 1271 854 1321 τούτοις
881 1271 959 1327 γὰρ
989 1271 1058 1313 τὸν
1083 1273 1175 1325 βίον
1203 1272 1430 1313 κατέλυσεν.
1500 1271 1605 1314 ἀλλὰ

130 1343 261 1381 ταῦτα
284 1340 358 1392 μὲν
379 1339 560 1396 ὕστερον.
628 1342 715 1382 νυνὶ
741 1341 785 1382 δὲ
806 1344 880 1394 τῆς
902 1340 1153 1389 ἀκολουθίας
1173 1337 1194 1381 ὃ
1218 1338 1336 1395 λόγος
1355 1340 1526 1393 ἒχέσθω.

271 1408 317 1451 3.
385 1407 583 1464 Προϊόντε
616 1412 714 1464 γοῦν
746 1409 788 1450 ἐκ
824 1407 945 1462 δόξης
975 1410 1031 1458 εἷς
1057 1407 1180 1458 δόξαν
1209 1407 1335 1465 ἄμφω
1358 1408 1415 1450 τώ
1439 1407 1606 1465 ἀδελφώ

131 1474 206 1529 τὴν
223 1473 415 1529 ὁμόνοιαν
434 1478 552 1533 μέχρι
571 1478 710 1526 τέλους
732 1475 1005 1533 ἔτηρησάτην,
1038 1480 1112 1518 τοῦ
1134 1478 1326 1532 νεωτέρου
1348 1481 1407 1533 τῷ
1423 1481 1605 1533 πρεσβυ-

130 1545 233 1601 τέρῳ
262 1545 304 1585 ἐν
335 1543 462 1586 ἅπασι
491 1547 808 1595 καθυπείκοντος
834 1545 1016 1587 κάκείνου
1039 1549 1098 1601 τῷ
1121 1544 1196 1601 νέῳ
1220 1545 1294 1599 τὴν
1319 1544 1605 1601 προσήκουσαν

73 1612 250 1667 Ξοτιμὴν
283 1613 565 1667 ἀπονέμοντος.
634 1612 691 1663 ὥς
718 1614 762 1655 δὲ
786 1615 855 1655 καὶ
876 1615 933 1664 εἷς
955 1613 1028 1667 τὴν
1048 1614 1255 1667 βασίλειον
1274 1614 1479 1669 περιωπὴν
1499 1612 1599 1668 ἀνή-
1622 1617 1652 1652 P
1678 1620 1723 1656 18

126 1685 215 1736 χθη
242 1679 464 1735 Ἰσαάκιος,
498 1681 808 1739 κουροπαλάτην
836 1682 908 1725 τὸν
932 1682 1111 1739 ἀδελφὸν
1129 1680 1305 1736 τιμήσας
1327 1681 1506 1738 ἄρχοντα
1524 1686 1606 1725 τῶν

222 1813 256 1847 8.
300 1808 370 1846 τόν
406 1804 525 1856 τινα]
575 1812 618 1847 Ρ.
658 1809 743 1847 οἷόν
779 1822 877 1846 τινα.
946 1811 1029 1848 fort.
1063 1811 1142 1847 τῶν
1178 1823 1263 1846 τινα
1300 1809 1373 1855 γὰρ
1410 1808 1602 1849 ἐναντίων.

223 1856 279 1893 15.
302 1854 446 1903 αὐτοῦ]
469 1857 555 1892 eod.
579 1855 720 1903 αὐτῶν.
768 1856 916 1892 correxit
938 1857 981 1892 P.

130 1983 202 2007 rae.
249 1971 405 2017 quoniam
432 1982 516 2005 vero
546 1970 707 2015 coniuges
723 1970 846 2005 adultis
860 1969 1040 2006 iuvenibus
1058 1968 1275 2016 quaerendae
1289 1973 1407 2014 erant,
1438 1980 1525 2015 quae
1539 1980 1603 2004 na-

130 2019 245 2052 talium
260 2018 407 2063 ipsorum
423 2017 544 2051 illustri
558 2017 724 2051 nobilitati
740 2017 815 2062 pari
831 2017 966 2061 generis
982 2017 1180 2050 claritudine
1195 2016 1460 2061 responderent,
1489 2017 1604 2062 nupsit

128 2064 261 2098 Isaacio
278 2064 414 2108 quidem
430 2063 572 2097 maxima
586 2069 665 2096 natu
681 2063 824 2099 filiarum
840 2062 1005 2096 Samuelis
1019 2063 1110 2106 regis
1127 2062 1347 2107 Bulgarorum
1360 2087 1371 2103 ‚
1402 2061 1456 2095 cui
1478 2073 1600 2097 nomen

130 2110 379 2145 Aecatharinae
404 2109 479 2143 fuit.
526 2109 644 2142 Ioanni
666 2120 748 2143 vero
765 2108 835 2142 filia
851 2107 1020 2142 charonis
1035 2108 1166 2152 Alexfi,
1198 2108 1252 2141 cui
1267 2109 1310 2142 ab
1325 2108 1528 2152 imperatore
1543 2119 1600 2142 res

131 2155 273 2190 Italicae
290 2156 537 2189 commendatae
552 2156 689 2188 fuerant
702 2180 714 2197 ‚
745 2154 812 2188 viri
827 2154 967 2187 consilio
982 2153 1176 2199 iudicioque
1191 2153 1396 2198 praestantis
1408 2178 1419 2195 ,
1448 2164 1512 2187 nec
1537 2154 1601 2188 mi-

131 2212 196 2235 nus
216 2213 315 2235 manu
342 2201 489 2246 prompti
516 2201 681 2245 animique
706 2199 852 2244 ingentis
868 2199 913 2233 ad
927 2199 1060 2244 quidvis
1074 2200 1214 2233 arduum
1229 2199 1500 2243 aggrediendum.
1547 2200 1601 2233 cui

132 2253 169 2281 et
191 2258 212 2280 a
236 2247 448 2280 fortitudinis
475 2246 655 2291 specimine
672 2257 792 2279 nomen
813 2245 947 2289 obtigit.
993 2245 1148 2290 quoniam
1164 2245 1249 2279 euim
1265 2256 1369 2289 saepe
1384 2245 1602 2279 observatum

132 2298 208 2327 erat
229 2304 471 2337 quemcumque
486 2293 514 2326 is
529 2291 753 2338 percussisset
768 2290 911 2324 hostium
925 2290 1036 2325 statim
1050 2296 1215 2325 mortuum
1231 2291 1354 2324 cadere
1363 2316 1374 2333 ,
1405 2290 1542 2324 Charon
1568 2291 1600 2325 is

130 2338 210 2373 inde
231 2338 483 2382 cognominatus
508 2343 573 2372 est.
620 2338 718 2371 huius
742 2337 840 2371 Anna
863 2337 934 2370 filia
961 2337 1106 2370 Ioannes
1130 2336 1233 2370 ducta
1248 2341 1435 2370 maternum
1450 2348 1559 2380 genus
1577 2336 1607 2369 a.>

129 2384 321 2418 Delassenis
337 2384 504 2425 ducente,
537 2389 638 2428 atque
653 2383 697 2416 ab
714 2382 900 2417 Hadrianis
915 2387 951 2416 et
963 2382 1232 2428 Tbeophylactis
1247 2382 1314 2415 illis
1328 2381 1484 2425 inclytis,
1508 2381 1599 2415 filio-

131 2441 205 2464 rum
223 2431 265 2464 ab
283 2442 324 2464 ea
340 2430 539 2475 optimorum
557 2430 637 2463 felix
653 2433 754 2473 pater
770 2433 824 2462 est
838 2430 968 2472 factus,
994 2440 1038 2462 ex
1054 2429 1175 2473 quibus
1190 2428 1337 2473 quinque
1351 2438 1462 2460 mares
1474 2451 1485 2469 ,
1519 2427 1599 2460 Ma·-

130 2476 229 2519 nuel,
259 2476 408 2510 Isaacius
419 2502 429 2517 ‚
457 2475 618 2516 Alexins,
647 2474 816 2508 Adrianus
828 2500 839 2518 ‚
866 2474 1102 2519 Nicephorum
1133 2478 1205 2507 tres
1220 2485 1304 2506 vero
1320 2472 1465 2506 feminae
1477 2498 1487 2515 ‚
1518 2472 1600 2507 Ma-

130 2521 183 2555 ria
194 2547 205 2561 ,
234 2521 408 2562 Eudonia,
438 2526 475 2555 et
503 2521 710 2562 Theodora,
740 2531 829 2564 quae
857 2524 894 2554 et
925 2531 1032 2564 usque
1062 2519 1104 2552 ad
1133 2518 1206 2552 eius
1233 2518 1357 2552 obitum
1383 2519 1596 2562 superfuere,

132 2566 378 2645 adgilileruntque
395 2578 508 2601 omnes
525 2567 616 2613 patri
629 2565 794 2601 morienti.
839 2565 901 2600 sed
922 2565 1008 2600 haec
1031 2568 1174 2611 postea:
1204 2574 1294 2599 nunc
1308 2575 1395 2610 quae
1411 2567 1598 2609 sequuntur

131 2622 171 2645 or
195 2612 204 2619 ”
231 2613 448 2647 ereddenda.

223 2658 258 2691 3.
302 2658 527 2693 Proficientes
546 2669 608 2704 per
632 2658 719 2691 hunc
735 2656 866 2691 modum
880 2657 1006 2690 fratres
1020 2655 1088 2689 duo
1106 2658 1142 2689 et
1156 2666 1218 2700 per
1231 2654 1394 2689 honorum
1408 2655 1535 2699 gradus
1551 2651 1595 2689 ad

132 2713 294 2736 summum
316 2704 470 2738 continue
493 2704 643 2738 nitentes‘
662 2702 874 2737 concordiam
890 2702 979 2736 inter
993 2713 1031 2735 se
1045 2713 1152 2746 usque
1167 2701 1209 2735 ad
1226 2701 1326 2734 finem
1344 2701 1459 2734 miram
1474 2707 1596 2735 tenue-

132 2753 231 2789 runt,
260 2748 387 2782 iuniore
408 2750 526 2784 maiori
547 2755 630 2784 natu
654 2749 688 2783 in
712 2748 863 2782 omnibus
890 2749 1165 2792 obtemperante,
1191 2747 1317 2792 illoque
1339 2747 1484 2781 vicissim
1513 2758 1594 2790 ger-

132 2805 230 2828 mano
256 2804 317 2827 suo
339 2794 457 2830 minori
479 2807 578 2840 quem
597 2796 780 2840 oportebat
803 2794 961 2828 honorem
982 2793 1165 2827 tribuente.
1208 2796 1249 2826 ut
1263 2803 1348 2827 vero
1365 2792 1399 2826 in
1414 2792 1597 2838 principale

132 2839 303 2885 fastigium
326 2844 467 2877 evectus
487 2841 635 2889 isaacius
657 2848 731 2885 est,
762 2839 979 2886 compellatae
994 2839 1162 2885 dignitate
1174 2843 1332 2875 ornatum
1346 2839 1507 2882 fratrem,
1532 2837 1596 2870 du-
