1878 3262
754 150 1078 196 DEDIGATIO.
1183 193 1187 196 ,
1608 163 1655 194 xx

181 264 365 318 legiones
386 265 713 323 procubuerunt?
742 265 815 306 ub'i
837 273 900 307 tot
920 266 1124 308 littoribus
1141 264 1345 308 terribiles
1367 266 1519 307 classes
1532 266 1553 308 ‘3
1583 266 1656 309 ubi

181 336 390 376 maritima
409 336 539 387 gloria
560 335 691 375 incliti
713 335 912 391 triumphi
925 337 945 375 ‘3
980 336 1051 375 ubi
1068 337 1138 376 illa
1160 334 1379 392 praesidia,
1417 349 1520 391 quae
1540 336 1656 377 suere

183 417 348 460 semper
377 412 575 459 eruntque
606 404 651 444 in
684 411 897 460 posterum
930 403 1198 445 fundamenta
1236 404 1437 445 libertatis
1474 411 1655 456 nostrae,

181 470 300 513 domi
320 471 558 523 concordia,
592 473 817 524 integritas,
854 473 1117 523 continentia,
1154 474 1316 515 animus
1335 473 1380 514 in
1404 472 1656 514 consulendo

178 542 301 592 liber,
336 543 487 582 nullius
508 541 589 582 sibi
612 539 751 582 delicti
771 542 946 593 gratiam
966 541 1144 592 faciens3
1178 543 1280 583 soris
1302 540 1527 593 industria,
1569 543 1658 582 ala-

180 610 324 661 critas,
354 610 602 660 constantia,
637 609 834 650 fortitudo
849 610 869 650 ’ἒ
938 610 1007 651 his
1040 624 1218 665 namque
1251 611 1470 651 virtutibus
1499 611 1544 651 in
1563 618 1659 651 tan-

179 685 267 719 tum
288 679 497 735 potentiae
516 679 728 730 fastigium
739 678 960 731 Belgarum
982 693 1136 721 nomen
1160 680 1385 720 evexistis:
1420 679 1488 720 his
1510 679 1658 721 imbuti

179 748 354 798 artibus,
389 761 518 804 parva
549 761 573 787 a
612 746 711 788 sede
743 748 915 804 profecti
951 746 1205 804 disparsistis
1240 761 1333 788 cum
1368 749 1454 788 sole
1480 762 1656 790 manus:

177 815 245 856 his
277 815 392 856 domi
422 817 695 871 militiaeque,
731 824 906 857 terraac
925 818 1051 868 mari,
1086 825 1148 857 tot
1169 824 1210 857 et
1228 817 1433 873 praeclara
1458 816 1564 857 adeo
1590 819 1657 857 fa·-

178 885 318 925 cinora
348 885 528 926 fecistis:
562 884 714 926 iisdem
743 899 822 926 vos
858 893 899 926 et
925 886 1220 942 rempublicam
1249 886 1468 926 servabitis
1498 887 1658 938 magis-

177 967 258 1009 que
287 955 502 1005 attolletis3
536 954 649 995 cives
677 961 718 994 et
744 954 1066 996 honestissimos
1099 953 1266 996 ordines
1298 968 1322 994 a
1351 955 1398 996 vi
1426 962 1467 994 et
1500 954 1652 994 iniuria

175 1023 472 1078 prohibebitis:
508 1030 550 1064 et
578 1021 690 1078 quod
719 1023 921 1075 ominari,
953 1022 1063 1079 quod
1083 1037 1248 1080 sperare
1267 1024 1382 1075 licet,
1417 1023 1653 1080 inexplebi-

174 1091 260 1131 lem
282 1091 390 1131 hunc
423 1092 634 1144 sanguinis
660 1092 847 1144 hostem,
883 1107 1169 1148 novorumque
1199 1100 1388 1133 motuum
1413 1091 1584 1133 avidum
1611 1099 1654 1132 et

152 1156 383 1212 ieiunum,
415 1159 682 1212 coe'rcebitis,
711 1162 998 1217 profligabitis.
1051 1161 1124 1202 sed
1146 1161 1242 1217 quid
1267 1176 1344 1214 ego
1370 1160 1522 1202 diutius
1543 1159 1655 1217 apud

172 1241 251 1270 vos
272 1243 341 1281 ea,
378 1243 482 1284 quae
501 1244 576 1270 nec
599 1230 747 1281 officii,
783 1244 859 1271 nec
878 1231 1038 1271 consilii
1057 1231 1164 1282 mei,
1198 1229 1273 1271 sed
1290 1238 1454 1271 vestrae
1471 1230 1655 1286 pruden-

173 1296 257 1337 tiae
284 1298 408 1339 sunt?
477 1313 607 1339 unum
637 1314 762 1351 rogo,
793 1307 951 1355 patres,
983 1300 1097 1340 cuius
1120 1300 1249 1351 gratia
1275 1299 1447 1350 accessi,
1483 1307 1528 1339 ut
1548 1300 1657 1339 inter

172 1367 367 1422 strepitus
400 1380 631 1418 armorum,
665 1375 707 1408 et
732 1368 888 1408 ruentis
920 1368 1016 1408 belli
1035 1369 1280 1424 procellam,
1320 1375 1460 1409 vestro
1485 1367 1656 1420 dignum

171 1434 383 1491 praesidio
410 1443 452 1476 et
480 1437 603 1476 tutela
637 1436 826 1478 habeatis
860 1437 1058 1477 maximis
1088 1435 1299 1492 quondam
1337 1437 1655 1493 imperatoribus

172 1516 312 1544 carum
330 1503 531 1545 Ioannem
555 1505 663 1558 hunc
689 1504 959 1556 Cinnamum,
981 1505 1237 1562 *scriptorem
1261 1503 1534 1562 industrium,
1568 1507 1656 1546 ele-

171 1580 357 1624 gantem,
392 1574 534 1626 magni
559 1573 857 1630 Xenophontis
884 1575 1115 1625 aemulum3
1151 1575 1252 1615 satis
1282 1575 1448 1627 ingenio
1481 1589 1556 1615 suo
1586 1575 1656 1615 in·-

172 1638 432 1694 dulgentem,
468 1642 570 1683 satis
603 1650 926 1699 temperante1n3
961 1642 1199 1684 laudantem
1232 1642 1469 1684 Comnenos
1502 1643 1656 1700 princi·-

170 1723 246 1765 pes
277 1724 395 1761 suos,
434 1711 505 1751 ubi
536 1711 641 1752 ratio
669 1719 710 1752 et
740 1713 854 1753 locus
887 1719 929 1752 et
954 1712 1101 1752 merita
1131 1713 1363 1769 postulant,
1399 1727 1483 1752 non
1516 1726 1582 1753 res
1614 1719 1655 1753 et

169 1779 356 1820 fortunas
377 1794 522 1820 eorum
540 1779 765 1821 immodice
786 1780 1045 1833 adulantem3
1077 1782 1268 1823 omnibus
1292 1779 1492 1836 denique,
1525 1794 1655 1836 quae-

169 1860 344 1903 cumque
372 1849 444 1889 illo
474 1850 636 1890 saeculo
661 1850 879 1902 viguerunt
907 1850 1094 1902 ingenia,
1128 1850 1284 1889 lumine
1306 1863 1352 1888 ac
1373 1849 1552 1889 claritate
1578 1846 1653 1890 sua

169 1917 361 1958 tenebras
393 1916 680 1959 obducentem.
749 1917 888 1959 condit
920 1932 965 1959 se
1000 1926 1138 1959 autem
1165 1925 1303 1959 vestra
1324 1917 1368 1958 in
1390 1918 1565 1958 sacraria
1597 1932 1649 1959 eo

169 1984 362 2036 alacrior,
398 2000 449 2026 eo
469 1988 630 2042 plenior
656 1987 889 2028 animorum
908 1985 1185 2042 fiduciaeque,
1219 1987 1511 2039 gloriosissimi
1533 1984 1649 2027 ordi·-

168 2067 265 2104 nes,
302 2052 412 2108 quod
431 2068 642 2110 nunquam
660 2057 729 2096 vel
744 2056 788 2095 in
806 2055 1003 2096 maximis
1026 2055 1144 2095 bellis
1164 2056 1295 2111 pretia
1316 2053 1424 2111 apud
1443 2069 1521 2096 vos
1540 2055 1648 2096 ceci-

169 2119 305 2162 derint
337 2122 571 2174 Musarum,
607 2121 682 2163 sed
718 2123 837 2176 (rem
868 2122 1155 2164 admirabilem
1184 2124 1473 2180 perpetuisque
1510 2122 1647 2164 laudi-

168 2190 246 2231 bus
278 2189 670 2248 depraedicandam!
681 2191 699 2243 )
733 2193 892 2244 integro
926 2200 1048 2247 atque
1066 2193 1224 2233 illibato
1245 2191 1386 2233 media
1405 2193 1512 2233 inter
1532 2206 1648 2234 arma

166 2258 328 2300 honore
359 2259 496 2301 studia
525 2261 738 2312 foveritis,
775 2261 928 2301 auxilia
958 2268 999 2301 et
1026 2262 1152 2302 fulcra
1178 2261 1241 2301 rei
1266 2262 1476 2318 publicae,
1512 2276 1647 2317 neque

167 2328 282 2384 pacis
310 2329 469 2380 magis,
506 2343 630 2384 quam
663 2329 883 2381 bellorum,
921 2338 1175 2372 ornamenta.
1242 2330 1312 2370 ille
1341 2331 1464 2371 vobis
1495 2330 1647 2382 gratias

169 2404 287 2448 aget,
322 2411 512 2453 proceres
540 2398 767 2451 magnifici,
793 2400 838 2441 in
866 2399 1013 2454 quibus
1042 2399 1220 2452 obligata
1241 2407 1305 2439 est
1326 2397 1474 2439 domus
1495 2406 1652 2444 nostra.

168 2465 240 2506 ille
276 2466 438 2507 animos
467 2468 681 2509 testabitur
707 2466 883 2508 devotos
912 2465 1180 2522 addictosque
1197 2474 1360 2510 vestrae
1378 2467 1648 2519 reverentiae,

169 2547 274 2588 quos
304 2542 466 2590 praeter
493 2537 642 2577 offerre
670 2536 775 2576 nihil
800 2550 1038 2592 possumus.
1106 2536 1223 2576 illum
1250 2535 1478 2592 accipietis,
1511 2550 1647 2592 spero,

167 2611 484 2644 monumentum
514 2612 555 2645 et
585 2603 776 2645 obsidem
795 2605 882 2644 mei
905 2605 1115 2661 patrisque
1146 2603 1308 2659 (neque
1329 2605 1442 2645 enim
1462 2604 1651 2647 illicitum

166 2671 289 2711 filio·
276 2686 322 2711 m
342 2685 486 2712 caussa
506 2680 593 2714 tam
612 2673 702 2729 pia,
737 2681 824 2717 tam
845 2673 1042 2724 honesta,
1071 2688 1146 2730 pro
1180 2673 1490 2716 officiosissimo
1521 2673 1648 2714 etiam

167 2746 283 2794 patre
312 2739 544 2795 spondere)
579 2742 735 2785 aeterni
755 2756 851 2794 erga
871 2743 1059 2785 inclitum
1077 2756 1231 2783 nomen
1251 2749 1438 2786 vestrum
1458 2741 1647 2796 obsequii

169 2813 213 2847 et
236 2806 557 2862 indefatigabilis
588 2811 891 2854 observantiae.
970 2808 1073 2851 deus
1099 2810 1224 2863 faxit,
1269 2818 1314 2850 ut
1343 2817 1540 2866 quantum
1569 2808 1646 2851 de-
