1878 3262
239 209 337 256 374
688 207 892 251 CAROLI
925 209 1004 251 DU
1038 209 1248 252 FRESNE

236 319 414 371 Hyginus
443 318 486 356 in
501 317 727 356 Gromatico
751 331 832 357 non
853 331 935 357 uno
956 319 1043 357 loco
1069 324 1109 357 et
1127 323 1278 358 veteres
1295 319 1565 372 inscriptiones
1589 318 1697 372 apud

238 377 465 417 Gruterum.
521 375 840 417 marescallorum
855 375 972 413 etiam
989 375 1094 413 idem
1114 388 1258 413 munus
1276 375 1362 425 fuit,
1379 383 1428 415 ut
1447 383 1504 415 est
1524 377 1567 415 in
1584 376 1696 414 Fleta

236 432 299 474 l.2
322 444 355 469 c-
369 430 407 480 4,
429 430 499 469 ubi
519 431 568 469 (le
588 431 717 470 officio
733 432 970 470 marescalli:
1001 432 1173 469 exercitu
1190 432 1379 484 evigilato
1398 446 1488 471 cum
1501 434 1698 485 soratori-

237 487 314 526 bus
333 488 478 527 vexillo
501 489 698 540 explicato
719 489 899 540 singulis·
919 487 1062 526 diebus
1078 488 1154 526 ibit
1170 490 1215 526 in
1229 491 1540 539 protectionem.-
1565 489 1608 527 id
1627 495 1698 538 est,

238 544 421 582 defensor
441 547 606 587 est,vc5v
623 542 931 599 κουρσευὸντων.
989 551 1096 596 certe
1116 550 1272 583 constat
1290 551 1476 584 stratores
1494 546 1538 584 id
1557 559 1700 584 mune-

236 601 292 639 ris
309 601 353 639 in
373 601 511 639 militia
533 602 682 651 obiisse,
713 602 820 652 quod
840 602 988 640 domini
1008 602 1111 640 circa
1131 603 1349 654 praefectos
1367 603 1578 654 praetorio,
1601 615 1700 654 pro-

239 657 431 707 consules,
450 658 647 710 praesides
659 658 802 697 aliosve
817 658 1081 709 magistratus,
1103 671 1273 709 quorum
1292 672 1412 710 opera
1432 659 1460 696 ii
1476 659 1518 697 in
1534 659 1702 697 manda-

238 714 292 753 tis
319 715 561 766 perferendis
586 721 656 753 aut
685 715 913 766 peragendis
938 715 1168 754 utebantur.
1225 715 1370 754 horum
1396 728 1584 754 numerus
1603 716 1702 753 adeo

239 784 403 823 magnus
422 772 517 822 fuit,
544 778 592 810 ut
617 771 770 809 scholas
792 772 1049 822 conficerent,
1075 772 1124 810 de
1143 772 1283 822 quibus
1301 772 1428 823 agitur
1451 773 1491 811 in
1514 772 1541 811 l.
1563 776 1585 814 1
1606 771 1701 810 cod.

240 828 290 867 de
315 828 430 869 Offie.
457 828 644 866 Praefect.
674 828 852 868 Praetor.
882 828 1000 867 Afric.
1030 835 1070 867 et
1096 829 1138 866 in
1165 827 1360 867 Chronico
1381 830 1465 868 CaS.
1486 829 1513 867 l.
1533 828 1561 870 4
1583 841 1616 867 c.
1635 831 1703 871 39.

239 896 368 935 neque
395 896 492 924 vero
518 884 546 922 ii
572 884 718 924 diversi
749 886 857 923 fuere
885 885 1055 923 nominis
1087 891 1219 937 etymo
1251 899 1271 922 a
1298 886 1436 924 ceteris
1462 884 1704 927 stratoribus·

240 953 311 979 seu
326 941 606 991 scam-oribus,
643 941 838 992 quidquid
865 942 969 980 dicat
994 942 1157 980 Iacobus
1177 941 1443 980 Gothofredus
1470 942 1521 980 ad
1548 942 1575 981 l.
1596 941 1704 979 unic.

246 996 344 1036 Cod.
372 997 440 1037 le.
461 997 510 1035 de
529 1005 715 1048 straton,
757 998 824 1049 qui
845 1004 976 1036 censet
994 1005 1182 1038 stratores
1205 999 1392 1037 militares
1418 1004 1458 1036 et
1481 1011 1546 1036 eos
1569 998 1639 1048 qui
1662 997 1705 1035 in

243 1053 372 1093 officio
399 1054 697 1105 magistratuum
725 1061 839 1093 erant
867 1055 922 1093 sic
951 1055 1188 1106 appellatos,
1229 1056 1338 1105 quod
1357 1055 1464 1094 viam
1485 1058 1707 1093 sternerent

241 1111 558 1162 imperatoribus,
578 1110 869 1161 magistratibus
891 1111 999 1149 domi
1019 1112 1256 1161 militiaeque
1271 1125 1340 1150 seu
1358 1112 1462 1150 foras
1483 1110 1706 1163 proceden-

241 1167 364 1207 tibus.
420 1180 513 1205 nam
533 1179 623 1203 cum
643 1172 833 1205 stratores
850 1178 919 1205 seu.
941 1164 1152 1220 α’ναβολεΐς
1178 1167 1220 1205 in
1250 1168 1435 1206 curandis
1454 1168 1708 1206 dominorum

242 1224 366 1275 equiS‚
391 1223 497 1261 iniis
514 1222 756 1261 adducendis
784 1230 823 1261 et
851 1224 894 1261 in
920 1224 1137 1262 allevandis
1163 1223 1330 1262 dominis
1347 1225 1387 1262 in
1407 1238 1526 1275 equos
1547 1236 1707 1275 operam

242 1293 356 1319 suam
367 1280 543 1318 locarent
560 1279 683 1330 iisque
701 1280 969 1330 equitantibus
986 1287 1176 1332 perpetuo
1193 1280 1385 1331 adessent,
1403 1282 1551 1319 factum
1571 1286 1708 1332 postea

242 1343 292 1376 ut
313 1336 382 1388 qui
402 1337 565 1388 perinde
584 1336 896 1388 magistratibus,
931 1343 1018 1375 tum
1051 1337 1228 1376 civilibus
1259 1343 1346 1376 tum
1373 1337 1606 1375 militaribus
1633 1336 1707 1374 ad-

244 1399 370 1443 erant,
400 1407 479 1444 quo
506 1407 643 1432 eorum
659 1393 762 1431 iussa
780 1400 1020 1446 peragerent,
1048 1401 1243 1432 stratores
1262 1395 1380 1432 etiam
1404 1394 1710 1446 appellarentur.

243 1450 352 1489 unde
371 1464 452 1488 non
473 1450 628 1499 desunt,
663 1450 731 1500 qui
752 1449 909 1490 eosdem
926 1463 1006 1488 esse
1027 1464 1116 1489 cum
1139 1450 1440 1489 mandatoribus
1458 1455 1613 1502 putant,
1642 1449 1710 1499 qui

243 1507 350 1545 iussa
369 1507 588 1545 officiorum
609 1503 925 1558 exsequebantur
953 1520 1167 1558 eorumque
1185 1507 1372 1545 mandata
1392 1507 1575 1559 expedite
1600 1506 1710 1544 defe-

242 1563 397 1602 rebant.
457 1563 513 1600 ita
538 1562 699 1611 Phocas,
730 1563 798 1613 qui
831 1569 980 1604 strator
1011 1564 1133 1602 Prisci
1157 1564 1313 1615 patricii
1340 1564 1457 1602 fuisse
1487 1563 1630 1601 dicitur
1659 1562 1709 1600 ab

244 1619 473 1659 Adrevaldo
497 1620 522 1661 l
549 1625 568 1661 1
590 1619 638 1657 de
658 1619 790 1658 Mirac.
810 1621 848 1658 S.
870 1620 1015 1658 Bened.
1034 1633 1066 1659 c.
1089 1623 1153 1667 10,
1182 1620 1363 1658 Aimoino
1380 1620 1404 1661 1
1418 1618 1444 1660 4
1463 1633 1497 1658 c.
1510 1623 1535 1661 3
1551 1625 1591 1657 et
1610 1618 1710 1666 aliis,

244 1676 516 1729 ἐντολικαρίου
537 1689 681 1714 munus
703 1676 841 1714 obiisse
860 1683 1048 1714 narratur
1069 1690 1090 1713 a
1102 1676 1357 1727 Theophane,
1375 1676 1418 1714 id
1440 1682 1511 1725 est,
1533 1674 1711 1713 manda-

246 1735 356 1771 toris.
413 1747 504 1771 nam
504 1729 785 1802 μανδάτορες
794 1732 1009 1770 dicuntur
999 1746 1039 1769 1n
1060 1732 1185 1770 Gloss.
1205 1732 1320 1770 Basil.
1343 1738 1383 1770 et
1405 1733 1447 1769 in
1465 1733 1606 1770 Lexico
1628 1732 1711 1782 Cy—

245 1790 346 1831 rilli:
396 1789 439 1830 οἰ
465 1805 514 1830 τα
546 1787 729 1841 μανδάτα
759 1784 839 1829 vind
873 1805 954 1829 των
984 1784 1188 1843 ἀρχόντων
1216 1786 1317 1840 πρός
1345 1803 1441 1836 τους
1474 1784 1713 1840 στρατιώτας

246 1842 365 1895 ὄξέως
383 1846 691 1898 διακομίζοντες,
718 1858 817 1897 quae
845 1845 1012 1884 totidem
1042 1845 1174 1884 verbis
1199 1845 1399 1883 habentur
1418 1845 1526 1897 apud
1545 1846 1712 1883 Leonem

246 1903 290 1940 in
308 1903 454 1942 Tactic.
475 1916 507 1940 e.
530 1903 556 1942 4
575 1902 619 1953 β’.
642 1906 706 1945 16.
737 1902 862 1940 Gloss.
883 1901 1123 1941 G1·aecolat.:
1154 1899 1448 1955 ἐντελλόμενος,
1477 1901 1711 1939 mandator.

246 1959 332 2010 ipsa
356 1971 452 1997 vero
482 1958 669 1996 mandata
698 1956 877 2000 ἕντολικά
907 1960 1013 1997 dicta
1042 1958 1148 2010 apud
1167 1958 1514 2010 Luithprandum
1503 1973 1545 1996 in
1561 1959 1715 2008 Legat.;

247 2016 301 2053 sic
318 2015 423 2053 enim
440 2015 649 2066 legendum
670 2028 743 2066 pro
763 2011 954 2065 ἐντόλινα,
980 2016 1089 2065 quod
1108 2029 1188 2053 non
1207 2016 1384 2054 advertit
1403 2015 1613 2064 Meursius3
1643 2028 1714 2051 en—

248 2072 390 2109 telmae
410 2072 606 2110 vocabulo
637 2071 1007 2123 mixolatinograeco
1037 2073 1078 2110 in
1111 2073 1234 2112 veteri
1262 2071 1399 2110 charta
1419 2070 1714 2122 Longobardica

249 2128 357 2180 apud
376 2127 583 2178 Ughellum
602 2129 645 2166 in
666 2128 902 2180 Archiepisc.
921 2130 1134 2167 Benevent.
1157 2143 1197 2168 n.
1214 2127 1266 2169 44
1288 2135 1384 2167 tom.
1397 2132 1422 2171 8
1444 2128 1527 2167 Ital.
1548 2129 1710 2175 sacrae;

249 2191 290 2223 et
314 2184 356 2222 in
385 2185 551 2236 Regesto
576 2185 682 2223 Petri
707 2186 870 2223 Diaconi
898 2186 1025 2224 Casin.
1059 2185 1166 2238 apud
1183 2185 1373 2236 Angelum
1394 2199 1414 2222 a
1433 2185 1561 2235 Nuce,
1592 2184 1712 2221 entil-

250 2249 366 2279 mata
387 2241 494 2293 apud
515 2242 632 2279 Leon.
658 2241 826 2280 ostiens.
847 2243 873 2280 l.
898 2246 920 2285 1
946 2256 977 2284 c.
1000 2243 1069 2284 51.
1125 2242 1230 2280 idem
1258 2242 1425 2292 denique
1454 2253 1597 2278 munus
1624 2239 1713 2277 obi-

108 2306 137 2340 P
162 2305 231 2342 476
251 2298 350 2337 bant
370 2298 481 2349 quod
497 2305 688 2346 statorem,
719 2299 774 2336 sic
793 2299 887 2336 dicti
900 2329 910 2348 ,
930 2299 1037 2349 quod
1058 2304 1208 2337 starent
1228 2299 1279 2336 ad
1297 2299 1401 2336 iussa
1420 2297 1561 2349 parati,
1581 2312 1714 2349 παρα-
1743 2336 1745 2338 .

250 2353 437 2408 μένοντες
458 2357 692 2408 στρατιῶται
714 2355 755 2392 in
777 2355 901 2393 Gloss.
922 2355 1036 2394 Basil.
1094 2356 1201 2394 unde
1221 2355 1398 2393 Cuiacius
1415 2359 1604 2391 stratores
1623 2364 1714 2391 cum

250 2411 462 2450 statoribus
483 2410 694 2449 confundit
706 2442 717 2458 ,
747 2412 856 2461 quod
873 2412 1070 2463 improbat
1088 2413 1294 2450 Salmasius
1306 2411 1356 2448 ad
1368 2410 1580 2449 chatium
1596 2410 1716 2447 Galli-

253 2481 410 2507 canum.
460 2474 657 2506 staterum
672 2467 790 2509 etiam
811 2469 989 2506 meminit
1006 2469 1222 2506 monachus
1242 2466 1496 2518 Sangallensis
1514 2467 1538 2507 l.
1550 2470 1576 2508 2
1592 2480 1626 2504 c.
1638 2467 1714 2519 153

253 2530 472 2563 stratorum
499 2537 595 2564 vero
627 2523 857 2562 militarium
878 2525 986 2563 Otho
1006 2525 1037 2562 F
1039 2524 1258 2576 risingensis
1275 2525 1300 2565 l.
1320 2528 1347 2566 2
1368 2523 1416 2561 de
1438 2524 1542 2561 Gest.
1560 2522 1713 2564 Frider.

255 2594 288 2618 c.
309 2583 384 2621 18:
427 2595 498 2619 nec
511 2580 851 2633 praetereundum
870 2584 945 2619 erit
963 2581 1010 2619 de
1026 2581 1242 2619 cuiusdam
1255 2587 1499 2632 praeruptae
1516 2579 1716 2618 audaciae

254 2639 445 2674 stratoris
463 2639 624 2686 virtute,
658 2640 731 2689 qui
745 2637 843 2676 dum
866 2638 1000 2676 taedio
1021 2639 1164 2690 longae
1184 2635 1407 2674 obsidionis
1428 2637 1595 2689 affictus
1612 2643 1716 2673 cete-

255 2694 315 2732 ris
337 2693 551 2731 assiliendi
574 2708 708 2731 arcem
729 2696 949 2746 exemplum
970 2694 1068 2732 dare
1086 2695 1210 2742 vellet,
1226 2692 1372 2744 gladio
1391 2701 1553 2732 tantum
1571 2699 1607 2730 et
1626 2693 1715 2745 cly-

252 2764 327 2803 pec
343 2763 571 2801 parvaque,
592 2757 639 2787 at
659 2750 707 2787 id
718 2765 848 2802 genus
866 2751 1073 2789 hominum
1092 2751 1209 2800 solet,
1238 2753 1370 2787 securi·
1379 2780 1389 2800 ,
1422 2765 1505 2803 qua
1522 2750 1644 2787 sellae
1661 2747 1716 2785 ab

257 2808 313 2844 eis
338 2807 537 2859 alligatae
564 2814 798 2856 portantur,
827 2813 1011 2860 aggerem
1044 2829 1090 2837 -—
1122 2805 1372 2859 aggreditur.
1431 2807 1480 2847 ab
1498 2806 1565 2845 illo
1582 2802 1713 2844 hausit

258 2861 486 2903 Guntherus
510 2864 535 2902 l.
557 2866 585 2906 2
604 2862 753 2914 Ligur.:
