1878 3262
237 238 304 284 72
722 231 945 276 IOANNIS
981 231 1211 275 CINNAMI

189 356 220 390 c
243 351 310 392 καὶ
327 346 450 405 φόνον
472 343 696 404 βαρβάρων
721 344 847 387 πολὺν
867 342 1066 401 εἷ’ργαστο.
1131 338 1182 399 ἦν
1206 343 1250 386 δὲ
1271 345 1511 402 Φρεὸερίκος
1537 338 1654 394 οὗτος
1672 340 1694 385 ὅ

236 417 338 473 μετὰ
368 415 586 472 Κορράδον
606 416 844 468 Ἀλαμανῶν
871 412 1018 469 ἄρξας,
1064 412 1106 462 ἐξ
1134 414 1265 462 αἲτιάς
1287 412 1315 468 ἢ
1340 414 1382 454 ἐν
1403 420 1486 463 τοῖς
1501 413 1696 455 duanam

239 486 435 534 λελέξεται
462 483 607 540 λόγοις.
675 484 860 525 ἐντεῦθεν
891 485 964 536 τῆς
992 481 1191 537 προτέρας
1208 480 1426 534 Ἀλαμανοὶ
1449 484 1696 538 καθυφῆκαν

241 554 492 604 ἀλαζονείας,
527 551 629 608 ἔργῳ
647 550 719 606 τὴν
728 549 936 603 Ῥωμαίων
955 550 1213 603 διδαχθέντες
1229 547 1357 603 ῗσχύν.

381 616 454 664 14.
526 623 670 661 Ταῦτα
689 619 762 673 μὲν
784 612 855 660 οὖν
875 619 968 674 τῇδε
989 616 1223 674 ἐπράσσετο.
1285 614 1536 673 Ἀνδρόνικος
1557 617 1622 668 δέ,
1653 613 1730 657 8νό

240 691 305 732 καὶ
322 682 450 729 Ὦπον
471 686 664 739 ἐκάλουν,
696 688 738 729 ἐκ
758 687 958 741 βασιλέως
984 685 1137 728 τούτων
1157 685 1207 739 δὴ
1235 685 1346 727 ἕνεκα
1362 685 1585 741 πεμφθείς,
1618 688 1699 726 τῶν

240 775 281 800 τε
314 755 444 812 ὅρκων
471 756 735 811 ἀνεμίμνησκε
757 759 866 811 σφᾶς
894 755 961 796 καὶ
983 753 1010 796 ἃ
1035 756 1124 810 περὶ
1145 757 1217 796 τοῦ
1230 754 1355 808 μηδὲν
1385 751 1586 807 ἀδικήσειν
1597 750 1698 794 Ῥω·-
1739 776 1743 784 -

237 826 384 879 μαίους
416 823 737 880 ὃιωμολογήκασι
765 821 958 880 πρότερον
988 823 1116 876 συχνὰ
1139 823 1352 879 προφέρων
1378 821 1552 873 ὠνείδιζέ
1570 837 1611 863 τε
1628 819 1701 875 τὴν

240 894 427 935 ἀπιστίαν
445 894 593 944 αὐτοῖς,
629 894 695 934 καὶ
716 892 790 947 εἷ’γε
808 891 864 945 μὴ
886 893 942 940 εἲς
960 896 1163 947 προῦπτον
1177 890 1300 932 κακὸν
1318 891 1580 943 ἐμπεσεῖσθαι
1599 892 1701 942 βου-

188 970 221 1005 D
246 961 426 1015 λομένοις
445 961 503 1016 εἴη
515 993 528 1013 ,
565 962 626 1002 ἐπὶ
645 961 713 1003 τὸν
724 958 896 1014 Ἀβύδου
921 957 1221 1013 ξυνεβουλεύετο
1239 957 1428 1015 πορθμὸν
1446 958 1545 999 ἰέναι
1567 957 1698 999 κάκεΐ-
1715 965 1759 999 10

125 1510 218 1547 Ρ41

238 1034 314 1071 θεν
339 1029 482 1071 αὐτίκα
504 1029 864 1086 περαιωσομὲνους.
911 1027 1007 1069 ἀλλ’
1025 1025 1276 1083 Ἀνδρόνικος
1293 1027 1366 1080 μὲν
1384 1029 1563 1068 τοσαῦτα
1583 1024 1704 1067 εἰπὼν

240 1097 375 1151 ἐπειδὴ
396 1114 454 1151 μη
471 1099 624 1139 πείθειν
641 1095 763 1150 εἶχεν,
800 1095 1004 1151 ἄπρακτος
1029 1097 1070 1145 ἐς
1089 1094 1310 1146 Βυζάντιον
1332 1092 1534 1150 ἀνεχώρει.
1603 1093 1642 1135 oi
1661 1092 1705 1134 δὲ

241 1168 297 1215 εἷς
320 1165 449 1219 βου7>
426 1183 474 1206 νν
505 1166 754 1221 συλλεγέντες
773 1166 862 1220 περὶ
884 1168 964 1206 τῶν
994 1165 1035 1205 ἐν
1052 1165 1168 1246 χερσὶ
1193 1161 1439 1219 πραγμάτιον
1457 1162 1704 1204 ἐσκέπτοντο.

242 1232 364 1283 δόξαν
387 1234 431 1275 δὲ
456 1250 527 1287 της
546 1235 608 1275 ἐπι.
629 1232 850 1284 Βυζάντιον
868 1230 1056 1287 ἔχεσθαι,
1089 1231 1256 1287 ἄραντες
1282 1232 1434 1273 ἐκεῖθεν
1453 1227 1536 1271 οὸὦ
1557 1246 1705 1286 προῃε-

242 1318 330 1344 σαν.
402 1301 517 1343 οὐδέν
536 1317 576 1344 τε
603 1303 728 1355 ἧσσον
756 1295 878 1349 αυθις
909 1302 1047 1351 ἐκεῖνοι
1066 1301 1130 1342 καὶ
1152 1299 1255 1353 μετὰ
1272 1299 1344 1353 τὴν
1364 1302 1417 1340 πλ
1407 1314 1518 1354 ηγην
1545 1292 1649 1351 ἦσαν
1667 1313 1705 1339 οι
1719 1302 1760 1338 15

242 1371 336 1426 πρὶν
357 1368 559 1421 ἀλαζόνες.
589 1368 641 1412 τά
652 1386 692 1411 τε
711 1370 788 1425 γὰρ
810 1367 1052 1423 βοσκήματα
1074 1368 1313 1410 συνέκοπτον
1334 1368 1511 1423 ἀφειὸῶς
1526 1367 1592 1407 καὶ
1605 1364 1707 1408 Ῥω-

241 1438 374 1491 μαίων
404 1438 448 1479 δὲ
478 1442 560 1480 τῶν
588 1437 896 1491 ἀνθισταμένων
917 1437 1090 1486 πολλοὺς
1112 1435 1300 1478 ἔκτεινον·
1336 1434 1362 1490 ἥ
1383 1451 1423 1476 τε
1445 1433 1557 1489 μάχη
1577 1434 1708 1476 οὐκέτι

245 1505 384 1547 λοιπὸν
407 1507 450 1547 ἐκ
468 1510 542 1548 τοῦ
561 1506 745 1563 ἀφανοῦς
763 1506 989 1547 συνίστατο.
1037 1509 1167 1547 ταῦτα
1188 1503 1322 1557 ἐπειδὴ
1339 1503 1530 1557 βασιλεὺς
1548 1500 1708 1557 ἤκουσε,

243 1576 325 1615 ὁεῖν
341 1573 439 1628 ἔγνω
461 1572 841 1630 παρασκευάζεσθαι
866 1575 932 1615 καὶ
952 1571 1085 1622 αὐτός.
1155 1571 1272 1613 πόλιν
1295 1573 1368 1625 μὲν
1391 1565 1462 1613 οὖν
1488 1571 1560 1624 τὴν
1586 1572 1708 1612 Κων-
1729 1581 1732 1585 ’

242 1643 452 1683 σταντίνου
489 1642 633 1684 αὐτίκα
663 1639 915 1698 στρατόπεδα
943 1639 1152 1697 ἐφρούρει,
1187 1639 1239 1682 τὰ
1255 1641 1328 1693 μὲν
1346 1639 1423 1695 πρὸ
1450 1643 1530 1680 τῶν
1550 1639 1765 1692 τειχέωνΞΟ

244 1707 482 1763 αὐλιζόμενα
503 1711 554 1751 τὰ
575 1711 618 1752 δὲ
642 1711 707 1751 καὶ
726 1713 863 1750 πυλῶν
881 1709 1020 1751 ἔνδοθι
1043 1708 1254 1763 διατριβὴν
1271 1708 1425 1763 ἔχοντα.
1495 1708 1710 1748 Βασίλειον

244 1778 312 1829 δέ,
348 1777 394 1820 ὃν
414 1779 481 1819 καὶ
501 1777 776 1832 Τζικανὸύλην
794 1776 1038 1829 ἐπεκάλουν,
1073 1781 1237 1826 πολλοῖς
1252 1777 1293 1825 ἐς
1312 1776 1363 1818 τὰ
1382 1774 1482 1832 πρὸς
1498 1775 1712 1829 ἀνίσχοντα

339 1896 394 1931 15.
419 1895 457 1930 οἱ
474 1891 637 1941 aelidi?
658 1907 707 1939 πρ
711 1894 775 1929 lv?
870 1896 924 1932 16.
950 1892 1191 1937 συνέκοπτον]
1215 1894 1294 1928 Hoc
1311 1893 1364 1928 bis
1377 1893 1413 1928 in
1430 1892 1516 1928 Cod.
1535 1891 1711 1939 scriptum.

337 1943 396 1978 21.
418 1942 570 1987 πυλῶν]
595 1941 650 1975 Ita
667 1940 818 1975 correxit
835 1940 978 1975 Tollius.
1021 1940 1106 1974 Cod.
1123 1940 1266 1984 πυρῶν.

247 2042 352 2077 edidit
375 2043 605 2080 barbarorum.
661 2042 727 2078 fuit
757 2046 870 2076 autem
891 2042 949 2076 ille
979 2041 1204 2084 Fredericus,
1227 2040 1283 2086 qui
1306 2044 1384 2086 post
1399 2039 1715 2085 Conradumimpe-

247 2089 338 2122 ravit
367 2088 577 2141 Alemannis,
610 2100 653 2122 ex
677 2100 718 2122 ea
742 2100 843 2133 quam
866 2089 901 2121 iu
934 2089 1154 2132 sequentibus
1176 2088 1348 2121 trademus
1376 2087 1566 2121 occasione.
1612 2091 1715 2130 atque

246 2133 326 2167 inde
352 2145 372 2166 a
396 2133 510 2178 priore
541 2135 703 2168 hactenus
721 2134 847 2168 ferocia
869 2134 1029 2168 remisere
1051 2133 1246 2176 Alemanni,
1270 2133 1398 2178 reipsa
1414 2132 1526 2167 edocti
1540 2132 1714 2166 Romano-

247 2190 322 2214 rum
343 2178 447 2212 vires.

344 2223 397 2259 14.
445 2224 530 2258 Cum
546 2234 588 2256 ea
607 2223 705 2256 isthic
721 2231 915 2268 agerentur,
933 2223 1144 2258 Andronicus
1157 2235 1286 2268 ‚quem
1303 2227 1339 2256 et
1354 2223 1465 2267 Opum
1482 2195 1714 2267 appellabant,

250 2270 371 2304 missus
396 2274 449 2303 est
473 2269 515 2302 ab
543 2268 749 2312 imperatore
773 2270 813 2303 ad
839 2282 894 2305 res
920 2270 1179 2314 componendas.
1225 2269 1345 2314 positis
1368 2268 1425 2301 ille
1440 2267 1483 2300 ob
1499 2268 1615 2301 oculos
1629 2278 1716 2312 quae

251 2321 352 2350 antea
367 2314 579 2348 iureiurando
595 2314 637 2347 de
651 2326 717 2347 non
733 2315 943 2348 offendendis
970 2316 1130 2349 Romanis
1156 2315 1371 2349 sanciverant
1385 2313 1514 2357 pactis,
1538 2314 1716 2359 perfidiam

252 2361 378 2395 obiecit
401 2361 623 2404 hortatusque
647 2365 718 2403 est,
743 2360 777 2393 ni
802 2361 955 2393 damnum
980 2362 1154 2394 incurrere
1168 2360 1375 2394 manifestum
1392 2359 1540 2400 vellent,
1565 2364 1603 2392 ut
1619 2360 1714 2402 Aby-

251 2407 371 2440 denum
395 2407 518 2439 fretum
551 2410 710 2449 peterent
732 2405 875 2449 indeque
901 2406 1017 2450 copias
1048 2410 1323 2458 transportarent.
1378 2415 1493 2438 verum
1528 2415 1603 2438 cum
1634 2403 1716 2438 nihil

253 2452 495 2497 persuasisset,
518 2451 645 2483 infecto
662 2451 801 2494 negotio
820 2452 1020 2492 Byzantium
1045 2451 1155 2485 rediit.
1201 2450 1299 2483 atilli
1321 2454 1439 2484 coacto
1463 2450 1622 2491 concilio,
1647 2461 1715 2494 quo

252 2498 296 2531 (le
311 2508 422 2530 rerum
437 2496 662 2549 praesentium
678 2502 769 2529 statu
785 2496 1033 2540 deliberarent,
1058 2497 1257 2540 B)zantium
1281 2507 1355 2529 esse
1372 2496 1637 2529 contendendum
1654 2496 1715 2528 de-

253 2554 411 2577 crevere
433 2542 613 2586 itinerique
635 2554 673 2575 se
690 2542 769 2575 inde
792 2542 1013 2575 committunt.
1059 2554 1168 2587 neque
1193 2554 1213 2576 a
1237 2541 1376 2586 pristina
1401 2552 1529 2574 rursum
1555 2541 1716 2574 remisere

251 2588 465 2632 arrogantia,
493 2599 592 2632 quam
609 2599 674 2620 non
699 2589 875 2631 fregerunt
900 2593 1061 2631 acceptae
1086 2595 1185 2621 antea
1206 2588 1326 2621 clades.
1375 2586 1475 2620 nihilo
1492 2586 1577 2620 enim
1603 2586 1716 2620 secius
1773 2618 1776 2621 .

253 2645 381 2679 pecora
404 2633 526 2678 passim
551 2633 765 2666 trucidarunt
789 2637 823 2666 et
847 2638 1000 2665 arcentes
1027 2633 1091 2666 vim
1126 2634 1297 2666 Romanos
1323 2633 1511 2676 complures
1544 2631 1697 2665 cecidere

253 2691 363 2733 noeque
385 2679 470 2712 enim
493 2678 613 2712 abhinc
634 2679 766 2712 occulte
790 2678 917 2723 praelia
942 2679 1217 2713 conserebantur.
1265 2689 1352 2722 quae
1375 2684 1554 2722 postquam
1579 2689 1717 2722 compe-

253 2725 298 2758 rit
316 2726 518 2769 imperator,
541 2724 763 2757 necessarium
790 2735 865 2757 esse
889 2723 984 2756 duxit
1006 2730 1043 2756 ut
1077 2729 1112 2757 et
1133 2725 1205 2769 ipse
1227 2724 1343 2767 copias
1367 2728 1557 2777 appararet.
1602 2723 1717 2767 itaque

254 2771 370 2804 urbem
395 2769 797 2813 Constantinopolitanam
824 2769 990 2822 extemplo
1018 2769 1129 2802 firmat
1151 2769 1319 2811 exercitu,
1353 2769 1445 2801 cuius
1470 2780 1549 2813 pars
1576 2780 1641 2802 una
1655 2773 1717 2802 ex*—

253 2817 401 2850 cubabat
427 2826 490 2860 pro
513 2815 705 2856 moenibus,
728 2815 837 2848 altera
861 2815 1033 2848 stationem
1049 2815 1135 2847 intra
1158 2814 1250 2847 urbis
1267 2795 1384 2859 pu'rtas
1409 2815 1565 2847 habebat.
1618 2813 1718 2847 Basi-

253 2862 329 2895 lium
353 2866 465 2897 autem
487 2860 685 2905 cognomine
708 2860 951 2906 Tzicandylem
965 2884 976 2903 ,
1008 2859 1065 2905 qui
1087 2859 1318 2894 militaribus
1309 2871 1342 2894 m
1366 2859 1510 2895 Oriente
1534 2858 1663 2894 factis
1654 2858 1718 2893 mi-
