<?xml version="1.0" encoding="UTF-8"?>
<!DOCTYPE html PUBLIC "-//W3C//DTD XHTML 1.0 Transitional//EN"
    "http://www.w3.org/TR/xhtml1/DTD/xhtml1-transitional.dtd">
<html xmlns="http://www.w3.org/1999/xhtml" xml:lang="en" lang="en">
 <head>
  <title>
</title>
<meta http-equiv="Content-Type" content="text/html;charset=utf-8" />
  <meta name='ocr-system' content='tesseract 3.04.00' />
  <meta name='ocr-capabilities' content='ocr_page ocr_carea ocr_par ocr_line ocrx_word'/>
</head>
<body>
  <div class='ocr_page' id='page_1' title='image "./corpusscriptorum26niebuoft_0392.png"; bbox 0 0 1878 3262; ppageno 0'>
   <div class='ocr_carea' id='block_1_1' title="bbox 229 207 1248 259">
    <p class='ocr_par' dir='ltr' id='par_1_1' title="bbox 229 207 1248 259">
     <span class='ocr_line' id='line_1_1' title="bbox 229 207 1248 259; baseline -0.006 -2"><span class='ocrx_word' id='word_1_1' title='bbox 229 213 326 259; x_wconf 87' lang='lat'><strong>360</strong></span> <span class='ocrx_word' id='word_1_2' title='bbox 660 214 665 223; x_wconf 78' lang='lat'><strong><em>‘</em></strong></span> <span class='ocrx_word' id='word_1_3' title='bbox 682 207 886 250; x_wconf 89' lang='lat' dir='ltr'><strong>CAROLI</strong></span> <span class='ocrx_word' id='word_1_4' title='bbox 919 207 1000 250; x_wconf 91' lang='lat' dir='ltr'><strong>DU</strong></span> <span class='ocrx_word' id='word_1_5' title='bbox 1034 207 1248 255; x_wconf 81' lang='lat' dir='ltr'><strong>FRESNE</strong></span> 
     </span>
    </p>
   </div>
   <div class='ocr_carea' id='block_1_2' title="bbox 98 311 1714 2015">
    <p class='ocr_par' dir='ltr' id='par_1_2' title="bbox 230 311 1705 1334">
     <span class='ocr_line' id='line_1_2' title="bbox 339 311 1694 371; baseline -0.001 -14"><span class='ocrx_word' id='word_1_6' title='bbox 339 333 378 371; x_wconf 85' lang='lat' dir='ltr'><strong>p.</strong></span> <span class='ocrx_word' id='word_1_7' title='bbox 412 319 492 359; x_wconf 88' lang='lat'><strong>188</strong></span> <span class='ocrx_word' id='word_1_8' title='bbox 525 329 563 355; x_wconf 91' lang='lat' dir='ltr'><strong>v.</strong></span> <span class='ocrx_word' id='word_1_9' title='bbox 591 319 630 358; x_wconf 92' lang='lat'><strong>7.</strong></span> <span class='ocrx_word' id='word_1_10' title='bbox 697 311 906 357; x_wconf 73' lang='grc' dir='ltr'><strong><em>ἐδικάσατο</em></strong></span> <span class='ocrx_word' id='word_1_11' title='bbox 933 315 1074 368; x_wconf 79' lang='grc' dir='ltr'><strong><em>δίκην]</em></strong></span> <span class='ocrx_word' id='word_1_12' title='bbox 1112 315 1302 364; x_wconf 79' lang='lat' dir='ltr'><strong>Quandiu</strong></span> <span class='ocrx_word' id='word_1_13' title='bbox 1327 318 1488 358; x_wconf 66' lang='lat' dir='ltr'><strong>Manuel</strong></span> <span class='ocrx_word' id='word_1_14' title='bbox 1515 318 1559 358; x_wconf 90' lang='lat' dir='ltr'><strong>in</strong></span> <span class='ocrx_word' id='word_1_15' title='bbox 1592 317 1694 356; x_wconf 81' lang='lat' dir='ltr'><strong>urbe</strong></span> 
     </span>
     <span class='ocr_line' id='line_1_3' title="bbox 230 373 1694 425; baseline -0.003 -9"><span class='ocrx_word' id='word_1_16' title='bbox 230 374 477 416; x_wconf 88' lang='lat' dir='ltr'><strong>Antiochena</strong></span> <span class='ocrx_word' id='word_1_17' title='bbox 494 385 647 411; x_wconf 89' lang='lat' dir='ltr'><strong>moram</strong></span> <span class='ocrx_word' id='word_1_18' title='bbox 668 373 758 425; x_wconf 84' lang='lat' dir='ltr'><strong>egit,</strong></span> <span class='ocrx_word' id='word_1_19' title='bbox 787 373 953 411; x_wconf 85' lang='lat' dir='ltr'><strong>cessavit</strong></span> <span class='ocrx_word' id='word_1_20' title='bbox 972 373 1098 411; x_wconf 86' lang='lat' dir='ltr'><strong>omnis</strong></span> <span class='ocrx_word' id='word_1_21' title='bbox 1116 374 1304 425; x_wconf 85' lang='lat' dir='ltr'><strong>principis</strong></span> <span class='ocrx_word' id='word_1_22' title='bbox 1321 374 1555 415; x_wconf 83' lang='lat' dir='ltr'><strong>Antiocheni</strong></span> <span class='ocrx_word' id='word_1_23' title='bbox 1573 374 1694 413; x_wconf 74' lang='lat' dir='ltr'><strong>iuris-</strong></span> 
     </span>
     <span class='ocr_line' id='line_1_4' title="bbox 232 430 1695 483; baseline -0.002 -12"><span class='ocrx_word' id='word_1_24' title='bbox 232 433 372 480; x_wconf 84' lang='lat' dir='ltr'><strong>dictio,</strong></span> <span class='ocrx_word' id='word_1_25' title='bbox 415 442 515 481; x_wconf 90' lang='lat' dir='ltr'><strong>quae</strong></span> <span class='ocrx_word' id='word_1_26' title='bbox 551 442 670 481; x_wconf 90' lang='lat' dir='ltr'><strong>penes</strong></span> <span class='ocrx_word' id='word_1_27' title='bbox 705 430 985 482; x_wconf 81' lang='lat' dir='ltr'><strong>imperatorem</strong></span> <span class='ocrx_word' id='word_1_28' title='bbox 1013 443 1094 468; x_wconf 87' lang='lat' dir='ltr'><strong>esse</strong></span> <span class='ocrx_word' id='word_1_29' title='bbox 1124 430 1174 468; x_wconf 90' lang='lat' dir='ltr'><strong>de</strong></span> <span class='ocrx_word' id='word_1_30' title='bbox 1201 430 1289 468; x_wconf 87' lang='lat' dir='ltr'><strong>iure</strong></span> <span class='ocrx_word' id='word_1_31' title='bbox 1319 430 1455 470; x_wconf 85' lang='lat' dir='ltr'><strong>debuit</strong></span> <span class='ocrx_word' id='word_1_32' title='bbox 1490 437 1695 483; x_wconf 81' lang='lat' dir='ltr'><strong>tamquam</strong></span> 
     </span>
     <span class='ocr_line' id='line_1_5' title="bbox 231 486 1696 541; baseline -0.002 -13"><span class='ocrx_word' id='word_1_33' title='bbox 231 488 474 541; x_wconf 88' lang='lat' dir='ltr'><strong>superiorem</strong></span> <span class='ocrx_word' id='word_1_34' title='bbox 504 486 719 525; x_wconf 88' lang='lat' dir='ltr'><strong>dominum.</strong></span> <span class='ocrx_word' id='word_1_35' title='bbox 778 487 988 538; x_wconf 87' lang='lat' dir='ltr'><strong>Speculum</strong></span> <span class='ocrx_word' id='word_1_36' title='bbox 1015 486 1254 525; x_wconf 80' lang='lat' dir='ltr'><strong>Saxonicum</strong></span> <span class='ocrx_word' id='word_1_37' title='bbox 1281 487 1307 526; x_wconf 92' lang='lat' dir='ltr'><strong>l.</strong></span> <span class='ocrx_word' id='word_1_38' title='bbox 1333 490 1359 529; x_wconf 79' lang='lat'>3</span> <span class='ocrx_word' id='word_1_39' title='bbox 1385 488 1495 527; x_wconf 81' lang='lat' dir='ltr'><strong>artic.</strong></span> <span class='ocrx_word' id='word_1_40' title='bbox 1518 491 1594 530; x_wconf 86' lang='lat'><strong>60:</strong></span> <span class='ocrx_word' id='word_1_41' title='bbox 1650 489 1696 525; x_wconf 84' lang='lat' dir='ltr'><strong>in</strong></span> 
     </span>
     <span class='ocr_line' id='line_1_6' title="bbox 232 542 1695 599; baseline -0.001 -15"><span class='ocrx_word' id='word_1_42' title='bbox 232 558 532 599; x_wconf 79' lang='lat' dir='ltr'><strong>quamcumque</strong></span> <span class='ocrx_word' id='word_1_43' title='bbox 552 545 757 582; x_wconf 75' lang='lat' dir='ltr'><strong>civitatem</strong></span> <span class='ocrx_word' id='word_1_44' title='bbox 785 545 945 596; x_wconf 77' lang='lat' dir='ltr'><strong>imperii</strong></span> <span class='ocrx_word' id='word_1_45' title='bbox 975 557 1042 581; x_wconf 86' lang='lat' dir='ltr'><strong>rex</strong></span> <span class='ocrx_word' id='word_1_46' title='bbox 1066 542 1287 594; x_wconf 80' lang='lat' dir='ltr'><strong><em>devenerit,</em></strong></span> <span class='ocrx_word' id='word_1_47' title='bbox 1326 543 1386 581; x_wconf 88' lang='lat' dir='ltr'><strong>ibi</strong></span> <span class='ocrx_word' id='word_1_48' title='bbox 1403 544 1557 582; x_wconf 81' lang='lat' dir='ltr'><strong>telonea</strong></span> <span class='ocrx_word' id='word_1_49' title='bbox 1571 557 1695 583; x_wconf 79' lang='lat' dir='ltr'><strong>vaca-</strong></span> 
     </span>
     <span class='ocr_line' id='line_1_7' title="bbox 233 601 1696 653; baseline -0.003 -11"><span class='ocrx_word' id='word_1_50' title='bbox 233 604 331 642; x_wconf 75' lang='lat' dir='ltr'><strong>bunt</strong></span> <span class='ocrx_word' id='word_1_51' title='bbox 357 601 438 640; x_wconf 72' lang='lat' dir='ltr'><strong>sibi</strong></span> <span class='ocrx_word' id='word_1_52' title='bbox 458 610 493 639; x_wconf 81' lang='lat' dir='ltr'><strong>et</strong></span> <span class='ocrx_word' id='word_1_53' title='bbox 513 608 704 640; x_wconf 85' lang='lat' dir='ltr'><strong>monetae.</strong></span> <span class='ocrx_word' id='word_1_54' title='bbox 762 615 1058 653; x_wconf 83' lang='lat' dir='ltr'><strong>quamcumque</strong></span> <span class='ocrx_word' id='word_1_55' title='bbox 1077 602 1198 638; x_wconf 83' lang='lat' dir='ltr'><strong>etiam</strong></span> <span class='ocrx_word' id='word_1_56' title='bbox 1210 602 1469 652; x_wconf 70' lang='lat' dir='ltr'><strong>provinciam</strong></span> <span class='ocrx_word' id='word_1_57' title='bbox 1486 613 1554 639; x_wconf 75' lang='lat' dir='ltr'><strong>seu</strong></span> <span class='ocrx_word' id='word_1_58' title='bbox 1577 602 1696 639; x_wconf 81' lang='lat' dir='ltr'><strong>terri-</strong></span> 
     </span>
     <span class='ocr_line' id='line_1_8' title="bbox 234 656 1697 708; baseline -0.001 -10"><span class='ocrx_word' id='word_1_59' title='bbox 234 661 386 698; x_wconf 85' lang='lat' dir='ltr'><strong>torium</strong></span> <span class='ocrx_word' id='word_1_60' title='bbox 402 659 641 708; x_wconf 80' lang='lat' dir='ltr'><em>intraverit,</em></span> <span class='ocrx_word' id='word_1_61' title='bbox 684 656 886 696; x_wconf 86' lang='lat' dir='ltr'><strong>iudicium</strong></span> <span class='ocrx_word' id='word_1_62' title='bbox 905 658 1021 697; x_wconf 73' lang='lat' dir='ltr'><strong>illius</strong></span> <span class='ocrx_word' id='word_1_63' title='bbox 1041 657 1122 695; x_wconf 77' lang='lat' dir='ltr'><strong>sibi</strong></span> <span class='ocrx_word' id='word_1_64' title='bbox 1143 657 1307 695; x_wconf 72' lang='lat' dir='ltr'><strong>vacabit</strong></span> <span class='ocrx_word' id='word_1_65' title='bbox 1343 665 1380 695; x_wconf 80' lang='lat' dir='ltr'><strong>et</strong></span> <span class='ocrx_word' id='word_1_66' title='bbox 1407 659 1443 695; x_wconf 89' lang='lat' dir='ltr'><strong>ei</strong></span> <span class='ocrx_word' id='word_1_67' title='bbox 1470 657 1605 696; x_wconf 76' lang='lat' dir='ltr'><strong>licebit</strong></span> <span class='ocrx_word' id='word_1_68' title='bbox 1631 659 1697 696; x_wconf 83' lang='lat' dir='ltr'><strong>iu-</strong></span> 
     </span>
     <span class='ocr_line' id='line_1_9' title="bbox 235 713 1699 766; baseline -0.003 -11"><span class='ocrx_word' id='word_1_69' title='bbox 235 715 374 755; x_wconf 87' lang='lat' dir='ltr'><strong>dicare</strong></span> <span class='ocrx_word' id='word_1_70' title='bbox 397 729 529 754; x_wconf 81' lang='lat' dir='ltr'><strong>omnes</strong></span> <span class='ocrx_word' id='word_1_71' title='bbox 548 729 717 766; x_wconf 77' lang='lat' dir='ltr'><strong>causas,</strong></span> <span class='ocrx_word' id='word_1_72' title='bbox 758 729 862 766; x_wconf 87' lang='lat' dir='ltr'><strong>quae</strong></span> <span class='ocrx_word' id='word_1_73' title='bbox 879 729 1013 752; x_wconf 86' lang='lat' dir='ltr'><strong>coram</strong></span> <span class='ocrx_word' id='word_1_74' title='bbox 1032 713 1187 752; x_wconf 87' lang='lat' dir='ltr'><strong>iudicio</strong></span> <span class='ocrx_word' id='word_1_75' title='bbox 1218 729 1299 752; x_wconf 82' lang='lat' dir='ltr'><strong>non</strong></span> <span class='ocrx_word' id='word_1_76' title='bbox 1319 715 1495 765; x_wconf 78' lang='lat' dir='ltr'><strong>fuerant</strong></span> <span class='ocrx_word' id='word_1_77' title='bbox 1520 716 1699 766; x_wconf 80' lang='lat' dir='ltr'><strong>inceptae</strong></span> 
     </span>
     <span class='ocr_line' id='line_1_10' title="bbox 236 771 1700 825; baseline -0.002 -14"><span class='ocrx_word' id='word_1_78' title='bbox 236 781 311 811; x_wconf 82' lang='lat' dir='ltr'><strong>aut</strong></span> <span class='ocrx_word' id='word_1_79' title='bbox 327 774 491 825; x_wconf 83' lang='lat' dir='ltr'><strong>finitae.</strong></span> <span class='ocrx_word' id='word_1_80' title='bbox 548 772 686 810; x_wconf 86' lang='lat' dir='ltr'><strong>eadem</strong></span> <span class='ocrx_word' id='word_1_81' title='bbox 713 771 836 811; x_wconf 87' lang='lat' dir='ltr'><strong>habet</strong></span> <span class='ocrx_word' id='word_1_82' title='bbox 851 771 1052 811; x_wconf 87' lang='lat' dir='ltr'><strong>Wichbild</strong></span> <span class='ocrx_word' id='word_1_83' title='bbox 1073 771 1406 822; x_wconf 87' lang='lat' dir='ltr'><strong>Magdeburgense</strong></span> <span class='ocrx_word' id='word_1_84' title='bbox 1429 777 1505 810; x_wconf 85' lang='lat' dir='ltr'><strong>art.</strong></span> <span class='ocrx_word' id='word_1_85' title='bbox 1523 773 1560 814; x_wconf 89' lang='lat'><strong>8.</strong></span> <span class='ocrx_word' id='word_1_86' title='bbox 1617 777 1700 809; x_wconf 84' lang='lat' dir='ltr'><strong>erat</strong></span> 
     </span>
     <span class='ocr_line' id='line_1_11' title="bbox 235 826 1702 884; baseline -0.001 -16"><span class='ocrx_word' id='word_1_87' title='bbox 235 844 358 884; x_wconf 86' lang='lat' dir='ltr'><strong>porro</strong></span> <span class='ocrx_word' id='word_1_88' title='bbox 388 830 486 868; x_wconf 85' lang='lat' dir='ltr'><strong>haec</strong></span> <span class='ocrx_word' id='word_1_89' title='bbox 513 829 760 881; x_wconf 87' lang='lat' dir='ltr'><strong>potissimum</strong></span> <span class='ocrx_word' id='word_1_90' title='bbox 790 828 1023 877; x_wconf 84' lang='lat' dir='ltr'><strong>feudorum,</strong></span> <span class='ocrx_word' id='word_1_91' title='bbox 1063 841 1163 878; x_wconf 88' lang='lat' dir='ltr'><strong>quae</strong></span> <span class='ocrx_word' id='word_1_92' title='bbox 1186 827 1407 866; x_wconf 78' lang='lat' dir='ltr'><strong>reddibilia</strong></span> <span class='ocrx_word' id='word_1_93' title='bbox 1435 834 1476 866; x_wconf 89' lang='lat' dir='ltr'><strong>et</strong></span> <span class='ocrx_word' id='word_1_94' title='bbox 1501 826 1702 866; x_wconf 80' lang='lat' dir='ltr'><strong>iurabilia</strong></span> 
     </span>
     <span class='ocr_line' id='line_1_12' title="bbox 238 884 1701 939; baseline -0.003 -14"><span class='ocrx_word' id='word_1_95' title='bbox 238 887 501 939; x_wconf 80' lang='lat' dir='ltr'>appellabant,</span> <span class='ocrx_word' id='word_1_96' title='bbox 531 885 580 924; x_wconf 91' lang='lat' dir='ltr'><strong>de</strong></span> <span class='ocrx_word' id='word_1_97' title='bbox 597 886 736 936; x_wconf 85' lang='lat' dir='ltr'><strong>quibus</strong></span> <span class='ocrx_word' id='word_1_98' title='bbox 757 886 842 924; x_wconf 86' lang='lat' dir='ltr'><strong>fuse</strong></span> <span class='ocrx_word' id='word_1_99' title='bbox 863 889 909 923; x_wconf 88' lang='lat' dir='ltr'><strong>ad</strong></span> <span class='ocrx_word' id='word_1_100' title='bbox 927 884 1149 924; x_wconf 87' lang='lat' dir='ltr'><strong>Ioinvillam</strong></span> <span class='ocrx_word' id='word_1_101' title='bbox 1168 885 1314 937; x_wconf 83' lang='lat' dir='ltr'><strong>egimus</strong></span> <span class='ocrx_word' id='word_1_102' title='bbox 1333 884 1485 924; x_wconf 83' lang='lat' dir='ltr'><strong>dissert.</strong></span> <span class='ocrx_word' id='word_1_103' title='bbox 1503 887 1571 930; x_wconf 82' lang='lat'><strong>30,</strong></span> <span class='ocrx_word' id='word_1_104' title='bbox 1601 897 1701 922; x_wconf 88' lang='lat' dir='ltr'><strong>con-</strong></span> 
     </span>
     <span class='ocr_line' id='line_1_13' title="bbox 240 940 1702 994; baseline -0.003 -12"><span class='ocrx_word' id='word_1_105' title='bbox 240 944 339 982; x_wconf 86' lang='lat' dir='ltr'><strong>ditio</strong></span> <span class='ocrx_word' id='word_1_106' title='bbox 352 973 363 994; x_wconf 89' lang='lat'><strong>,</strong></span> <span class='ocrx_word' id='word_1_107' title='bbox 401 949 448 982; x_wconf 88' lang='lat' dir='ltr'><strong>ut</strong></span> <span class='ocrx_word' id='word_1_108' title='bbox 466 943 788 993; x_wconf 85' lang='lat' dir='ltr'><strong>quotiescumque</strong></span> <span class='ocrx_word' id='word_1_109' title='bbox 806 943 986 994; x_wconf 87' lang='lat' dir='ltr'><strong>superior</strong></span> <span class='ocrx_word' id='word_1_110' title='bbox 1008 941 1192 980; x_wconf 84' lang='lat' dir='ltr'><strong>dominus</strong></span> <span class='ocrx_word' id='word_1_111' title='bbox 1219 956 1241 980; x_wconf 90' lang='lat' dir='ltr'><strong>a</strong></span> <span class='ocrx_word' id='word_1_112' title='bbox 1258 941 1424 982; x_wconf 87' lang='lat' dir='ltr'><strong>vassallo</strong></span> <span class='ocrx_word' id='word_1_113' title='bbox 1439 946 1612 980; x_wconf 86' lang='lat' dir='ltr'><strong>castrum</strong></span> <span class='ocrx_word' id='word_1_114' title='bbox 1628 940 1702 978; x_wconf 89' lang='lat' dir='ltr'><strong>sibi</strong></span> 
     </span>
     <span class='ocr_line' id='line_1_14' title="bbox 237 997 1702 1050; baseline -0.002 -12"><span class='ocrx_word' id='word_1_115' title='bbox 237 1000 353 1039; x_wconf 83' lang='lat' dir='ltr'><strong>reddi</strong></span> <span class='ocrx_word' id='word_1_116' title='bbox 374 998 434 1037; x_wconf 88' lang='lat' dir='ltr'><strong>ad</strong></span> <span class='ocrx_word' id='word_1_117' title='bbox 446 1013 640 1050; x_wconf 79' lang='lat' dir='ltr'><strong>magnam</strong></span> <span class='ocrx_word' id='word_1_118' title='bbox 659 1006 732 1036; x_wconf 79' lang='lat' dir='ltr'><strong>aut</strong></span> <span class='ocrx_word' id='word_1_119' title='bbox 750 1013 924 1050; x_wconf 67' lang='lat' dir='ltr'><strong>parvam</strong></span> <span class='ocrx_word' id='word_1_120' title='bbox 942 1001 1044 1049; x_wconf 76' lang='lat' dir='ltr'><strong>vim,</strong></span> <span class='ocrx_word' id='word_1_121' title='bbox 1076 1000 1183 1037; x_wconf 85' lang='lat' dir='ltr'><strong>irato</strong></span> <span class='ocrx_word' id='word_1_122' title='bbox 1215 1005 1292 1036; x_wconf 81' lang='lat' dir='ltr'><strong>aut</strong></span> <span class='ocrx_word' id='word_1_123' title='bbox 1313 1005 1487 1050; x_wconf 79' lang='lat' dir='ltr'><strong>pacato,</strong></span> <span class='ocrx_word' id='word_1_124' title='bbox 1521 997 1702 1049; x_wconf 82' lang='lat' dir='ltr'><strong>postula-</strong></span> 
     </span>
     <span class='ocr_line' id='line_1_15' title="bbox 238 1054 1703 1108; baseline -0.002 -13"><span class='ocrx_word' id='word_1_125' title='bbox 238 1063 317 1108; x_wconf 86' lang='lat' dir='ltr'><strong>ret,</strong></span> <span class='ocrx_word' id='word_1_126' title='bbox 361 1055 550 1095; x_wconf 88' lang='lat' dir='ltr'><strong>vassallus</strong></span> <span class='ocrx_word' id='word_1_127' title='bbox 578 1068 624 1093; x_wconf 92' lang='lat' dir='ltr'><strong>eo</strong></span> <span class='ocrx_word' id='word_1_128' title='bbox 657 1055 865 1094; x_wconf 79' lang='lat' dir='ltr'><strong>excederet</strong></span> <span class='ocrx_word' id='word_1_129' title='bbox 896 1061 937 1093; x_wconf 90' lang='lat' dir='ltr'><strong>et</strong></span> <span class='ocrx_word' id='word_1_130' title='bbox 964 1054 1148 1094; x_wconf 86' lang='lat' dir='ltr'><strong>dominus</strong></span> <span class='ocrx_word' id='word_1_131' title='bbox 1171 1055 1351 1107; x_wconf 87' lang='lat' dir='ltr'><strong>superior</strong></span> <span class='ocrx_word' id='word_1_132' title='bbox 1379 1068 1472 1105; x_wconf 85' lang='lat' dir='ltr'><strong>seu,</strong></span> <span class='ocrx_word' id='word_1_133' title='bbox 1500 1060 1548 1093; x_wconf 90' lang='lat' dir='ltr'><strong>ut</strong></span> <span class='ocrx_word' id='word_1_134' title='bbox 1578 1067 1703 1093; x_wconf 87' lang='lat' dir='ltr'><strong>voca-</strong></span> 
     </span>
     <span class='ocr_line' id='line_1_16' title="bbox 239 1111 1704 1164; baseline -0.003 -12"><span class='ocrx_word' id='word_1_135' title='bbox 239 1114 358 1162; x_wconf 83' lang='lat' dir='ltr'><strong>bant,</strong></span> <span class='ocrx_word' id='word_1_136' title='bbox 388 1111 586 1164; x_wconf 89' lang='lat' dir='ltr'><strong>capitalis,</strong></span> <span class='ocrx_word' id='word_1_137' title='bbox 625 1113 798 1163; x_wconf 88' lang='lat' dir='ltr'><strong>supremi</strong></span> <span class='ocrx_word' id='word_1_138' title='bbox 825 1113 867 1149; x_wconf 90' lang='lat' dir='ltr'><strong>in</strong></span> <span class='ocrx_word' id='word_1_139' title='bbox 888 1124 933 1150; x_wconf 91' lang='lat' dir='ltr'><strong>eo</strong></span> <span class='ocrx_word' id='word_1_140' title='bbox 956 1125 1111 1150; x_wconf 91' lang='lat' dir='ltr'><strong>omnem</strong></span> <span class='ocrx_word' id='word_1_141' title='bbox 1143 1111 1369 1150; x_wconf 84' lang='lat' dir='ltr'><strong>dominatus</strong></span> <span class='ocrx_word' id='word_1_142' title='bbox 1393 1111 1704 1150; x_wconf 83' lang='lat' dir='ltr'><strong>iurisdictionem</strong></span> 
     </span>
     <span class='ocr_line' id='line_1_17' title="bbox 239 1168 1705 1218; baseline -0.001 -11"><span class='ocrx_word' id='word_1_143' title='bbox 239 1174 441 1208; x_wconf 83' lang='lat' dir='ltr'><strong>exerceret</strong></span> <span class='ocrx_word' id='word_1_144' title='bbox 479 1181 602 1218; x_wconf 89' lang='lat' dir='ltr'><strong>eoque</strong></span> <span class='ocrx_word' id='word_1_145' title='bbox 637 1169 796 1206; x_wconf 88' lang='lat' dir='ltr'><strong>nomine</strong></span> <span class='ocrx_word' id='word_1_146' title='bbox 837 1169 1027 1207; x_wconf 83' lang='lat' dir='ltr'><strong>vexillum</strong></span> <span class='ocrx_word' id='word_1_147' title='bbox 1057 1169 1236 1207; x_wconf 85' lang='lat' dir='ltr'><strong>suumin</strong></span> <span class='ocrx_word' id='word_1_148' title='bbox 1264 1169 1414 1207; x_wconf 85' lang='lat' dir='ltr'><strong>celsiori</strong></span> <span class='ocrx_word' id='word_1_149' title='bbox 1442 1168 1560 1207; x_wconf 85' lang='lat' dir='ltr'><strong>castri</strong></span> <span class='ocrx_word' id='word_1_150' title='bbox 1590 1174 1705 1206; x_wconf 84' lang='lat' dir='ltr'><strong>turre</strong></span> 
     </span>
     <span class='ocr_line' id='line_1_18' title="bbox 240 1224 1704 1277; baseline -0.001 -13"><span class='ocrx_word' id='word_1_151' title='bbox 240 1226 407 1277; x_wconf 85' lang='lat' dir='ltr'><strong>erigeret</strong></span> <span class='ocrx_word' id='word_1_152' title='bbox 431 1225 563 1275; x_wconf 86' lang='lat' dir='ltr'><strong>ibique</strong></span> <span class='ocrx_word' id='word_1_153' title='bbox 589 1225 757 1263; x_wconf 83' lang='lat' dir='ltr'><strong>familiae</strong></span> <span class='ocrx_word' id='word_1_154' title='bbox 778 1237 869 1263; x_wconf 89' lang='lat' dir='ltr'><strong>suae</strong></span> <span class='ocrx_word' id='word_1_155' title='bbox 887 1225 1109 1276; x_wconf 86' lang='lat' dir='ltr'><strong>symbolum</strong></span> <span class='ocrx_word' id='word_1_156' title='bbox 1127 1238 1198 1276; x_wconf 84' lang='lat' dir='ltr'><strong>per</strong></span> <span class='ocrx_word' id='word_1_157' title='bbox 1216 1238 1449 1276; x_wconf 88' lang='lat' dir='ltr'><strong>praeconem</strong></span> <span class='ocrx_word' id='word_1_158' title='bbox 1468 1224 1704 1276; x_wconf 88' lang='lat' dir='ltr'><strong>proclamari</strong></span> 
     </span>
     <span class='ocr_line' id='line_1_19' title="bbox 241 1281 1705 1334; baseline -0.002 -13"><span class='ocrx_word' id='word_1_159' title='bbox 241 1288 421 1332; x_wconf 88' lang='lat' dir='ltr'><strong>curaret,</strong></span> <span class='ocrx_word' id='word_1_160' title='bbox 451 1283 514 1320; x_wconf 91' lang='lat' dir='ltr'><strong>uti</strong></span> <span class='ocrx_word' id='word_1_161' title='bbox 539 1287 601 1319; x_wconf 92' lang='lat' dir='ltr'><strong>sat</strong></span> <span class='ocrx_word' id='word_1_162' title='bbox 627 1282 884 1334; x_wconf 82' lang='lat' dir='ltr'><strong>probavimus</strong></span> <span class='ocrx_word' id='word_1_163' title='bbox 905 1283 949 1320; x_wconf 88' lang='lat' dir='ltr'><strong>in</strong></span> <span class='ocrx_word' id='word_1_164' title='bbox 970 1295 1014 1319; x_wconf 90' lang='lat' dir='ltr'><strong>ea</strong></span> <span class='ocrx_word' id='word_1_165' title='bbox 1031 1281 1314 1320; x_wconf 81' lang='lat' dir='ltr'><strong>dissertatione.</strong></span> <span class='ocrx_word' id='word_1_166' title='bbox 1372 1281 1590 1321; x_wconf 79' lang='lat' dir='ltr'><strong>conditioni</strong></span> <span class='ocrx_word' id='word_1_167' title='bbox 1608 1293 1705 1320; x_wconf 87' lang='lat' dir='ltr'><strong>vero</strong></span> 
     </span>
    </p>

    <p class='ocr_par' dir='ltr' id='par_1_3' title="bbox 98 1337 1714 2015">
     <span class='ocr_line' id='line_1_20' title="bbox 98 1337 1705 1390; baseline -0.002 -12"><span class='ocrx_word' id='word_1_168' title='bbox 98 1345 126 1378; x_wconf 89' lang='lat' dir='ltr'><strong>P</strong></span> <span class='ocrx_word' id='word_1_169' title='bbox 149 1342 216 1378; x_wconf 84' lang='lat'><strong>465</strong></span> <span class='ocrx_word' id='word_1_170' title='bbox 240 1340 306 1378; x_wconf 85' lang='lat' dir='ltr'><strong>isti</strong></span> <span class='ocrx_word' id='word_1_171' title='bbox 329 1338 542 1377; x_wconf 88' lang='lat' dir='ltr'><strong>obnoxiam</strong></span> <span class='ocrx_word' id='word_1_172' title='bbox 560 1339 698 1377; x_wconf 86' lang='lat' dir='ltr'><strong>Ioanni</strong></span> <span class='ocrx_word' id='word_1_173' title='bbox 722 1339 906 1390; x_wconf 83' lang='lat' dir='ltr'><strong>imperat.</strong></span> <span class='ocrx_word' id='word_1_174' title='bbox 923 1337 1173 1376; x_wconf 85' lang='lat' dir='ltr'><strong>Antiochiam</strong></span> <span class='ocrx_word' id='word_1_175' title='bbox 1193 1344 1408 1389; x_wconf 87' lang='lat' dir='ltr'><strong>agnoverat</strong></span> <span class='ocrx_word' id='word_1_176' title='bbox 1421 1351 1471 1376; x_wconf 85' lang='lat' dir='ltr'><strong>ex</strong></span> <span class='ocrx_word' id='word_1_177' title='bbox 1486 1343 1601 1389; x_wconf 89' lang='lat' dir='ltr'><strong>pacto</strong></span> <span class='ocrx_word' id='word_1_178' title='bbox 1622 1338 1705 1375; x_wconf 82' lang='lat' dir='ltr'><strong>Re-</strong></span> 
     </span>
     <span class='ocr_line' id='line_1_21' title="bbox 240 1393 1707 1448; baseline -0.003 -13"><span class='ocrx_word' id='word_1_179' title='bbox 240 1396 384 1435; x_wconf 89' lang='lat' dir='ltr'><strong>naldus</strong></span> <span class='ocrx_word' id='word_1_180' title='bbox 399 1396 600 1448; x_wconf 79' lang='lat' dir='ltr'><strong>princep3‚</strong></span> <span class='ocrx_word' id='word_1_181' title='bbox 624 1398 823 1447; x_wconf 78' lang='lat' dir='ltr'><strong>praestito</strong></span> <span class='ocrx_word' id='word_1_182' title='bbox 841 1396 1103 1447; x_wconf 79' lang='lat' dir='ltr'><strong>corporaliter</strong></span> <span class='ocrx_word' id='word_1_183' title='bbox 1120 1402 1386 1445; x_wconf 76' lang='lat' dir='ltr'><strong>sacramento,</strong></span> <span class='ocrx_word' id='word_1_184' title='bbox 1417 1393 1527 1446; x_wconf 85' lang='lat' dir='ltr'><strong>quod</strong></span> <span class='ocrx_word' id='word_1_185' title='bbox 1543 1393 1707 1432; x_wconf 86' lang='lat' dir='ltr'><strong>domino</strong></span> 
     </span>
     <span class='ocr_line' id='line_1_22' title="bbox 241 1449 1709 1505; baseline -0.002 -14"><span class='ocrx_word' id='word_1_186' title='bbox 241 1454 479 1505; x_wconf 80' lang='lat' dir='ltr'><strong>imperatori</strong></span> <span class='ocrx_word' id='word_1_187' title='bbox 497 1453 763 1490; x_wconf 73' lang='lat' dir='ltr'><strong>Antiochiam</strong></span> <span class='ocrx_word' id='word_1_188' title='bbox 781 1451 943 1505; x_wconf 78' lang='lat' dir='ltr'><strong>ingredi</strong></span> <span class='ocrx_word' id='word_1_189' title='bbox 962 1453 1126 1498; x_wconf 81' lang='lat' dir='ltr'><strong>volenti,</strong></span> <span class='ocrx_word' id='word_1_190' title='bbox 1155 1453 1220 1491; x_wconf 74' lang='grc' dir='ltr'><strong>νέί</strong></span> <span class='ocrx_word' id='word_1_191' title='bbox 1235 1454 1320 1490; x_wconf 69' lang='lat' dir='ltr'><strong>eiu-⁵⁸</strong></span> <span class='ocrx_word' id='word_1_192' title='bbox 1334 1449 1605 1504; x_wconf 79' lang='lat' dir='ltr'><strong>praesidium,</strong></span> <span class='ocrx_word' id='word_1_193' title='bbox 1625 1451 1709 1488; x_wconf 71' lang='lat' dir='ltr'><strong>sive</strong></span> 
     </span>
     <span class='ocr_line' id='line_1_23' title="bbox 241 1508 1710 1561; baseline -0.001 -14"><span class='ocrx_word' id='word_1_194' title='bbox 241 1512 351 1548; x_wconf 82' lang='lat' dir='ltr'><strong>irato</strong></span> <span class='ocrx_word' id='word_1_195' title='bbox 380 1511 464 1549; x_wconf 78' lang='lat' dir='ltr'><strong>sive</strong></span> <span class='ocrx_word' id='word_1_196' title='bbox 483 1517 636 1561; x_wconf 81' lang='lat' dir='ltr'><strong>pacato</strong></span> <span class='ocrx_word' id='word_1_197' title='bbox 648 1541 659 1558; x_wconf 94' lang='lat'><strong>,</strong></span> <span class='ocrx_word' id='word_1_198' title='bbox 696 1510 868 1548; x_wconf 84' lang='lat' dir='ltr'><strong>liberum</strong></span> <span class='ocrx_word' id='word_1_199' title='bbox 883 1517 920 1547; x_wconf 79' lang='lat' dir='ltr'><strong>et</strong></span> <span class='ocrx_word' id='word_1_200' title='bbox 938 1510 1210 1561; x_wconf 80' lang='lat' dir='ltr'><strong>tranquillum</strong></span> <span class='ocrx_word' id='word_1_201' title='bbox 1225 1523 1305 1547; x_wconf 89' lang='lat' dir='ltr'><strong>non</strong></span> <span class='ocrx_word' id='word_1_202' title='bbox 1327 1508 1538 1560; x_wconf 81' lang='lat' dir='ltr'><strong>denegaret</strong></span> <span class='ocrx_word' id='word_1_203' title='bbox 1558 1509 1710 1546; x_wconf 87' lang='lat' dir='ltr'><strong>introi-</strong></span> 
     </span>
     <span class='ocr_line' id='line_1_24' title="bbox 243 1565 1709 1617; baseline -0.002 -13"><span class='ocrx_word' id='word_1_204' title='bbox 243 1574 344 1607; x_wconf 79' lang='lat' dir='ltr'><strong>tum,</strong></span> <span class='ocrx_word' id='word_1_205' title='bbox 399 1578 478 1615; x_wconf 93' lang='lat' dir='ltr'><strong>quo</strong></span> <span class='ocrx_word' id='word_1_206' title='bbox 512 1566 706 1617; x_wconf 91' lang='lat' dir='ltr'><strong>completo</strong></span> <span class='ocrx_word' id='word_1_207' title='bbox 735 1566 894 1604; x_wconf 84' lang='lat' dir='ltr'><strong>foedere</strong></span> <span class='ocrx_word' id='word_1_208' title='bbox 923 1567 1115 1603; x_wconf 84' lang='lat' dir='ltr'><strong>vexillum</strong></span> <span class='ocrx_word' id='word_1_209' title='bbox 1140 1565 1348 1617; x_wconf 83' lang='lat' dir='ltr'><strong>imperiale</strong></span> <span class='ocrx_word' id='word_1_210' title='bbox 1363 1566 1709 1616; x_wconf 73' lang='lat' dir='ltr'><strong>superprincipa-</strong></span> 
     </span>
     <span class='ocr_line' id='line_1_25' title="bbox 243 1620 1707 1674; baseline -0.002 -13"><span class='ocrx_word' id='word_1_211' title='bbox 243 1624 320 1661; x_wconf 89' lang='lat' dir='ltr'><strong>lem</strong></span> <span class='ocrx_word' id='word_1_212' title='bbox 331 1620 536 1674; x_wconf 78' lang='lat' dir='ltr'><strong>praesidii</strong></span> <span class='ocrx_word' id='word_1_213' title='bbox 555 1629 708 1660; x_wconf 82' lang='lat' dir='ltr'><strong>turrem</strong></span> <span class='ocrx_word' id='word_1_214' title='bbox 728 1623 965 1660; x_wconf 88' lang='lat' dir='ltr'><strong>collocatum</strong></span> <span class='ocrx_word' id='word_1_215' title='bbox 982 1627 1041 1661; x_wconf 88' lang='lat' dir='ltr'><strong>est</strong></span> <span class='ocrx_word' id='word_1_216' title='bbox 1052 1651 1062 1671; x_wconf 90' lang='lat'><em>‚</em></span> <span class='ocrx_word' id='word_1_217' title='bbox 1102 1622 1207 1673; x_wconf 89' lang='lat' dir='ltr'><strong>quod</strong></span> <span class='ocrx_word' id='word_1_218' title='bbox 1231 1621 1374 1673; x_wconf 87' lang='lat' dir='ltr'><strong>Tyrius</strong></span> <span class='ocrx_word' id='word_1_219' title='bbox 1392 1626 1531 1660; x_wconf 80' lang='lat' dir='ltr'><strong>narrat</strong></span> <span class='ocrx_word' id='word_1_220' title='bbox 1549 1621 1576 1659; x_wconf 93' lang='lat' dir='ltr'><strong>l.</strong></span> <span class='ocrx_word' id='word_1_221' title='bbox 1599 1621 1652 1663; x_wconf 79' lang='lat'><strong>14</strong></span> <span class='ocrx_word' id='word_1_222' title='bbox 1674 1633 1707 1661; x_wconf 89' lang='lat' dir='ltr'><strong>c.</strong></span> 
     </span>
     <span class='ocr_line' id='line_1_26' title="bbox 243 1678 1710 1730; baseline -0.003 -12"><span class='ocrx_word' id='word_1_223' title='bbox 243 1679 319 1718; x_wconf 87' lang='lat' dir='ltr'><strong>ult.</strong></span> <span class='ocrx_word' id='word_1_224' title='bbox 375 1678 430 1716; x_wconf 88' lang='lat' dir='ltr'><strong>ita</strong></span> <span class='ocrx_word' id='word_1_225' title='bbox 457 1678 631 1717; x_wconf 84' lang='lat' dir='ltr'><strong>vidimus</strong></span> <span class='ocrx_word' id='word_1_226' title='bbox 663 1678 740 1717; x_wconf 88' lang='lat' dir='ltr'><strong>hac</strong></span> <span class='ocrx_word' id='word_1_227' title='bbox 770 1679 855 1730; x_wconf 89' lang='lat' dir='ltr'><strong>ipsa</strong></span> <span class='ocrx_word' id='word_1_228' title='bbox 883 1692 960 1729; x_wconf 90' lang='lat' dir='ltr'><strong>qua</strong></span> <span class='ocrx_word' id='word_1_229' title='bbox 982 1678 1194 1717; x_wconf 84' lang='lat' dir='ltr'><strong>scribimus</strong></span> <span class='ocrx_word' id='word_1_230' title='bbox 1221 1684 1349 1717; x_wconf 89' lang='lat' dir='ltr'><strong>aetate</strong></span> <span class='ocrx_word' id='word_1_231' title='bbox 1374 1691 1506 1729; x_wconf 86' lang='lat' dir='ltr'><strong>regem</strong></span> <span class='ocrx_word' id='word_1_232' title='bbox 1528 1682 1710 1715; x_wconf 88' lang='lat' dir='ltr'><strong>nostrum</strong></span> 
     </span>
     <span class='ocr_line' id='line_1_27' title="bbox 244 1733 1711 1787; baseline -0.002 -13"><span class='ocrx_word' id='word_1_233' title='bbox 244 1735 620 1774; x_wconf 83' lang='lat' dir='ltr'><strong>Christianissimum</strong></span> <span class='ocrx_word' id='word_1_234' title='bbox 661 1735 925 1785; x_wconf 87' lang='lat' dir='ltr'><strong>Avenionem,</strong></span> <span class='ocrx_word' id='word_1_235' title='bbox 976 1748 1026 1773; x_wconf 81' lang='lat' dir='ltr'><strong>ex</strong></span> <span class='ocrx_word' id='word_1_236' title='bbox 1065 1735 1206 1773; x_wconf 86' lang='lat' dir='ltr'><strong>summi</strong></span> <span class='ocrx_word' id='word_1_237' title='bbox 1245 1735 1444 1787; x_wconf 87' lang='lat' dir='ltr'><strong>pontificis</strong></span> <span class='ocrx_word' id='word_1_238' title='bbox 1473 1733 1711 1786; x_wconf 75' lang='lat' dir='ltr'><strong>patrimonio</strong></span> 
     </span>
     <span class='ocr_line' id='line_1_28' title="bbox 243 1792 1712 1844; baseline -0.002 -13"><span class='ocrx_word' id='word_1_239' title='bbox 243 1792 473 1844; x_wconf 86' lang='lat' dir='ltr'><strong>provinciae</strong></span> <span class='ocrx_word' id='word_1_240' title='bbox 491 1792 701 1830; x_wconf 86' lang='lat' dir='ltr'><strong>comitatus</strong></span> <span class='ocrx_word' id='word_1_241' title='bbox 721 1793 862 1831; x_wconf 88' lang='lat' dir='ltr'><strong>urbem</strong></span> <span class='ocrx_word' id='word_1_242' title='bbox 883 1792 1100 1844; x_wconf 86' lang='lat' dir='ltr'><strong>ingressum</strong></span> <span class='ocrx_word' id='word_1_243' title='bbox 1117 1795 1171 1834; x_wconf 80' lang='lat'><strong>20</strong></span> <span class='ocrx_word' id='word_1_244' title='bbox 1191 1792 1304 1832; x_wconf 81' lang='lat' dir='ltr'><strong>Mart.</strong></span> <span class='ocrx_word' id='word_1_245' title='bbox 1329 1792 1373 1830; x_wconf 82' lang='lat' dir='ltr'><strong>A.</strong></span> <span class='ocrx_word' id='word_1_246' title='bbox 1392 1794 1501 1833; x_wconf 87' lang='lat'>1660</span> <span class='ocrx_word' id='word_1_247' title='bbox 1521 1803 1544 1828; x_wconf 88' lang='lat' dir='ltr'><strong>a</strong></span> <span class='ocrx_word' id='word_1_248' title='bbox 1564 1803 1712 1829; x_wconf 88' lang='lat' dir='ltr'><strong>consu·-</strong></span> 
     </span>
     <span class='ocr_line' id='line_1_29' title="bbox 244 1847 1712 1900; baseline -0.001 -14"><span class='ocrx_word' id='word_1_249' title='bbox 244 1849 348 1887; x_wconf 91' lang='lat' dir='ltr'><strong>libus</strong></span> <span class='ocrx_word' id='word_1_250' title='bbox 382 1855 423 1887; x_wconf 87' lang='lat' dir='ltr'><strong>et</strong></span> <span class='ocrx_word' id='word_1_251' title='bbox 450 1848 601 1888; x_wconf 85' lang='lat' dir='ltr'><strong>civibus</strong></span> <span class='ocrx_word' id='word_1_252' title='bbox 630 1855 679 1887; x_wconf 91' lang='lat' dir='ltr'><strong>ut</strong></span> <span class='ocrx_word' id='word_1_253' title='bbox 710 1850 916 1888; x_wconf 87' lang='lat' dir='ltr'><strong>dominum</strong></span> <span class='ocrx_word' id='word_1_254' title='bbox 953 1855 992 1887; x_wconf 89' lang='lat' dir='ltr'><strong>et</strong></span> <span class='ocrx_word' id='word_1_255' title='bbox 1013 1849 1243 1900; x_wconf 76' lang='lat' dir='ltr'><strong>provinciae</strong></span> <span class='ocrx_word' id='word_1_256' title='bbox 1273 1848 1456 1886; x_wconf 87' lang='lat' dir='ltr'><strong>comitem</strong></span> <span class='ocrx_word' id='word_1_257' title='bbox 1485 1847 1712 1886; x_wconf 71' lang='lat' dir='ltr'><strong>consaluta-</strong></span> 
     </span>
     <span class='ocr_line' id='line_1_30' title="bbox 245 1904 1713 1957; baseline -0.001 -14"><span class='ocrx_word' id='word_1_258' title='bbox 245 1912 335 1944; x_wconf 89' lang='lat' dir='ltr'><strong>tum</strong></span> <span class='ocrx_word' id='word_1_259' title='bbox 359 1911 400 1943; x_wconf 88' lang='lat' dir='ltr'><strong>et</strong></span> <span class='ocrx_word' id='word_1_260' title='bbox 428 1905 605 1957; x_wconf 90' lang='lat' dir='ltr'><strong>agnitum</strong></span> <span class='ocrx_word' id='word_1_261' title='bbox 633 1912 674 1944; x_wconf 84' lang='lat' dir='ltr'><strong>et</strong></span> <span class='ocrx_word' id='word_1_262' title='bbox 701 1907 879 1957; x_wconf 89' lang='lat' dir='ltr'><strong>quandiu</strong></span> <span class='ocrx_word' id='word_1_263' title='bbox 904 1906 945 1944; x_wconf 87' lang='lat' dir='ltr'><strong>in</strong></span> <span class='ocrx_word' id='word_1_264' title='bbox 975 1906 1075 1944; x_wconf 90' lang='lat' dir='ltr'><strong>urbe</strong></span> <span class='ocrx_word' id='word_1_265' title='bbox 1094 1919 1245 1944; x_wconf 85' lang='lat' dir='ltr'><strong>moram</strong></span> <span class='ocrx_word' id='word_1_266' title='bbox 1265 1906 1363 1956; x_wconf 87' lang='lat' dir='ltr'><strong>egit,</strong></span> <span class='ocrx_word' id='word_1_267' title='bbox 1393 1917 1560 1943; x_wconf 86' lang='lat' dir='ltr'><strong>cessasse</strong></span> <span class='ocrx_word' id='word_1_268' title='bbox 1577 1904 1713 1957; x_wconf 81' lang='lat' dir='ltr'><strong>ponti-</strong></span> 
     </span>
     <span class='ocr_line' id='line_1_31' title="bbox 242 1962 1714 2015; baseline -0.001 -15"><span class='ocrx_word' id='word_1_269' title='bbox 242 1963 371 2000; x_wconf 83' lang='lat' dir='ltr'><strong>ficiam</strong></span> <span class='ocrx_word' id='word_1_270' title='bbox 389 1962 701 2002; x_wconf 87' lang='lat' dir='ltr'><strong>iurisdictionem</strong></span> <span class='ocrx_word' id='word_1_271' title='bbox 714 1993 724 2011; x_wconf 93' lang='lat'><strong>,</strong></span> <span class='ocrx_word' id='word_1_272' title='bbox 755 1964 902 2015; x_wconf 87' lang='lat' dir='ltr'><strong>regiam</strong></span> <span class='ocrx_word' id='word_1_273' title='bbox 922 1963 1044 2001; x_wconf 91' lang='lat' dir='ltr'><strong>solam</strong></span> <span class='ocrx_word' id='word_1_274' title='bbox 1063 1963 1195 2001; x_wconf 91' lang='lat' dir='ltr'><strong>locum</strong></span> <span class='ocrx_word' id='word_1_275' title='bbox 1219 1962 1423 2011; x_wconf 88' lang='lat' dir='ltr'><strong>habuisse,</strong></span> <span class='ocrx_word' id='word_1_276' title='bbox 1451 1974 1581 2012; x_wconf 90' lang='lat' dir='ltr'><strong>regem</strong></span> <span class='ocrx_word' id='word_1_277' title='bbox 1599 1973 1714 2012; x_wconf 77' lang='lat' dir='ltr'><strong>prae-</strong></span> 
     </span>
    </p>
   </div>
   <div class='ocr_carea' id='block_1_3' title="bbox 242 2017 1712 2115">
    <p class='ocr_par' dir='ltr' id='par_1_4' title="bbox 242 2017 1712 2115">
     <span class='ocr_line' id='line_1_32' title="bbox 242 2017 1712 2072; baseline 0 -18"><span class='ocrx_word' id='word_1_278' title='bbox 242 2024 351 2055; x_wconf 81' lang='lat' dir='ltr'><strong>terea</strong></span> <span class='ocrx_word' id='word_1_279' title='bbox 385 2021 533 2058; x_wconf 89' lang='lat' dir='ltr'><strong>carceri</strong></span> <span class='ocrx_word' id='word_1_280' title='bbox 558 2020 801 2072; x_wconf 89' lang='lat' dir='ltr'><strong>mancipatos</strong></span> <span class='ocrx_word' id='word_1_281' title='bbox 832 2021 997 2059; x_wconf 88' lang='lat' dir='ltr'><strong>donasse</strong></span> <span class='ocrx_word' id='word_1_282' title='bbox 1023 2019 1207 2058; x_wconf 84' lang='lat' dir='ltr'><strong>libertate</strong></span> <span class='ocrx_word' id='word_1_283' title='bbox 1243 2024 1284 2056; x_wconf 87' lang='lat' dir='ltr'><strong>et</strong></span> <span class='ocrx_word' id='word_1_284' title='bbox 1317 2030 1518 2056; x_wconf 82' lang='lat' dir='ltr'><strong>noxarum</strong></span> <span class='ocrx_word' id='word_1_285' title='bbox 1547 2017 1712 2068; x_wconf 83' lang='lat' dir='ltr'><strong>gratiam</strong></span> 
     </span>
     <span class='ocr_line' id='line_1_33' title="bbox 243 2074 486 2115; baseline 0.012 -3"><span class='ocrx_word' id='word_1_286' title='bbox 243 2074 322 2112; x_wconf 87' lang='lat' dir='ltr'><strong>reis</strong></span> <span class='ocrx_word' id='word_1_287' title='bbox 340 2075 486 2115; x_wconf 83' lang='lat' dir='ltr'><strong>secisse.</strong></span> 
     </span>
    </p>
   </div>
   <div class='ocr_carea' id='block_1_4' title="bbox 358 2139 1628 2198">
    <p class='ocr_par' dir='ltr' id='par_1_5' title="bbox 358 2139 1628 2198">
     <span class='ocr_line' id='line_1_34' title="bbox 358 2139 1628 2198; baseline -0.001 -15"><span class='ocrx_word' id='word_1_288' title='bbox 358 2154 399 2192; x_wconf 82' lang='lat' dir='ltr'><strong>P·</strong></span> <span class='ocrx_word' id='word_1_289' title='bbox 425 2142 506 2183; x_wconf 88' lang='lat'><strong>188</strong></span> <span class='ocrx_word' id='word_1_290' title='bbox 527 2155 568 2183; x_wconf 79' lang='lat' dir='ltr'><strong>v,</strong></span> <span class='ocrx_word' id='word_1_291' title='bbox 586 2149 624 2184; x_wconf 89' lang='grc'><strong>9.</strong></span> <span class='ocrx_word' id='word_1_292' title='bbox 686 2144 751 2186; x_wconf 77' lang='grc' dir='ltr'><strong>ἐπὶ</strong></span> <span class='ocrx_word' id='word_1_293' title='bbox 771 2143 1003 2198; x_wconf 80' lang='grc' dir='ltr'><strong>Νουραδὶυ]</strong></span> <span class='ocrx_word' id='word_1_294' title='bbox 1033 2143 1180 2181; x_wconf 84' lang='lat' dir='ltr'><strong>Eadem</strong></span> <span class='ocrx_word' id='word_1_295' title='bbox 1198 2142 1318 2181; x_wconf 87' lang='lat' dir='ltr'><strong>habet</strong></span> <span class='ocrx_word' id='word_1_296' title='bbox 1338 2141 1481 2193; x_wconf 89' lang='lat' dir='ltr'><strong>Tyrius</strong></span> <span class='ocrx_word' id='word_1_297' title='bbox 1502 2153 1536 2181; x_wconf 87' lang='lat' dir='ltr'><strong>e.</strong></span> <span class='ocrx_word' id='word_1_298' title='bbox 1558 2139 1628 2183; x_wconf 82' lang='lat'><strong>25.</strong></span> 
     </span>
    </p>
   </div>
   <div class='ocr_carea' id='block_1_5' title="bbox 251 2226 1718 2734">
    <p class='ocr_par' dir='ltr' id='par_1_6' title="bbox 251 2226 1718 2734">
     <span class='ocr_line' id='line_1_35' title="bbox 363 2226 1717 2285; baseline -0.002 -17"><span class='ocrx_word' id='word_1_299' title='bbox 363 2242 403 2270; x_wconf 86' lang='lat' dir='ltr'><strong>v.</strong></span> <span class='ocrx_word' id='word_1_300' title='bbox 424 2232 492 2271; x_wconf 88' lang='lat'><strong>10.</strong></span> <span class='ocrx_word' id='word_1_301' title='bbox 550 2227 619 2270; x_wconf 78' lang='grc' dir='ltr'><strong>τὸν</strong></span> <span class='ocrx_word' id='word_1_302' title='bbox 638 2232 817 2284; x_wconf 80' lang='grc' dir='ltr'><em>Σαγγὲλη</em></span> <span class='ocrx_word' id='word_1_303' title='bbox 835 2233 955 2284; x_wconf 83' lang='grc' dir='ltr'>υἱέα]</span> <span class='ocrx_word' id='word_1_304' title='bbox 985 2233 1150 2285; x_wconf 84' lang='lat' dir='ltr'><strong>Tyrius:</strong></span> <span class='ocrx_word' id='word_1_305' title='bbox 1187 2231 1280 2271; x_wconf 85' lang='lat' dir='ltr'><strong>inde</strong></span> <span class='ocrx_word' id='word_1_306' title='bbox 1306 2232 1442 2269; x_wconf 74' lang='lat' dir='ltr'><strong>missis·</strong></span> <span class='ocrx_word' id='word_1_307' title='bbox 1468 2229 1631 2268; x_wconf 81' lang='lat' dir='ltr'><strong>nunciis</strong></span> <span class='ocrx_word' id='word_1_308' title='bbox 1657 2226 1717 2266; x_wconf 82' lang='lat' dir='ltr'><strong>ad</strong></span> 
     </span>
     <span class='ocr_line' id='line_1_36' title="bbox 251 2285 1716 2339; baseline -0.005 -11"><span class='ocrx_word' id='word_1_309' title='bbox 251 2285 537 2333; x_wconf 73' lang='lat' dir='ltr'><strong>Noradinlbm‚</strong></span> <span class='ocrx_word' id='word_1_310' title='bbox 570 2289 643 2337; x_wconf 70' lang='lat' dir='ltr'><strong>qui</strong></span> <span class='ocrx_word' id='word_1_311' title='bbox 652 2288 688 2336; x_wconf 87' lang='lat' dir='ltr'><em>f</em></span> <span class='ocrx_word' id='word_1_312' title='bbox 681 2295 762 2324; x_wconf 72' lang='lat' dir='ltr'><strong>orte</strong></span> <span class='ocrx_word' id='word_1_313' title='bbox 780 2290 993 2337; x_wconf 70' lang='lat' dir='ltr'><strong>Halapiae</strong></span> <span class='ocrx_word' id='word_1_314' title='bbox 1013 2298 1110 2328; x_wconf 84' lang='lat' dir='ltr'><strong>tunc</strong></span> <span class='ocrx_word' id='word_1_315' title='bbox 1128 2297 1236 2339; x_wconf 82' lang='lat' dir='ltr'><strong>erat,</strong></span> <span class='ocrx_word' id='word_1_316' title='bbox 1284 2289 1429 2326; x_wconf 80' lang='lat' dir='ltr'><strong>obtinet</strong></span> <span class='ocrx_word' id='word_1_317' title='bbox 1451 2300 1525 2338; x_wconf 83' lang='lat' dir='ltr'><strong>per</strong></span> <span class='ocrx_word' id='word_1_318' title='bbox 1559 2285 1716 2337; x_wconf 79' lang='lat' dir='ltr'><strong>legatos</strong></span> 
     </span>
     <span class='ocr_line' id='line_1_37' title="bbox 251 2342 1717 2396; baseline -0.002 -14"><span class='ocrx_word' id='word_1_319' title='bbox 251 2342 468 2396; x_wconf 80' lang='lat' dir='ltr'><strong>quemdam</strong></span> <span class='ocrx_word' id='word_1_320' title='bbox 488 2342 760 2381; x_wconf 82' lang='lat' dir='ltr'><strong>Bertrandum</strong></span> <span class='ocrx_word' id='word_1_321' title='bbox 787 2345 947 2381; x_wconf 80' lang='lat' dir='ltr'><strong>comitis</strong></span> <span class='ocrx_word' id='word_1_322' title='bbox 974 2349 1108 2380; x_wconf 72' lang='lat' dir='ltr'><strong>sancti</strong></span> <span class='ocrx_word' id='word_1_323' title='bbox 1127 2344 1299 2394; x_wconf 78' lang='lat' dir='ltr'><strong>Aegidii</strong></span> <span class='ocrx_word' id='word_1_324' title='bbox 1319 2343 1550 2382; x_wconf 81' lang='lat' dir='ltr'><strong>naturalem</strong></span> <span class='ocrx_word' id='word_1_325' title='bbox 1568 2342 1717 2394; x_wconf 86' lang='lat' dir='ltr'><strong>filium</strong></span> 
     </span>
     <span class='ocr_line' id='line_1_38' title="bbox 252 2398 1717 2452; baseline -0.003 -14"><span class='ocrx_word' id='word_1_326' title='bbox 252 2415 343 2438; x_wconf 87' lang='lat' dir='ltr'><strong>cum</strong></span> <span class='ocrx_word' id='word_1_327' title='bbox 363 2398 611 2452; x_wconf 79' lang='lat' dir='ltr'><strong>quibusdam</strong></span> <span class='ocrx_word' id='word_1_328' title='bbox 630 2400 727 2437; x_wconf 82' lang='lat' dir='ltr'><strong>aliis</strong></span> <span class='ocrx_word' id='word_1_329' title='bbox 748 2401 1000 2450; x_wconf 74' lang='lat' dir='ltr'><strong>concaptivis</strong></span> <span class='ocrx_word' id='word_1_330' title='bbox 1019 2400 1099 2436; x_wconf 76' lang='lat' dir='ltr'><strong>sihi</strong></span> <span class='ocrx_word' id='word_1_331' title='bbox 1114 2398 1221 2439; x_wconf 84' lang='lat' dir='ltr'><strong>dari.</strong></span> <span class='ocrx_word' id='word_1_332' title='bbox 1251 2399 1334 2449; x_wconf 78' lang='lat' dir='ltr'><strong>ipse</strong></span> <span class='ocrx_word' id='word_1_333' title='bbox 1351 2411 1439 2435; x_wconf 74' lang='lat' dir='ltr'><strong>vero</strong></span> <span class='ocrx_word' id='word_1_334' title='bbox 1451 2398 1717 2448; x_wconf 73' lang='lat' dir='ltr'><strong>postmodum</strong></span> 
     </span>
     <span class='ocr_line' id='line_1_39' title="bbox 252 2452 1718 2508; baseline -0.003 -13"><span class='ocrx_word' id='word_1_335' title='bbox 252 2472 332 2495; x_wconf 86' lang='lat' dir='ltr'><strong>non</strong></span> <span class='ocrx_word' id='word_1_336' title='bbox 354 2457 482 2494; x_wconf 79' lang='lat' dir='ltr'><strong>multo</strong></span> <span class='ocrx_word' id='word_1_337' title='bbox 502 2459 702 2494; x_wconf 79' lang='lat' dir='ltr'><strong>interiecto</strong></span> <span class='ocrx_word' id='word_1_338' title='bbox 719 2458 907 2508; x_wconf 78' lang='lat' dir='ltr'><strong>temporis</strong></span> <span class='ocrx_word' id='word_1_339' title='bbox 929 2456 1142 2494; x_wconf 75' lang='lat' dir='ltr'><strong>intervallo</strong></span> <span class='ocrx_word' id='word_1_340' title='bbox 1172 2452 1453 2493; x_wconf 71' lang='lat' dir='ltr'><strong>revocantibus</strong></span> <span class='ocrx_word' id='word_1_341' title='bbox 1484 2467 1575 2491; x_wconf 84' lang='lat' dir='ltr'><strong>eum</strong></span> <span class='ocrx_word' id='word_1_342' title='bbox 1605 2455 1718 2491; x_wconf 68' lang='lat' dir='ltr'><strong>caris</strong></span> 
     </span>
     <span class='ocr_line' id='line_1_40' title="bbox 254 2509 1718 2565; baseline 0 -15"><span class='ocrx_word' id='word_1_343' title='bbox 254 2512 483 2551; x_wconf 73' lang='lat' dir='ltr'><strong>domesticis</strong></span> <span class='ocrx_word' id='word_1_344' title='bbox 511 2512 570 2551; x_wconf 87' lang='lat' dir='ltr'><strong>ad</strong></span> <span class='ocrx_word' id='word_1_345' title='bbox 594 2517 766 2565; x_wconf 80' lang='lat' dir='ltr'><strong>propria</strong></span> <span class='ocrx_word' id='word_1_346' title='bbox 793 2527 975 2550; x_wconf 71' lang='lat' dir='ltr'><strong>reversus</strong></span> <span class='ocrx_word' id='word_1_347' title='bbox 1004 2520 1076 2551; x_wconf 73' lang='lat' dir='ltr'><strong>est.</strong></span> <span class='ocrx_word' id='word_1_348' title='bbox 1140 2511 1218 2550; x_wconf 85' lang='lat' dir='ltr'><strong>fuit</strong></span> <span class='ocrx_word' id='word_1_349' title='bbox 1248 2509 1493 2548; x_wconf 89' lang='lat' dir='ltr'><strong>Bertrandus</strong></span> <span class='ocrx_word' id='word_1_350' title='bbox 1525 2509 1718 2560; x_wconf 79' lang='lat' dir='ltr'><strong>Alphonsi</strong></span> 
     </span>
     <span class='ocr_line' id='line_1_41' title="bbox 256 2565 1717 2621; baseline -0.002 -14"><span class='ocrx_word' id='word_1_351' title='bbox 256 2570 568 2620; x_wconf 85' lang='lat' dir='ltr'><strong>Sanctaegidiani</strong></span> <span class='ocrx_word' id='word_1_352' title='bbox 597 2584 665 2608; x_wconf 89' lang='lat' dir='ltr'><strong>seu</strong></span> <span class='ocrx_word' id='word_1_353' title='bbox 697 2573 734 2609; x_wconf 90' lang='lat' dir='ltr'><strong>S.</strong></span> <span class='ocrx_word' id='word_1_354' title='bbox 764 2570 915 2621; x_wconf 83' lang='lat' dir='ltr'><strong>Aegidii</strong></span> <span class='ocrx_word' id='word_1_355' title='bbox 951 2569 1015 2608; x_wconf 85' lang='lat' dir='ltr'><strong>vel</strong></span> <span class='ocrx_word' id='word_1_356' title='bbox 1041 2569 1205 2607; x_wconf 87' lang='lat' dir='ltr'><strong>Tolosae</strong></span> <span class='ocrx_word' id='word_1_357' title='bbox 1236 2566 1389 2605; x_wconf 86' lang='lat' dir='ltr'><strong>comitis</strong></span> <span class='ocrx_word' id='word_1_358' title='bbox 1420 2565 1525 2604; x_wconf 88' lang='lat' dir='ltr'><strong>filius</strong></span> <span class='ocrx_word' id='word_1_359' title='bbox 1554 2566 1717 2617; x_wconf 85' lang='lat' dir='ltr'><strong>nothus,</strong></span> 
     </span>
     <span class='ocr_line' id='line_1_42' title="bbox 257 2621 1718 2678; baseline -0.002 -14"><span class='ocrx_word' id='word_1_360' title='bbox 257 2627 324 2676; x_wconf 86' lang='lat' dir='ltr'><strong>qui</strong></span> <span class='ocrx_word' id='word_1_361' title='bbox 355 2628 551 2664; x_wconf 82' lang='lat' dir='ltr'><strong>exstincto</strong></span> <span class='ocrx_word' id='word_1_362' title='bbox 581 2633 743 2678; x_wconf 86' lang='lat' dir='ltr'><strong>parente</strong></span> <span class='ocrx_word' id='word_1_363' title='bbox 771 2626 878 2678; x_wconf 86' lang='lat' dir='ltr'><strong>apud</strong></span> <span class='ocrx_word' id='word_1_364' title='bbox 906 2627 1131 2664; x_wconf 80' lang='lat' dir='ltr'><strong>Caesaream</strong></span> <span class='ocrx_word' id='word_1_365' title='bbox 1153 2624 1391 2663; x_wconf 86' lang='lat' dir='ltr'><strong>Palaestinae</strong></span> <span class='ocrx_word' id='word_1_366' title='bbox 1414 2621 1460 2661; x_wconf 88' lang='lat' dir='ltr'><strong>A.</strong></span> <span class='ocrx_word' id='word_1_367' title='bbox 1486 2622 1596 2666; x_wconf 80' lang='lat'>1148</span> <span class='ocrx_word' id='word_1_368' title='bbox 1621 2622 1718 2667; x_wconf 81' lang='lat' dir='ltr'><strong>dum</strong></span> 
     </span>
     <span class='ocr_line' id='line_1_43' title="bbox 256 2679 1717 2734; baseline -0.001 -14"><span class='ocrx_word' id='word_1_369' title='bbox 256 2688 430 2721; x_wconf 82' lang='lat' dir='ltr'><strong>castrum</strong></span> <span class='ocrx_word' id='word_1_370' title='bbox 457 2684 657 2733; x_wconf 84' lang='lat' dir='ltr'><strong>quoddam</strong></span> <span class='ocrx_word' id='word_1_371' title='bbox 687 2684 841 2722; x_wconf 83' lang='lat' dir='ltr'><strong>comitis</strong></span> <span class='ocrx_word' id='word_1_372' title='bbox 862 2682 1097 2734; x_wconf 81' lang='lat' dir='ltr'><strong>Tripolitani</strong></span> <span class='ocrx_word' id='word_1_373' title='bbox 1128 2680 1317 2733; x_wconf 85' lang='lat' dir='ltr'><strong>patruelis</strong></span> <span class='ocrx_word' id='word_1_374' title='bbox 1341 2680 1400 2717; x_wconf 88' lang='lat' dir='ltr'><strong>sui</strong></span> <span class='ocrx_word' id='word_1_375' title='bbox 1428 2679 1717 2731; x_wconf 85' lang='lat' dir='ltr'><strong>ingrederetur,</strong></span> 
     </span>
    </p>
   </div>
   <div class='ocr_carea' id='block_1_6' title="bbox 256 2736 1719 2837">
    <p class='ocr_par' dir='ltr' id='par_1_7' title="bbox 256 2736 1719 2837">
     <span class='ocr_line' id='line_1_44' title="bbox 256 2736 1719 2790; baseline -0.001 -12"><span class='ocrx_word' id='word_1_376' title='bbox 256 2739 347 2778; x_wconf 90' lang='lat' dir='ltr'><strong>dolo</strong></span> <span class='ocrx_word' id='word_1_377' title='bbox 369 2740 542 2778; x_wconf 83' lang='lat' dir='ltr'><strong>eiusdem</strong></span> <span class='ocrx_word' id='word_1_378' title='bbox 567 2754 657 2779; x_wconf 89' lang='lat' dir='ltr'><strong>cum</strong></span> <span class='ocrx_word' id='word_1_379' title='bbox 677 2754 811 2779; x_wconf 81' lang='lat' dir='ltr'><strong>sorore</strong></span> <span class='ocrx_word' id='word_1_380' title='bbox 834 2754 855 2778; x_wconf 86' lang='lat' dir='ltr'><strong>a</strong></span> <span class='ocrx_word' id='word_1_381' title='bbox 870 2740 1008 2778; x_wconf 77' lang='lat' dir='ltr'><strong>&#39;furcis</strong></span> <span class='ocrx_word' id='word_1_382' title='bbox 1028 2744 1166 2790; x_wconf 89' lang='lat' dir='ltr'><strong>captus</strong></span> <span class='ocrx_word' id='word_1_383' title='bbox 1186 2742 1261 2787; x_wconf 85' lang='lat' dir='ltr'><strong>est,</strong></span> <span class='ocrx_word' id='word_1_384' title='bbox 1291 2737 1351 2775; x_wconf 82' lang='lat' dir='ltr'><strong>uti</strong></span> <span class='ocrx_word' id='word_1_385' title='bbox 1368 2743 1506 2775; x_wconf 87' lang='lat' dir='ltr'><strong>narrat</strong></span> <span class='ocrx_word' id='word_1_386' title='bbox 1522 2736 1719 2776; x_wconf 76' lang='lat' dir='ltr'><strong>Robertus</strong></span> 
     </span>
     <span class='ocr_line' id='line_1_45' title="bbox 258 2796 477 2837; baseline 0.005 -2"><span class='ocrx_word' id='word_1_387' title='bbox 258 2796 306 2835; x_wconf 84' lang='lat' dir='ltr'><strong>de</strong></span> <span class='ocrx_word' id='word_1_388' title='bbox 332 2797 477 2837; x_wconf 88' lang='lat' dir='ltr'><strong>Monte.</strong></span> 
     </span>
    </p>
   </div>
   <div class='ocr_carea' id='block_1_7' title="bbox 368 2858 1719 2916">
    <p class='ocr_par' dir='ltr' id='par_1_8' title="bbox 368 2858 1719 2916">
     <span class='ocr_line' id='line_1_46' title="bbox 368 2858 1719 2916; baseline -0.006 -11"><span class='ocrx_word' id='word_1_389' title='bbox 368 2879 409 2906; x_wconf 87' lang='lat' dir='ltr'><strong>v.</strong></span> <span class='ocrx_word' id='word_1_390' title='bbox 445 2868 508 2908; x_wconf 81' lang='lat'><strong>12.</strong></span> <span class='ocrx_word' id='word_1_391' title='bbox 576 2862 747 2916; x_wconf 80' lang='grc' dir='ltr'><em>τὲμπλου</em></span> <span class='ocrx_word' id='word_1_392' title='bbox 792 2864 1011 2916; x_wconf 78' lang='grc' dir='ltr'><strong><em>μαΐστορα]</em></strong></span> <span class='ocrx_word' id='word_1_393' title='bbox 1060 2860 1284 2900; x_wconf 86' lang='lat' dir='ltr'><strong>Bernardus</strong></span> <span class='ocrx_word' id='word_1_394' title='bbox 1320 2858 1367 2899; x_wconf 83' lang='lat' dir='ltr'><strong>de</strong></span> <span class='ocrx_word' id='word_1_395' title='bbox 1416 2861 1614 2912; x_wconf 78' lang='lat' dir='ltr'><strong>Tremelay</strong></span> <span class='ocrx_word' id='word_1_396' title='bbox 1650 2870 1719 2898; x_wconf 84' lang='lat' dir='ltr'><strong>seu</strong></span> 
     </span>
    </p>
   </div>
  </div>
 </body>
</html>
