1878 3262
257 224 354 270 320
702 219 910 264 CAROLI
941 221 1023 264 DU
1055 221 1268 266 FRESNE

365 347 403 385 p.
416 335 471 374 22
487 345 526 372 v.
543 334 610 373 23.
636 329 912 384 Ῥαϊμοῦνδον]
942 331 999 368 De
1016 330 1093 369 hac
1111 331 1281 370 secunda
1297 331 1454 371 Ioannis
1471 331 1716 371 Antiochen&

254 391 504 443 expeditione
540 394 662 438 agunt
698 388 819 426 iidem
851 389 1006 426 Nicetas
1048 402 1087 426 n.
1135 391 1184 429 11
1225 394 1266 426 et
1299 386 1480 428 Nicolaus
1512 389 1717 427 Trivettus

252 449 299 486 A.
321 446 448 494 1142,
480 445 624 496 Tyrius
645 445 669 483 l.
690 446 740 487 15
764 458 796 483 o.
817 448 872 487 32
890 451 929 482 et
945 447 1021 495 33,
1052 444 1120 483 ubi
1141 444 1259 482 etiam
1284 445 1333 483 de
1351 446 1477 484 Alexii
1495 451 1535 484 et
1554 445 1718 484 Andro-

251 503 328 542 nici
347 502 520 540 filiorum
539 501 717 550 Ioannis,
756 507 874 552 atque
905 501 1003 539 adeo
1029 501 1236 552 ipsiusmet
1256 502 1411 545 Ioannis
1435 503 1600 541 interitu
1620 502 1717 540 Cin-

250 574 367 598 namo
386 572 557 597 consona
576 558 758 597 tradunt.
802 559 980 598 cinnami
996 558 1167 596 calculos
1190 558 1239 596 de
1257 558 1416 597 Ioannis
1432 558 1583 611 imperii
1601 559 1716 597 annis

250 622 434 656 accurate
458 615 718 668 expendimus
735 615 776 653 in
793 621 998 653 stemmate
1020 615 1269 653 Comnenico.

361 687 398 725 p.
417 673 471 715 25
497 686 535 711 v.
560 675 624 714 10.
680 671 838 724 τέμνειν
854 668 1003 723 ἐδόκει]
1036 671 1112 709 Sed
1143 677 1182 709 et
1209 672 1335 723 ipsam
1361 684 1542 717 manum,
1578 671 1620 710 in
1637 683 1716 722 qua

251 731 309 770 vis
325 736 413 768 tota
431 730 524 768 mali
543 730 845 778 contin-ebatur,
874 728 1177 780 praecidendam
1197 733 1431 766 censuerant
1452 727 1615 776 medici,
1641 741 1716 765 an-

248 796 410 838 tequam
441 787 621 837 reliquas
638 786 813 837 corporis
838 786 988 823 illaesas
1010 791 1143 836 partes
1170 785 1362 824 inficeret.
1419 784 1488 822 sed
1517 784 1560 822 id
1585 784 1719 822 renuit

252 845 438 893 Ioannes,
486 843 638 883 dicens:
671 892 674 895 Δ
697 841 914 894 indignum
945 857 1027 880 esse
1055 849 1101 880 ut
1127 843 1362 880 Romanum
1389 843 1605 894 imperium
1631 850 1731 878 una*

251 915 380 939 manu
398 907 577 952 regatur.
634 899 739 939 Will.
761 899 904 951 Tyrius
921 899 947 937 l.
969 899 1020 941 15
1046 912 1078 937 e.
1098 901 1167 940 22.

365 970 403 996 v.
418 957 484 998 14.
512 955 666 997 ἐλπίσιν
677 953 706 1008 ἤ
709 957 757 1007 δη
769 952 968 1006 θανάτου]
987 955 1059 993 Ubi
1072 955 1181 1003 ἐλπίς
1191 955 1363 993 sumitur
1375 968 1450 1006 pro
1461 959 1581 993 metu.
1611 955 1718 992 Can-

251 1021 467 1053 tacuzenus
490 1013 514 1050 1.
530 1018 548 1054 1
571 1026 604 1053 c.
619 1016 668 1054 21
687 1028 696 1050 :
724 1009 791 1053 διοὲ
807 1010 851 1053 τὸ
865 1012 908 1053 ἐν
927 1012 1081 1052 ἐλπίσιν
1099 1010 1206 1064 ’ἡμᾶς
1223 1008 1325 1051 εἶναι
1345 1008 1716 1064 διαφθαρήσεσθαι.

251 1085 430 1124 sperare,
461 1083 534 1121 pro
553 1068 717 1107 credere.
776 1069 996 1107 Concilium
1017 1068 1325 1120 Compendiense
1344 1068 1486 1110 A.757
1506 1067 1654 1108 can.5:
1681 1068 1721 1104 si

252 1130 347 1180 quis
370 1127 487 1164 homo
517 1127 670 1176 accepit
696 1126 920 1173 mulierem,
967 1132 1004 1163 et
1030 1132 1167 1177 sperat
1194 1124 1308 1177 quod
1332 1127 1512 1176 ingenua
1538 1126 1605 1162 sit.
1662 1124 1719 1162 ita

249 1199 332 1223 non
358 1183 478 1221 semel
499 1182 608 1234 apud
626 1182 898 1221 Hincmarum.
936 1182 1096 1221 consule
1117 1187 1233 1221 notas
1254 1187 1412 1220 nostras
1430 1181 1481 1219 ad
1498 1181 1719 1221 loinvillam

249 1255 289 1293 P·
315 1244 404 1349 811.)-
426 1298 482 1338 28
503 1309 542 1336 v.
563 1298 631 1338 20.
688 1292 764 1348 τήν
793 1290 1000 1349 χλαμύδα]
1032 1295 1147 1334 Adde
1167 1268 1410 1335 Willelmum
1430 1294 1596 1346 Tyrium
1617 1293 1644 1331 1.
1664 1293 1717 1336 15

246 1368 279 1393 c.
299 1358 366 1396 23.

359 1424 400 1462 Ρ.
419 1412 472 1452 29
491 1423 532 1449 v.
560 1409 596 1451 1.
654 1407 896 1461 μεθίστατο]
928 1407 996 1446 Ait
1011 1408 1156 1460 Tyrius
1183 1407 1416 1446 defunctum
1436 1406 1622 1444 Ioannem
1642 1406 1718 1445 sub

244 1466 452 1506 Anavarza
474 1466 668 1504 secundae
687 1465 841 1503 Ciliciae
859 1466 1090 1518 metropoli,
1119 1465 1162 1503 in
1184 1477 1229 1502 eo
1248 1465 1336 1502 loco
1355 1463 1423 1514 qui
1438 1463 1585 1501 dicitur
1600 1465 1721 1501 Pra-

245 1532 334 1563 tum
355 1524 604 1562 Palliorum.
650 1535 730 1573 quo
751 1527 902 1573 spectat
923 1523 1062 1560 Leonis
1082 1522 1175 1572 imp.
1201 1521 1250 1559 de
1272 1520 1375 1558 illius
1390 1520 1557 1558 interitu
1573 1519 1734 1559 vatici-v

243 1581 376 1629 nium,
402 1575 541 1628 τόποις
562 1575 602 1619 δ’
621 1578 664 1619 ἐν
685 1577 823 1631 ὑγροῖς
842 1577 911 1617 καὶ
930 1574 1030 1631 παρ’
1049 1578 1191 1618 ἐλπίδα
1209 1581 1354 1624 πεσεῖς.

100 1644 130 1679 P
153 1643 219 1680 435
355 1650 395 1676 v.
418 1639 484 1678 12.
526 1631 760 1689 τριάκοντα]
790 1634 943 1672 Nicetas
957 1635 1000 1672 in
1022 1634 1124 1673 Man.
1140 1634 1166 1672 l.
1186 1638 1210 1676 1
1226 1647 1268 1675 n.
1287 1636 1324 1674 1.

357 1707 396 1745 p.
420 1695 475 1735 30
495 1706 535 1731 v.
556 1692 622 1735 15.
680 1690 984 1743 ὡμολογημένα]
1017 1691 1118 1728 Vide
1136 1695 1219 1728 not.
1239 1690 1291 1727 ad
1309 1688 1446 1727 Annae
1465 1702 1504 1740 p.
1524 1690 1606 1730 333
1624 1687 1668 1728 A.

355 1764 394 1802 p.
418 1752 472 1791 32
494 1762 533 1788 v·
557 1752 622 1790 10.
679 1745 783 1801 πρὸς
805 1745 1037 1804 Ἡρακλεία]
1076 1747 1175 1787 Vide
1201 1746 1380 1784 Nicetam
1409 1745 1452 1783 in
1481 1744 1589 1783 loan.
1620 1757 1663 1783 11.
1687 1745 1716 1786 9

243 1812 284 1845 et
307 1810 359 1849 10
382 1811 422 1844 et
439 1811 604 1843 stemma
623 1804 810 1844 Comnen.

356 1876 396 1915 Ρ.
421 1864 476 1904 33
503 1876 541 1901 v.
563 1865 600 1903 3.
662 1858 854 1913 Μιχαὴλ]
886 1858 1088 1898 Exstincto
1106 1859 1236 1897 Leone
1257 1858 1469 1910 Styppiota
1487 1856 1716 1909 patriarcha

244 1920 318 1959 CP.
343 1919 529 1958 suffectus
549 1923 607 1955 est
625 1931 647 1955 a
667 1917 849 1955 Manuele
867 1916 961 1968 imp.
981 1915 1149 1954 Michael
1173 1916 1326 1965 Oxitas,
1355 1916 1415 1953 uti
1440 1915 1577 1953 scribit
1595 1915 1715 1952 Nice-

244 1982 303 2014 tas
331 1976 357 2014 l.
391 1979 410 2018 1
442 1989 482 2015 n.
503 1980 543 2018 Ξ.
601 1974 808 2025 Catalogus
840 1972 1060 2011 patriarch.
1100 1973 1173 2011 GP.
1214 1973 1258 2010 iu
1285 1973 1375 2011 Iure
1406 1971 1714 2010 Graeco-Rom.

248 2029 417 2084 Μιχαὴλ
433 2027 608 2084 μοναχὸς
627 2030 652 2072 ό
668 2026 1005 2082 ἆσκητικώτατος,
1037 2028 1058 2070 ὁ
1078 2028 1246 2081 ἐπίκλην
1269 2025 1527 2082 Κουρκούας,
1558 2026 1625 2069 ἐπὶ
1639 2029 1716 2067 τοῦ

248 2085 642 2141 Πορφυρογεννήτου
673 2083 880 2139 Μανουήλ
907 2089 980 2127 τοῦ
1012 2088 1255 2137 Κομνηνοῦ,
1293 2085 1359 2137 ἔτη
1390 2086 1452 2138 β’,
1497 2086 1629 2136 μῆνας
1657 2085 1714 2135 η’.

245 2145 318 2183 sub
341 2144 419 2182 hoc
441 2144 666 2194 patriarcha
684 2149 862 2182 coactum
884 2141 1225 2194 Constantinopoli
1247 2141 1455 2180 concilium
1480 2140 1574 2194 (An.
1588 2139 1712 2190 1143)

245 2201 383 2240 scribit
409 2200 643 2238 Theodorus
663 2200 873 2238 Balsamon
891 2200 932 2238 in
955 2199 1171 2239 Nomocan.
1191 2198 1330 2247 Phot.‚
1369 2198 1411 2236 in
1432 2210 1511 2248 quo
1528 2197 1714 2247 Bogomi-

244 2258 377 2296 lorum
396 2257 583 2295 damnata
604 2262 661 2295 est
678 2255 871 2303 haeresis,
908 2256 1060 2307 ipsique
1080 2256 1269 2307 Bogomili
1299 2254 1398 2306 ignis
1424 2253 1616 2306 supplicio
1637 2253 1712 2292 ad-

247 2314 359 2363 dicti,
393 2313 502 2364 quod
520 2313 706 2351 ultimum
728 2312 931 2363 improbat
950 2313 1182 2360 Ba1sam0n,
1221 2311 1330 2363 quod
1357 2310 1489 2349 nullus
1518 2309 1712 2349 hactenus

243 2372 395 2422 legatur
408 2383 561 2423 canon,
590 2369 656 2420 qui
679 2382 847 2421 poenam
870 2369 1096 2419 quampiam
1117 2369 1344 2420 capitalem,
1373 2372 1444 2405 aut
1465 2368 1711 2418 corporalem

241 2427 455 2477 indixerit,
485 2439 577 2464 cum
593 2426 635 2464 id
654 2425 882 2477 praesertim
907 2425 958 2462 ad
976 2425 1107 2475 legum
1127 2425 1300 2463 civilium
1322 2423 1594 2461 auctoritatem
1616 2437 1711 2476 per-

239 2484 376 2524 tineat.
436 2497 514 2534 quo
537 2489 718 2534 spectant
736 2482 812 2520 ista
830 2481 1051 2519 Hildeberti
1071 2480 1242 2533 episcopi
1257 2481 1534 2519 Cenomanens.
1555 2493 1615 2532 ep.
1628 2483 1710 2523 30:

240 2555 327 2578 reos
354 2542 562 2578 tormentis
589 2540 775 2591 afficere,
823 2538 888 2576 vel
912 2538 1128 2589 suppliciis
1153 2545 1380 2589 extorquere
1407 2537 1714 2588 confessionem,

244 2611 416 2635 censura
446 2599 585 2634 curiae
612 2604 688 2647 est,
730 2610 810 2634 non
840 2595 1026 2632 ecclesiae
1043 2593 1277 2646 disciplina.
1333 2592 1427 2632 vide
1445 2592 1635 2632 Allatium
1655 2593 1709 2635 de
1732 2598 1733 2605 ¹

243 2653 345 2693 Eccl.
370 2653 503 2692 Occid.
527 2660 565 2691 et
585 2653 740 2692 Orient.
763 2665 874 2704 perp.
895 2665 999 2689 conS.
1018 2651 1043 2689 l.
1063 2656 1090 2694 2
1107 2665 1139 2689 c.
1165 2654 1216 2693 12
1232 2664 1272 2702 p.
1290 2652 1384 2691 671.

352 2723 391 2749 v.
410 2708 449 2749 4.
479 2707 532 2758 ἣν
550 2706 727 2761 Ὀξεῖαν]
759 2707 986 2747 Monasterii
1005 2709 1078 2758 τῆς
1090 2703 1241 2756 Ὀξείας
1259 2706 1435 2745 meminit
1448 2706 1708 2760 Pachymeres

240 2767 267 2806 l.
286 2765 313 2808 4
333 2780 365 2805 c.
388 2767 428 2807 8.
486 2772 572 2803 erat
601 2772 731 2803 autem
759 2766 800 2803 in
830 2770 964 2802 monte
987 2763 1159 2801 eiusdem
1181 2762 1349 2801 nominis
1368 2763 1509 2813 situm,
1545 2763 1707 2803 Chalce-

246 2823 342 2862 doni
365 2819 566 2875 proximo,
611 2822 678 2872 qui
703 2821 953 2872 postmodum
980 2819 1168 2857 Auxentii
1200 2820 1500 2870 appellationem
1525 2821 1705 2874 sumpsit,

246 2880 307 2919 uti
330 2879 474 2919 docent
494 2881 654 2918 Menaea
678 2878 809 2916 Basilii
830 2876 1025 2929 Porphyr.
1047 2879 1098 2918 16
1120 2875 1206 2916 Kal.
1230 2876 1348 2917 Mart.
