1878 3262
537 211 1094 256 COMMENTARIORUM.
1115 212 1163 255 L.
1191 211 1247 255 Π.
1557 210 1625 257 77

156 329 236 385 ἤδη
258 327 337 371 ὕπὸ
358 330 432 370 τοῦ
451 325 696 387 τραυμάτων
723 325 913 382 πλήθους
938 329 1004 370 καὶ
1028 330 1207 385 γνωρίζει
1229 325 1388 380 τούτοις
1408 325 1520 378 ὅστις
1543 327 1628 370 ἐστὶ

157 401 224 442 καὶ
247 396 353 440 οὕτω
374 397 443 439 τὸν
465 400 591 440 παῖδα
616 401 690 440 τοῦ
711 397 825 453 παρὰ
846 395 978 447 πόδας
998 396 1182 439 κινδύνου
1201 396 1351 455 ῥύεται.

300 467 374 513 16.
445 471 642 509 Τοιοῦτον
668 466 756 520 ἴσχε
783 465 829 508 τὸ
858 466 972 516 τέλος
999 464 1025 520 ἡ
1054 467 1206 520 μεταξὺ
1233 465 1445 520 Ῥωμαίων
1480 482 1523 508 τε
1557 466 1626 508 καὶ
1649 469 1681 504 C

158 538 325 580 Κελτῶν
358 539 439 578 τῶν
461 537 702 580 ἀποστατῶν
726 538 986 591 συναφθεῖσα
1004 538 1093 592 περὶ
1118 536 1190 589 τὴν
1213 541 1286 578 τοῦ
1306 536 1536 592 Σαγγαρίου
1561 535 1630 591 γε’-

122 622 146 658 5
159 623 295 663 φυραν
313 604 439 660 μάχη.
489 604 510 648 ὃ
535 606 578 647 δὲ
597 603 810 662 βάρβαρος
829 604 1023 660 ἐπαρθεὶς
1045 609 1096 661 τῇ
1114 607 1203 662 νίκῃ
1225 603 1376 662 περιῄει
1396 605 1471 654 τὰς
1493 621 1631 661 παρα-

156 676 402 731 σαγγαριόυς
422 673 556 725 πόλεις
581 675 648 716 καὶ
676 672 812 723 πάσας
835 670 911 729 ὑφ’
937 671 1082 714 ἑαυτὸν
1103 675 1285 716 ἐποιεῖτο.
1353 671 1565 729 γενόμενος
1587 673 1631 715 δὲ

155 746 245 801 περὶ
262 745 485 795 Βιθυνίαν,
515 745 660 799 ’ίναπερ
683 743 734 784 τὰ
752 742 939 796 βασίλεια
958 747 1032 784 τοῦ
1048 744 1243 799 καίσαρος
1263 738 1313 798 ἦν
1336 744 1403 785 καὶ
1428 741 1626 800 φρούριον
1648 746 1683 782 V
1705 746 1752 783 37

1135 816 1154 825 ου

158 812 294 855 ἱκανὸν
322 812 493 869 ἐρυμνὸν
528 810 763 870 ᾠκοδόμητο
791 811 949 853 ἄνωθεν
970 813 1058 868 περὶ
1081 828 1152 853 του
1179 810 1377 868 Σόφωνος
1402 810 1630 868 πρόποδας,

156 883 199 924 ἓν
225 888 310 931 τοῖς
340 882 461 924 ἐκεῖσε
491 883 642 931 πεδίοις
665 882 844 936 ηὐλίζετο
859 912 872 931 ,
908 879 1175 934 σκεπτόμενος
1200 879 1309 930 ὅπως
1336 880 1385 922 ἂν
1409 879 1542 939 ἑαυτῷ
1577 881 1630 923 τὰ

55 977 58 979 Δ
103 955 230 1006 Ιοτῆς
259 951 469 1004 βασιλείας
492 949 702 1005 Ῥωμαίων
729 947 1026 1004 μνηστεῦσηται
1065 948 1312 1006 πράγματα·
1362 947 1433 991 τόν
1468 967 1509 991 τε,
1550 949 1630 1006 γὰρ

64 1019 66 1022 ’
156 1021 335 1076 καίσαρα
357 1020 425 1061 διὰ
443 1025 562 1074 τιμῆς
580 1018 656 1073 εἶχε
667 1051 681 1071 ,
710 1020 774 1061 καὶ
800 1018 870 1060 τὸν
890 1017 1036 1060 τούτου
1061 1019 1150 1060 υἱὸν
1171 1018 1240 1060 τὸν
1265 1025 1444 1074 γενναῖον
1462 1017 1632 1074 Ἀνδρό-

156 1106 266 1131 νικον
297 1086 403 1146 ὁρῶν
432 1093 567 1138 κακῶς
594 1089 736 1142 ἔχοντα
769 1085 848 1129 ὑπὸ
876 1092 958 1129 τῶν
979 1086 1226 1144 τραυμάτων
1252 1086 1386 1142 πάσης
1406 1089 1633 1140 ἐπιμελείας

156 1158 284 1212 ἠξίου.
355 1155 376 1198 ὃ
405 1162 501 1213 γοῦν
522 1165 669 1214 καΐσαρ
696 1156 802 1199 οὕτω
824 1155 1033 1211 πάσχοντα
1059 1155 1267 1210 θεώμενος
1285 1156 1355 1198 τὸν
1376 1156 1465 1198 υἱὸν
1485 1156 1624 1210 ἠνιᾶτο
1648 1157 1682 1193 D

158 1229 225 1268 καὶ
257 1225 433 1281 ἤσχαλλε
466 1228 533 1268 καὶ
567 1226 637 1269 τὸν
672 1227 893 1284 Οὗρσέλιον
917 1225 1039 1282 ᾔτησε
1061 1230 1203 1267 τοῦτον
1228 1225 1330 1281 πρὸς
1346 1224 1419 1279 τὴν
1435 1226 1633 1279 βασιλίδα

102 1313 146 1349 15
158 1297 435 1346 ἐξαποστεῖλαι
457 1300 537 1337 τῶν
561 1294 727 1337 πόλεων.
798 1292 818 1335 ὃ
843 1295 886 1336 δὲ
910 1293 1091 1336 ἐπείθετό
1113 1312 1154 1337 τε
1174 1296 1240 1336 καὶ
1264 1292 1444 1350 ὁμήρους
1463 1293 1634 1348 αἰτήσας

157 1365 253 1414 τοὺς
276 1365 572 1421 πρεσβυτέρους
593 1369 673 1406 τῶν
694 1360 838 1405 τούτου
861 1364 979 1405 υἱέων
998 1366 1064 1405 καὶ
1088 1363 1138 1418 δὴ
1159 1362 1298 1417 λαβὼν
1319 1364 1516 1417 ἐξέπεμψε
1535 1367 1634 1405 τοῦ-

158 1449 230 1475 τον
263 1433 413 1474 οἴκαδε.
484 1433 581 1474 ἀλλ’
607 1431 627 1474 ὅ
653 1433 727 1486 μὲν
751 1434 975 1488 θεραπείας
993 1433 1154 1487 ἠξιοῦτο
1175 1436 1248 1487 τῆς
1269 1431 1574 1489 προσηκούσης,
1611 1429 1634 1473 ὅ

159 1502 203 1543 δὲ
224 1501 319 1550 τοὺς
341 1503 491 1551 παῖδας
511 1500 656 1543 τούτου
681 1503 902 1557 καθείρξας
926 1499 1056 1557 ἐτήρει
1078 1501 1192 1558 παρὰ
1215 1501 1261 1543 τὸ
1289 1500 1500 1558 φρούριον.
1570 1502 1636 1542 ἒν-

157 1574 298 1612 ταῦθα
327 1569 523 1626 ὃέὸραστό
549 1588 585 1612 τι
609 1570 722 1627 παρὰ
746 1574 826 1612 τῶν
852 1572 1123 1626 παιδαγωγῶν
1154 1574 1235 1612 τῶν
1266 1570 1366 1611 νέων
1395 1569 1508 1620 ἄξιον
1531 1568 1653 1627 μνήῂ

102 1650 250 1700 Ξομης.
320 1640 463 1696 ἐφοίτα
496 1638 690 1690 πολλάκις
719 1639 821 1695 πρὸς
853 1639 1001 1689 αὐτοὺς
1026 1643 1107 1681 τῶν
1130 1640 1333 1696 ἐγχωρίων
1356 1655 1418 1689 τις
1440 1639 1638 1695 ἀγροτιῦν.

159 1708 197 1750 οἳ
225 1708 266 1750 (5³
299 1709 445 1750 ἐκεῖνον
476 1708 772 1762 οἷκειωσάμενοι
793 1706 963 1765 ἠρώτων
988 1710 1023 1750 εἲ
1043 1708 1118 1758 τὰς
1139 1708 1241 1765 πρὸς
1260 1707 1539 1763 Νικομήδειαν
1561 1725 1638 1765 φε-

159 1774 312 1833 ρούσας
338 1774 458 1827 ὁδοὺς
490 1777 612 1827 αὐτὸς
644 1779 880 1829 ἐπίσταται,
917 1779 984 1819 καὶ
1016 1775 1223 1831 μαθόντες
1251 1775 1306 1826 ὡς
1333 1779 1458 1832 εἷὸοίη
1484 1775 1639 1827 ταύτας

252 1896 286 1930 8.
335 1892 490 1939 ἱκανὸν]
531 1894 701 1935 ἱκανῶς-7
883 1897 969 1931 ibid.
1015 1896 1108 1942 τοῦ]
1148 1893 1275 1936 totis?
1321 1906 1366 1930 an
1404 1893 1497 1936 τοὺς
1533 1895 1636 1930 ποῦ’.)

254 1939 306 1976 14.
330 1937 507 1986 ἤσχαλλε]
536 1942 578 1976 V.
600 1938 749 1986 ἤσχαλε.

161 2055 266 2089 quare
281 2055 374 2089 spem
390 2043 424 2078 in
438 2043 474 2076 vi
489 2043 611 2078 nullam
627 2043 756 2079 habens
770 2044 898 2079 indicat
913 2045 1068 2080 barbaris
1083 2046 1235 2092 quisnam
1251 2046 1280 2081 is
1296 2047 1390 2080 esset
1405 2046 1441 2078 et
1456 2043 1507 2079 sic
1522 2055 1596 2079 eum
1613 2054 1635 2079 a

160 2090 332 2136 praesenti
348 2095 454 2124 morte
471 2090 604 2124 liberat.

171 2149 173 2151 ’
257 2138 310 2171 16.
358 2136 460 2169 Hunc
483 2136 601 2169 habuit
624 2136 750 2170 exitum
773 2148 888 2182 pugna
903 2137 948 2171 ad
963 2138 1123 2182 Sangarii
1138 2143 1274 2183 pontem
1291 2143 1452 2184 pugnata.
1499 2143 1535 2173 at
1556 2139 1638 2173 bar-

161 2182 265 2216 barus
281 2183 389 2215 elatus
406 2181 548 2216 victoria
563 2181 753 2216 circumivit
765 2183 892 2217 vicinas
909 2184 1075 2227 Sangario
1100 2185 1187 2218 amni
1205 2185 1361 2219 civitates
1373 2185 1504 2230 sibique
1520 2186 1637 2220 subie-

162 2229 211 2262 cit
226 2229 414 2262 universas.
462 2239 534 2261 cum
551 2228 764 2272 pervenisset
777 2235 889 2263 autem
905 2230 993 2263 circa
1009 2230 1199 2274 Bithyniam
1216 2231 1272 2264 ubi
1288 2232 1460 2276 praetoria
1476 2232 1636 2266 Caesaris

162 2280 261 2308 erant
282 2280 318 2308 et
340 2285 401 2308 arx
426 2274 510 2307 satis
530 2275 658 2307 munita
672 2280 843 2308 exstructa
858 2276 892 2309 in
909 2276 1028 2309 declivi
1044 2287 1147 2321 supra
1161 2277 1298 2311 radices
1314 2277 1485 2322 Sophonis
1501 2278 1637 2321 montis,

163 2320 200 2354 in
223 2320 382 2354 subiectis
408 2319 532 2364 campis
558 2320 684 2353 stativa
707 2321 873 2363 habebat,
904 2321 1095 2356 deliberans
1118 2334 1186 2367 qua
1211 2323 1343 2356 ratione
1366 2325 1553 2358 Romanum
1570 2324 1638 2358 sibi

164 2367 347 2401 subiiceret
370 2367 554 2411 imperium.
602 2377 705 2411 porro
732 2367 912 2401 Caesarem
928 2367 962 2401 in
979 2368 1106 2401 honore
1132 2368 1249 2402 habuit
1268 2376 1302 2403 et
1319 2369 1420 2403 filium
1438 2370 1510 2403 eius
1528 2382 1636 2413 gene-

161 2423 275 2446 rosum
291 2412 518 2446 Andronicum
533 2411 654 2446 videns
667 2413 820 2456 graviter
837 2414 1044 2448 laborantem
1062 2425 1107 2447 ex
1121 2414 1316 2448 vulneribus
1339 2415 1450 2448 curari
1466 2426 1565 2460 quam
1583 2415 1637 2450 di-

163 2457 386 2502 ligentissime
410 2458 519 2492 iussit.
568 2466 684 2491 verum
710 2458 838 2492 Caesar
862 2459 911 2493 sic
934 2459 1119 2505 patientem
1141 2460 1276 2493 intuens
1300 2461 1403 2494 filium
1421 2462 1637 2505 pungebatur

164 2505 235 2538 acri
251 2504 367 2539 dolore
386 2509 421 2537 et
436 2504 666 2538 molestissime
681 2505 824 2538 ferebat.
870 2505 986 2551 itaque
1014 2506 1185 2539 Urselium
1211 2506 1368 2551 rogavit,
1399 2512 1437 2540 ut
1453 2518 1528 2541 eum
1546 2508 1642 2542 Con-

164 2550 417 2595 stantinopolim
441 2551 570 2595 portari
595 2550 779 2584 curandum
795 2551 935 2586 sineret.
983 2562 1142 2585 assensus
1157 2552 1213 2586 ille
1229 2562 1270 2586 ea
1287 2552 1364 2596 lege
1380 2558 1432 2586 est
1446 2578 1456 2596 ,
1487 2554 1516 2587 si
1533 2554 1639 2589 maio·-

164 2606 221 2629 res
238 2602 317 2630 natu
334 2597 478 2630 filiorum
496 2597 567 2630 eius
584 2608 644 2642 pro
662 2608 701 2630 eo
719 2597 852 2631 obsides
867 2597 1050 2631 darentur:
1082 2598 1203 2642 quibus
1220 2598 1310 2631 datis
1326 2598 1484 2633 remissus
1500 2601 1638 2635 Andro-

164 2641 258 2675 nicus
285 2642 418 2676 domum
434 2643 482 2676 ibi
497 2642 712 2676 convenienti
735 2644 909 2677 curatione
925 2648 1098 2678 recreatus
1116 2649 1170 2677 est
1182 2671 1192 2687 ‚
1221 2644 1354 2678 interim
1371 2645 1447 2678 dum
1463 2647 1561 2691 pueri
1577 2658 1638 2681 ca-

161 2687 254 2731 ptivi
278 2687 355 2722 vice
381 2689 454 2722 eius
479 2688 514 2722 in
536 2700 616 2722 arce
641 2689 937 2732 custodiebantur,
967 2689 1024 2723 ubi
1050 2690 1092 2723 ab
1118 2701 1233 2723 eorum
1249 2691 1458 2736 paedagogis
1474 2697 1637 2727 tentatum

166 2733 290 2776 aliquid
318 2738 372 2767 est
398 2745 463 2768 non
492 2734 664 2779 indignum
692 2734 813 2771 relatu.
859 2736 1054 2770 ventitabat
1082 2735 1217 2781 saepius
1235 2737 1279 2770 ad
1294 2737 1388 2782 ipsos
1403 2737 1637 2782 indigenarum

166 2778 356 2821 agrestium
378 2780 532 2824 quidam,
564 2793 662 2826 quem
686 2780 734 2814 illi
760 2781 930 2816 delinitum
945 2782 1200 2826 interrogabant
1215 2783 1396 2817 calleretne
1419 2783 1507 2817 viam
1526 2813 1535 2828 ‚
1570 2795 1638 2829 qua

165 2824 243 2857 inde
258 2824 487 2860 Nicomediam
503 2827 749 2872 perveniretur.
797 2839 872 2862 cum
886 2839 970 2862 vero
985 2829 1224 2872 cognovissent
1237 2829 1287 2862 ita
1301 2829 1403 2863 istum
1418 2830 1490 2863 eius
1506 2830 1635 2864 itineris

165 2869 312 2916 peritum
324 2897 334 2915 ‚
349 2876 389 2905 ut
403 2871 460 2907 vel
472 2878 576 2908 noctu
591 2880 629 2908 et
641 2884 705 2920 per
720 2873 820 2909 devia
835 2885 1012 2921 permeare
1025 2879 1158 2910 montes
1172 2875 1369 2910 interiectos
1384 2879 1519 2918 nosset,
1535 2876 1639 2911 multo
