1878 3262
597 225 1139 271 COMMENTARIORUM
1171 227 1220 270 L.
1252 227 1308 270 Π.
1618 225 1683 272 57

218 338 442 396 αὐξομένην
473 340 547 396 τὴν
580 327 782 396 βασιλέως
812 338 1040 399 παρόρασιν
1067 343 1133 384 καὶ
1166 340 1260 384 ὅλον
1293 345 1437 385 τοῦτον
1458 342 1682 399 διεγίνωσκε

216 414 292 452 τοῦ
310 410 528 466 λογοθέτου
563 409 791 465 ἓξεχόμενον
803 442 817 462 ,
861 413 942 452 δεῖν
976 409 1096 468 ᾠήθη
1131 410 1353 468 ἄπόπειράν
1379 429 1470 454 τινα
1507 411 1682 467 ποιήσα-

217 482 334 521 σθαι.
402 481 468 521 καὶ
498 479 548 535 δὴ
582 478 841 535 σκηψάμενος
873 477 929 529 ὡς
957 477 1146 532 βούλοιτο
1176 479 1314 535 θήρας
1337 478 1460 538 χάριν
1480 481 1583 538 πρὸς
1605 481 1678 536 τὴν
1701 492 1731 527 Β

217 547 367 604 μικρὰν
385 547 522 591 Ἀσίαν
557 552 854 606 περαιωθῆναι,
901 549 984 590 ἐπεὶ
1012 547 1082 590 τὸν
1112 550 1285 601 βασιλέα
1320 547 1397 591 εἶδε
1431 550 1533 606 πρὸς
1564 555 1684 592 τοῦτο

172 621 196 658 5
219 619 613 672 συγκαταβαίνοντα,
669 617 740 659 τὸν
774 616 852 674 πρὸ
892 620 967 659 τοῦ
1005 614 1171 658 Πόντου
1214 618 1406 674 πορθμὸν
1442 621 1686 675 περαιωθεὶς

218 683 307 739 ἅμα
338 690 397 743 τῷ
418 686 495 743 υἱῷ
509 686 748 743 Ἀνδρονίκῳ
772 684 888 742 ἀπῄει
910 684 1012 743 πρὸς
1030 685 1103 739 τὴν
1119 685 1258 728 Ἀσίαν
1279 691 1352 728 τοῦ
1374 684 1489 741 ἡλίου
1513 688 1588 737 τὰς
1609 705 1685 741 με-

217 754 444 811 τοπωρινὰς
462 755 617 811 τροπὰς
635 753 990 808 μεταλλάττοντος.
1039 752 1217 811 θάτερος
1238 755 1281 797 δὲ
1300 759 1381 797 τῶν
1400 754 1544 797 τούτου
1567 757 1685 798 υἱέων

219 820 241 863 ὃ
264 824 569 873 Κωνσταντῖνος
590 823 715 877 ἒζιιεινε
737 823 851 880 παρὰ
880 827 939 880 τῷ
960 827 1143 878 βασιλεῖ’·
1183 825 1456 880 προεβέβλητο
1483 824 1562 882 γὰρ
1585 825 1687 882 πρὸς

218 891 346 933 αὐτοῦ
374 891 697 950 πρωτοστράτωρ
711 925 724 944 ,
763 894 874 935 τουτὶ
908 893 952 934 δὲ
982 891 1028 935 τὸ
1056 892 1247 950 ὂφφίκιον
1273 894 1376 949 με’γα
1401 887 1451 948 ἦν
1482 894 1542 935 ἀεὶ
1572 893 1688 949 παρὰ

163 963 428 1014 1οβασιλεῧσι
456 963 522 1003 καὶ
555 963 756 1018 μεγίστοις
785 962 954 1003 ἐδίδοτο.
1022 963 1162 1015 μείνας
1193 962 1236 1003 δὲ
1257 960 1498 1019 θεραπεύειν
1520 962 1686 1004 ἔσπευδε

215 1028 262 1070 τὸ
282 1030 483 1082 βασιλέως
502 1030 788 1087 ἇμφίγνωμον·
809 1031 876 1072 καὶ
895 1030 972 1086 γὰρ
989 1024 1039 1084 ἦν
1058 1031 1101 1072 ἐκ
1123 1032 1235 1072 δυοῖν
1250 1038 1334 1073 τοῖν
1353 1032 1547 1073 ἐναντίοιν
1562 1035 1680 1073 τοῦτο
1707 1043 1739 1078 c

216 1100 491 1154 συγκείμενον,
521 1097 770 1156 κουφότητός
792 1117 834 1141 τε
855 1101 922 1140 καὶ
942 1101 1200 1156 πανουργιᾝας

355 1167 400 1212 3.
463 1165 513 1210 ‘O
540 1185 614 1221 μεν
633 1184 703 1209 ουν
721 1174 869 1225 καΐσαρ
886 1167 958 1222 τὴν
970 1168 1147 1210 'Amatur
1171 1166 1417 1220 καταλαβὼν
1437 1169 1527 1224 περὶ
1548 1165 1687 1224 θήραν

216 1234 442 1290 ἐπτοῆσθαι
474 1243 763 1293 προσεποιεῖτο.
833 1235 854 1278 ὃ
882 1238 926 1278 δὲ
951 1236 1144 1290 βασιλεὺς
1170 1236 1346 1291 Μιχαηλ
1374 1237 1687 1292 συγκλειομένων

160 1311 206 1348 15
218 1304 329 1361 αὐτῷ
349 1310 428 1347 τῶν
447 1303 695 1362 πραγμάτων
717 1305 796 1360 ἤδη
816 1304 920 1347 κατά
943 1322 984 1347 τε
1003 1305 1076 1360 τὴν
1100 1306 1151 1347 ἕω
1169 1307 1235 1347 καὶ
1256 1305 1329 1359 τὴν
1352 1303 1524 1362 ἑσπέραν
1557 1307 1619 1360 (οἵ
1643 1322 1686 1347 τε

215 1373 295 1429 γὰρ
315 1377 493 1430 Τοῦρκοι
513 1374 565 1416 τὰ
586 1374 690 1416 κατὰ
710 1374 780 1416 τὸν
795 1374 992 1430 Διογένην
1022 1372 1247 1428 πυθόμενοι
1279 1375 1347 1416 καὶ
1375 1374 1449 1424 τὰς
1468 1374 1570 1431 πρὸς
1583 1372 1685 1416 Ῥω·-

215 1443 364 1496 μαίους
386 1442 443 1484 δι’
470 1443 616 1484 ἐκεῖνον
636 1443 850 1498 γενομένας
875 1441 1095 1497 ξυμβάσεις
1114 1461 1155 1485 τε
1174 1444 1240 1484 καὶ
1263 1443 1443 1493 σπονδὰς
1465 1441 1688 1485 διαλύσανσ

214 1527 282 1560 τες
308 1510 381 1565 τὴν
412 1508 516 1568 ἑῴαν
547 1515 682 1554 πᾶσαν
712 1513 901 1568 ἐδῃοῦντο
936 1513 1004 1553 καὶ
1037 1513 1260 1566 ἐληΐζοντο,
1298 1513 1339 1552 οἵ
1357 1529 1398 1553 τε
1422 1512 1504 1566 μὴν
1522 1509 1687 1553 Σκύθαι

216 1578 319 1636 πρὸς
335 1578 492 1630 τούτοις
509 1579 851 1630 συστασιάσαντες
871 1579 1039 1639 Θρᾴκην
1059 1597 1101 1622 τε
1121 1581 1189 1622 καὶ
1212 1581 1478 1622 Μακεδονίαν
1495 1581 1683 1636 κατέτρε-
1706 1595 1740 1631 1)

139 1652 141 1654 ¹
160 1656 209 1692 20
215 1665 314 1702 χον,
349 1646 405 1699 ὥς
429 1653 680 1706 πορθεῖσθαι
703 1653 851 1706 μικροῦ
872 1652 954 1692 δεῖν
978 1648 1140 1691 ἅπασαν
1162 1648 1235 1703 τὴν
1251 1649 1389 1691 Ἀσίαν
1416 1651 1483 1691 καὶ
1510 1649 1583 1704 τὴν
1601 1642 1688 1690 Εὗέ

218 1715 359 1773 ρώπην
379 1715 453 1758 ὑπ’
489 1719 642 1775 ἀμφοῖν
658 1725 743 1760 τοῖν
762 1718 947 1776 ἐχθροῖν)
959 1750 972 1769 ,
1011 1717 1117 1760 οὕτω
1141 1722 1238 1773 γοῦν
1261 1718 1373 1775 αὐτῷ
1393 1723 1473 1760 τῶν
1494 1716 1687 1775 πραγμά-
1710 1724 1743 1759 V
1765 1725 1812 1761 28

217 1802 300 1828 των
321 1788 661 1842 συγκλεισθέντων
680 1787 750 1829 τὸν
769 1787 986 1842 Κομνηνόν
1001 1784 1224 1839 Ἰσαάκιον,
1259 1785 1305 1829 ὃν
1327 1786 1395 1828 διὰ
1417 1785 1567 1842 κη’δους
1590 1785 1688 1844 ἔαυ-

219 1959 372 2006 quotidie
395 1960 591 2006 prodentem
611 1960 646 1994 in
668 1960 875 2007 imperatore
889 1964 1047 1995 cerneret
1062 1960 1260 2006 despectum
1274 1961 1326 1995 sui
1341 1954 1459 2006 sicque
1474 1960 1584 2007 ipsum
1599 1974 1619 1995 e
1633 1961 1690 1996 lo-

219 2007 363 2051 gotheta
385 2007 534 2052 pendere
557 2007 685 2049 totum,
719 2008 842 2042 nullam
867 2011 907 2041 ut
927 2007 992 2041 sibi
1010 2009 1132 2041 factam
1148 2007 1312 2052 reliquam
1328 2008 1384 2041 vel
1400 2007 1616 2041 auctoritatis
1632 2007 1689 2041 vel

220 2052 353 2097 gratiae
372 2058 502 2098 partem
525 2064 600 2087 esse
627 2058 818 2094 constaret,
851 2053 1092 2098 experiundum
1108 2053 1143 2087 in
1159 2054 1249 2087 hunc
1262 2054 1394 2090 modum
1410 2053 1588 2087 Michaelis
1605 2064 1689 2098 erga

220 2111 259 2133 se
274 2098 416 2132 animum
431 2099 575 2144 putavit.
598 2099 680 2132 ficto
695 2099 881 2133 venationis
896 2099 1061 2133 desiderio
1077 2099 1209 2133 veniam
1226 2100 1269 2134 ab
1285 2100 1439 2144 Augusto
1456 2099 1556 2144 petiit
1571 2105 1690 2133 trans*

220 2145 368 2179 fretandi
387 2145 420 2178 in
438 2145 594 2178 minorem
611 2145 723 2178 Asiam
736 2171 746 2186 ‚
781 2157 848 2190 quo
864 2145 951 2178 haud
968 2156 1072 2190 aegre
1085 2145 1264 2191 impetrato
1282 2146 1405 2179 fretum
1421 2150 1637 2179 transvectus
1653 2145 1689 2180 in

221 2191 337 2225 Asiam
360 2191 494 2224 circiter
517 2191 763 2235 aequinoctium
787 2191 979 2224 autumnale
1002 2191 1161 2233 traiecit,
1193 2191 1420 2226 Andronicum
1438 2192 1542 2225 filium
1571 2202 1688 2225 secum

212 2237 368 2279 ducens,
401 2237 508 2270 altero
533 2237 603 2270 filio
627 2237 850 2270 Constantino
875 2237 908 2270 in
932 2236 1008 2272 aula
1023 2237 1153 2271 relicto.
1208 2243 1487 2282 protostratorem
1504 2237 1591 2271 enim
1609 2249 1686 2273 eum
1707 2268 1709 2272 .

220 2285 396 2327 Augustus
412 2288 610 2327 creaverat,
645 2284 733 2327 quod
750 2283 896 2316 officium
912 2285 1000 2327 apud
1013 2283 1235 2328 imperatores
1248 2294 1384 2338 semper
1400 2284 1464 2317 suit
1480 2283 1686 2328 dignationis

220 2339 364 2373 magnae
390 2340 453 2363 nec
476 2329 540 2363 nisi
562 2329 714 2363 maximis
740 2329 929 2382 quibusque
955 2329 1057 2362 tribui
1072 2329 1216 2362 solitum.
1266 2329 1359 2363 cuius
1375 2329 1554 2363 occasione
1569 2340 1686 2363 morae

221 2385 289 2409 non
306 2374 438 2408 destitit
453 2375 510 2409 ille
525 2375 659 2420 quidem
676 2374 846 2419 experiri,
881 2375 909 2409 si
926 2374 1006 2419 quid
1021 2380 1136 2420 posset
1151 2375 1186 2408 in
1202 2375 1349 2408 curanda
1363 2375 1586 2409 instabilitate
1602 2386 1687 2408 con-

220 2421 370 2456 siliorum
384 2421 607 2475 imperatoris.
654 2421 713 2454 sed
729 2402 848 2455 maluni
866 2427 942 2454 erat
956 2421 1136 2455 vehemens
1157 2433 1198 2454 ac
1213 2421 1360 2454 remedio
1378 2421 1521 2463 fortius,
1554 2420 1687 2455 duabus

222 2477 266 2501 ex
280 2467 458 2501 contrariis
474 2465 654 2501 conflatum
671 2467 843 2512 pestibus,
865 2466 943 2500 hinc
956 2467 1122 2506 levitate,
1148 2467 1239 2500 illinc
1256 2473 1367 2500 astuta
1381 2466 1522 2500 malitia.

313 2513 348 2547 3.
395 2515 440 2547 At
454 2513 615 2547 Caesar
606 2524 640 2546 ιιι
655 2513 766 2546 Asiam
791 2513 922 2546 delatus
946 2513 1087 2556 egregie
1101 2512 1279 2546 simulabat
1294 2513 1475 2546 venatione
1489 2523 1567 2547 sese
1583 2512 1687 2547 maio-

220 2569 293 2592 rem
310 2557 344 2591 in
359 2559 492 2593 modum
508 2558 682 2593 delectari.
721 2558 907 2603 imperator
919 2570 1002 2592 vero
1019 2559 1166 2592 Michael
1182 2558 1430 2592 circumventus
1445 2558 1584 2604 ancipiti
1598 2558 1686 2594 malo

222 2603 416 2649 irruptionis
442 2606 594 2649 geminae
619 2604 838 2645 barbaricae,
883 2605 961 2638 hinc
975 2605 1188 2646 Turcorum,
1217 2604 1332 2638 audita
1346 2604 1508 2648 Diogenis
1525 2616 1598 2639 cum
1618 2616 1685 2649 quo

224 2653 463 2693 transegerant
477 2651 767 2694 exauctoratione,
785 2662 899 2696 pacem
912 2651 1057 2684 solutam
1070 2649 1302 2684 arbitrantium
1318 2662 1358 2683 ac
1370 2656 1551 2696 propterea
1562 2651 1688 2684 Orien-

225 2701 295 2728 tem
315 2696 506 2731 universum
521 2697 685 2731 hostiliter
702 2697 951 2736 incursantium,
972 2696 1066 2730 illinc
1080 2697 1283 2740 Scytharum
1299 2696 1492 2738 Thraciam,
1517 2702 1553 2730 et
1566 2697 1690 2730 Mace-

227 2739 363 2775 doniam
385 2753 447 2786 per
469 2743 646 2777 tumultum
662 2754 757 2777 manu
773 2744 868 2778 facta
882 2743 1097 2786 vastantium,
1113 2746 1334 2787 utrorumque
1349 2747 1446 2776 tanta
1462 2742 1555 2779 rabie
1571 2743 1690 2775 furen-

229 2786 314 2820 tium
329 2798 371 2820 ac
386 2793 453 2821 tam
467 2788 537 2822 late
551 2795 696 2844 stragem
712 2789 893 2834 ruinasque
907 2789 1146 2834 spargentium,
1159 2793 1200 2821 ut
1207 2788 1295 2822 -Asia
1311 2799 1419 2833 paene
1433 2788 1561 2833 pariter
1574 2788 1689 2821 Euro-

228 2843 343 2877 paque
364 2832 525 2868 universa
539 2835 743 2872 saevissimis
759 2836 911 2869 hostibus
913 2835 1075 2889 praedae
1091 2835 1226 2868 forent·
1215 2859 1226 2877 ,
1272 2845 1339 2879 quo
1356 2834 1510 2869 alicunde
1524 2833 1689 2878 inciperet

229 2883 324 2913 tanto
347 2877 475 2913 mederi
498 2881 586 2915 malo
610 2893 654 2917 ac
677 2892 715 2917 se
729 2893 774 2916 ex
789 2880 953 2927 angustiis
968 2881 1141 2927 explicare
1155 2885 1352 2924 conaretur,
1372 2880 1578 2915 Comnenum
1593 2879 1688 2913 Isaa-
