1878 3262
248 210 345 258 176
379 210 452 252 AD
475 207 657 251 COMM.
674 204 892 249 NICEPH.
907 202 1149 247 BRYENN.
1165 202 1298 246 NOT.
1317 203 1476 247 PETR.
1495 202 1647 248 POSS.

247 335 300 361 ex
315 321 378 360 his
397 323 562 370 apparet
580 329 627 355 eo
650 329 747 354 sono
768 315 839 366 qui
859 314 967 353 allisa
990 313 1042 352 ad
1060 313 1237 366 palatum
1256 313 1389 366 lingua
1405 314 1605 366 frangitur
1625 325 1718 352 usos

249 391 329 417 esse
352 376 524 414 Graecos
554 373 606 412 ad
634 371 932 425 significandum
959 376 1231 423 contemptum
1261 371 1304 409 in
1331 375 1467 422 poetas
1483 403 1494 422 ,
1523 370 1717 421 tibicines,

249 440 318 473 aut
334 432 378 471 id
398 445 520 484 genus
542 429 734 480 artifices,
764 429 833 480 qui
862 428 1143 467 certaminibus
1171 427 1339 480 publicis
1367 427 1410 465 in
1441 440 1595 466 scenam
1618 441 1719 479 pro-

249 490 364 530 ducti
380 503 463 528 non
482 487 794 535 satisfaciebant,
833 492 874 525 et
891 485 1079 525 videlicet
1099 485 1141 523 in
1163 484 1259 523 alios
1280 483 1472 522 invidiam
1489 484 1720 536 popularem

249 546 392 599 quavis
420 559 471 584 ex
504 558 622 583 causa
650 543 826 584 meritos.
883 543 977 595 quia
1005 555 1102 581 vero
1132 541 1319 580 extremis
1344 540 1454 578 hisce
1478 541 1720 592 temporibus

252 603 466 644 Orientalis
482 601 638 654 imperii
656 600 889 639 senescentis
904 600 1058 639 rariora
1074 598 1268 638 videntur
1288 597 1468 636 exhibita
1490 598 1721 636 constanti-

251 661 387 713 nopoli
422 658 644 698 istiusmodi
682 657 905 710 spectacula
937 656 1126 695 ludorum
1154 661 1195 694 et
1219 668 1447 700 scenarum,
1488 653 1722 706 plerumque

255 724 386 757 autem
410 717 453 755 in
482 715 733 755 offensionem
761 715 959 766 publicam
983 713 1243 751 incurrebant
1259 717 1440 764 potentes
1460 711 1568 763 apud
1591 711 1723 750 domi-

253 789 328 814 nos
357 786 492 812 rerum
517 771 709 822 eunuchi,
745 784 861 823 saepe
890 771 1012 810 fiebat
1037 776 1083 809 ut
1105 770 1148 808 id
1174 782 1295 821 genus
1318 768 1567 822 potissimum
1589 767 1723 808 homi-
1792 796 1794 798 -

252 845 350 871 num
373 831 447 869 isto
463 830 636 869 ludibrio
655 828 947 880 traduceretur,
978 827 1076 865 adeo
1096 833 1145 865 ut
1163 827 1324 879 propria
1341 826 1516 878 ipsorum
1531 825 1630 865 haec
1648 838 1722 865 ex-

253 888 380 940 plosio
397 887 600 929 videretur
620 898 722 938 esse,
751 892 875 938 prout
896 885 1048 924 indicat
1068 884 1291 936 Bryennius
1307 883 1386 922 hoc
1404 883 1504 924 loco.
