1878 3262
318 251 380 297 84
800 247 1026 292 IOANNIS
1065 244 1294 294 CINNAMI

316 367 429 419 daga&
453 363 611 418 ἤθελεν.
688 359 744 413 ὥς
770 361 815 404 ὁέ
837 378 930 404 ποτε
955 361 1154 416 βασιλέως
1178 365 1237 420 τῷ
1261 360 1465 420 πράγματι
1490 362 1770 420 διαιτήσαντος

314 434 386 488 τὴν
420 431 566 486 ἥττονα
603 429 702 486 ἔγνω
739 429 1031 487 κληρούμενος,
1078 430 1166 484 οὐχὶ
1192 432 1258 472 καὶ
1285 433 1470 483 εἰσαῦθις
1495 432 1765 490 ἀνακριθήσε-

315 505 417 543 σθαι
455 497 748 552 ἀνασχόμενος,
795 497 994 556 ἂφίστατό
1030 515 1071 541 τε
1105 503 1178 541 τοῦ
1209 497 1361 556 θρόνου
1398 502 1466 542 καὶ
1491 501 1595 543 καθ’
1624 499 1790 545 ἑαυτὸν

313 563 437 618 αὖθις
473 568 609 621 ἐβίου“·
654 567 759 609 ἀνθ’
798 562 849 609 οὗ
888 565 1088 617 Θεόδοτος
1114 567 1215 624 ἀνὴρ
1241 569 1303 610 ἐπὶ
1331 571 1515 611 πλεῖστον
1540 568 1767 625 ἀσκητικοῖς

311 633 659 692 ἐγγυμνασάμενος
693 637 979 693 προχειρίζεται
1013 634 1161 685 πόνοις.
1222 636 1442 690 Ἀλαμανοὶ
1478 637 1543 690 δέ,
1577 636 1800 695 καθάπερὸ

312 705 488 761 εἷ’ρηται,
523 704 625 761 πρὸς
648 708 729 746 τῶν
751 706 924 761 Περσῶν
949 702 1141 754 πολλάκις
1165 703 1510 761 ἀποκρουσθέντες
1529 704 1702 754 πολλούς
1723 723 1767 748 τε

261 782 290 816 C
314 777 394 815 τῶν
419 772 623 830 σφετέρων
648 771 918 826 ἀποβαλόντες
926 805 938 824 ,
970 772 1105 826 ἐπειδὴ
1131 772 1203 827 τὴν
1230 773 1297 815 διὰ
1325 776 1562 828 Φιλομίλιον
1587 774 1767 830 ἀπέγνω-

311 857 387 883 σαν
411 840 490 896 ἤδη
525 839 739 894 διάβασιν,
783 841 911 883 ὀπίσω
937 841 1076 883 λοιπὸν
1111 842 1299 898 ἐφέροντο
1325 840 1528 897 γενόμενοί
1549 860 1591 885 τε
1617 843 1659 884 ἐν
1682 845 1766 885 Νι-

310 910 405 969 καιά
439 910 620 952 ἐνταῦθα
654 911 878 965 Γερμανοῖς
911 926 953 951 τε
986 907 1070 967 ὁδῷ
1096 911 1201 951 ῗοῦσι
1237 911 1450 964 συνέμιξαν
1476 913 1542 952 καὶ
1567 911 1654 968 ῥηξὶ
1681 917 1766 960 τοῖς

308 977 447 1027 ἄλλοις
479 975 635 1032 μεγάλα
669 980 736 1019 καὶ
772 978 908 1027 αὐτοῖς
933 978 1191 1034 ἐπαγομένοις
1225 977 1527 1035 στρατεύματα·
1561 972 1618 1021 ὧν
1643 977 1664 1021 ὃ
1689 980 1763 1033 μὲν
1776 985 1820 1018 10

307 1051 380 1088 τοῦ
415 1047 576 1099 Τζὲχων
611 1050 808 1102 κατῆρχεν
841 1046 1007 1099 ἔθνους,
1058 1045 1133 1103 ῥὴξ
1158 1046 1259 1103 πρὸς
1283 1051 1355 1088 τοῦ
1392 1046 1610 1104 Κορράδου
1637 1049 1764 1102 δῆθεν

305 1114 625 1171 προχειρισθείς,
661 1113 802 1171 ἅτερος
827 1115 870 1156 δὲ
895 1118 968 1156 τοῦ
993 1119 1073 1156 τῶν
1098 1115 1262 1168 Λέχων,
1298 1116 1343 1157 οἳ
1362 1116 1568 1157 Σκυθικὸν
1592 1116 1666 1168 μέν
1688 1117 1764 1157 εἶσι

303 1183 415 1238 γένος
444 1181 622 1232 Οὕννους
644 1183 690 1223 δὲ
715 1187 972 1238 προσοικοῦσι
986 1182 1080 1232 τοὺς
1105 1181 1322 1239 ἑσπερίους.
1368 1182 1503 1238 ἐπειδή
1529 1201 1570 1225 τε
1586 1185 1627 1233 ἐς
1639 1183 1763 1226 ταύτὸ

305 1249 503 1307 συνῄεσαν
527 1250 579 1292 τὰ
605 1249 911 1307 στρατεύματα,
944 1249 1139 1308 ρημάτιόν
1163 1268 1200 1292 τι
1227 1252 1269 1292 ἐκ
1294 1255 1454 1308 μακροῦ
1477 1251 1580 1308 πρὸς
1597 1254 1638 1292 Γ
1635 1269 1760 1308 ερμα-

303 1323 382 1360 νῶν
409 1318 651 1372 Ἀλαμανοΐς
686 1319 938 1374 ἐπιλέγεσθαι
973 1318 1120 1368 εἰωθὸς
1154 1318 1370 1376 ἀναφανδὰ
1386 1321 1453 1361 καὶ
1475 1318 1563 1362 τότε
1579 1320 1760 1377 προῦφέ-
1773 1323 1815 1359 15

303 1403 392 1442 ρετο
414 1384 600 1440 ζεπούτζη
619 1386 849 1440 Ἀλαμανὲ”
887 1385 992 1429 οὕτω
1028 1403 1114 1436 πως
1149 1387 1213 1428 ἐπὶ
1249 1388 1391 1438 λέξεως
1415 1386 1596 1443 ἐσχηκός.
1662 1387 1762 1430 ὅθεν

252 1465 284 1499 D
310 1456 353 1496 δὲ
377 1454 422 1496 τὸ
457 1459 639 1496 τοιοῦτον
674 1454 802 1512 ἀρχὴν
838 1454 950 1509 ἴσχεν
976 1454 1119 1497 αὐτίκα
1146 1453 1328 1510 δηλώσω.
1396 1463 1480 1506 τοῖς
1505 1456 1639 1498 ἔθνεσι
1664 1455 1762 1498 τοῦ-

301 1540 385 1572 τοις
420 1521 441 1564 ὅ
468 1524 557 1578 περὶ
590 1522 636 1564 τὸ
661 1522 870 1577 μάχεσθαι
902 1522 1052 1580 τρόπος
1076 1524 1181 1565 ἐστὶν
1207 1523 1281 1577 οὐχ
1307 1522 1328 1565 ὃ
1355 1522 1489 1574 αῧτός.
1557 1526 1760 1581 Γερμανοὶ

298 1591 373 1643 μὲν
405 1590 482 1646 γὰρ
513 1591 639 1631 ἵππον
673 1607 714 1632 τε
751 1591 954 1640 εὐσταλῶς
979 1591 1176 1645 ἀναβῆναι
1202 1593 1269 1633 καὶ
1303 1592 1374 1641 ’ξὺν
1399 1591 1540 1648 δόρατι
1567 1591 1760 1635 ἐπελάσαι

301 1660 420 1708 δεξιοὶ
445 1656 649 1712 μάλιστα,
684 1656 711 1713 ἣ
733 1675 774 1700 τε
790 1659 917 1708 ἵππος
941 1659 1079 1708 αὐτοῖς
1104 1657 1243 1717 δρόμῳ
1275 1659 1348 1714 τὴν
1367 1659 1605 1714 Ἀλαμανῶν
1630 1667 1814 1717 napi-20

299 1724 447 1768 λαύνει.
508 1726 728 1779 Ἀλαμανοὶ
764 1727 809 1768 δὲ
841 1729 938 1782 πεζῇ
974 1743 1015 1768 τε
1041 1727 1114 1781 τὴν
1148 1726 1285 1782 μάχην
1310 1729 1476 1783 ἐνεγκεῖν
1502 1729 1631 1770 ἱκανοὶ
1654 1727 1756 1786 ὑπὲρ

298 1794 392 1844 τοὺς
411 1794 646 1850 Γερμανοὺς
666 1796 733 1836 καὶ
756 1796 859 1852 ξίφει
878 1793 1118 1852 χρήσασθαι
1135 1799 1273 1852 πολλῷ
1293 1796 1616 1853 προφερέστεροι.
1648 1798 1757 1839 ἐπει-

298 1862 349 1917 δὴ
371 1866 467 1918 γοῦν
487 1879 582 1904 ποτε
603 1864 826 1920 Γερμανοῖς
844 1859 1129 1919 ἐπεστράτευον
1145 1864 1376 1918 Ἀλαμανοί,
1406 1864 1481 1919 τὴν
1497 1865 1630 1907 αὐτῶν
1647 1862 1756 1922 ὗφοὲ-

389 1991 441 2026 14.
468 1989 649 2036 ῥημάτιόν
679 1991 739 2037 τι]
774 1991 862 2025 Cod.
887 1989 990 2036 ῥῆμά
1011 2004 1048 2027 τι
1078 1988 1175 2029 ὄντι.
1315 1993 1369 2028 18.
1393 1989 1554 2039 τρόπος]
1578 1992 1667 2029 Cod.
1682 1991 1753 2030 πό-

386 2038 479 2081 θος,
500 2037 729 2083 superscripto
747 2035 898 2082 τρόπος.

294 2152 360 2182 tem
375 2160 415 2182 re
439 2149 481 2183 ad
507 2149 718 2195 imperatoris
736 2162 875 2185 examen
891 2151 1019 2193 delata,
1043 2151 1128 2185 male
1145 2151 1209 2185 sibi
1229 2162 1399 2185 cessurum
1415 2150 1570 2196 agnovit,
1591 2149 1749 2186 iudicium

294 2194 411 2227 nolens
438 2195 546 2228 denuo
573 2196 739 2239 experiri,
763 2198 919 2230 abdicata
942 2198 1031 2230 ultro
1059 2197 1246 2241 dignitate,
1275 2198 1317 2230 ad
1335 2197 1436 2230 vitam
1452 2207 1566 2230 rursus
1581 2196 1748 2240 privatam

294 2239 405 2273 rediit.
451 2240 649 2274 Theodotus
665 2241 696 2274 ei
712 2243 898 2282 sufficitur,
921 2243 975 2276 vir
988 2243 1190 2276 monachicis
1214 2243 1373 2276 institutis
1388 2243 1540 2286 apprime
1553 2241 1747 2277 instructus.

294 2285 467 2319 Alemanni
488 2286 640 2329 interea,
665 2291 702 2320 ut
718 2298 819 2331 supra
834 2289 1045 2332 scripsimus4
1068 2299 1090 2321 a
1115 2288 1227 2321 Persis
1249 2288 1384 2332 saepius
1402 2286 1546 2331 repulsi,
1570 2287 1748 2332 multisque

293 2341 428 2364 suorum
445 2331 590 2372 amissis,
615 2331 794 2375 desperato
810 2332 874 2365 iam
892 2345 954 2376 per
970 2334 1197 2367 Philomelium
1212 2335 1370 2376 transitu,
1393 2332 1472 2365 inde
1487 2338 1579 2365 retro
1599 2344 1746 2367 cessere.

293 2381 332 2409 ut
356 2381 519 2410 venerunt
543 2377 725 2417 Nicaeam,
751 2378 930 2411 Germanis
953 2378 1243 2422 progredientibus
1268 2378 1315 2411 ibi
1330 2388 1407 2411 sese
1421 2377 1625 2421 adiungunt,
1652 2379 1745 2424 regi-

293 2422 423 2466 busque
439 2422 522 2463 aliis,
544 2422 600 2466 qui
616 2427 652 2455 et
666 2422 731 2466 ipsi
745 2433 811 2455 non
826 2423 972 2456 modicos
988 2434 1100 2457 secum
1112 2424 1281 2457 ducebant
1296 2423 1475 2456 exercitus.
1522 2424 1639 2456 horum
1655 2423 1744 2458 alter

291 2467 504 2501 Tzechorum
520 2466 612 2510 genti
626 2467 861 2512 imperitabat,
884 2479 905 2501 a
921 2468 1077 2502 Conrado
1094 2470 1135 2502 ad
1151 2469 1276 2513 regiam
1293 2473 1430 2502 evectus
1445 2468 1663 2511 dignitatem:
1689 2469 1743 2502 al-

290 2515 346 2545 ter
361 2518 518 2556 praeerat
526 2512 659 2556 Lechis‚
683 2513 868 2557 Scythicae
883 2513 988 2557 genti,
1014 2525 1154 2557 quorum
1169 2514 1262 2558 regio
1279 2513 1448 2557 Hungaris
1464 2514 1741 2548 Occidentalibus

290 2558 494 2591 contermina
515 2562 578 2594 est.
626 2564 804 2603 postquam
824 2559 857 2592 in
874 2570 973 2592 unum
991 2570 1180 2593 convenere
1201 2559 1386 2599 exercitus,
1409 2558 1533 2592 dictum
1548 2559 1632 2592 illud
1647 2559 1740 2603 quod

289 2602 324 2635 in
350 2602 548 2637 Alemannos
572 2603 766 2648 iampridem
788 2604 906 2637 iactari
922 2604 1031 2645 solet,
1055 2605 1161 2648 palam
1178 2611 1258 2638 tunc
1271 2604 1382 2649 coepit
1397 2604 1544 2648 proferri
1557 2629 1567 2644 ,
1589 2605 1739 2648 “pousse

289 2648 464 2682 Aleman”
489 2648 538 2682 sic
559 2649 645 2682 enim
670 2649 713 2683 ad
734 2650 875 2683 verbum
899 2660 936 2684 se
961 2650 1061 2683 habet
1075 2650 1157 2683 illud
1181 2660 1346 2691 scomma,
1370 2649 1460 2693 quod
1475 2649 1564 2682 unde
1576 2650 1739 2693 originem

291 2693 462 2735 habuerit,
489 2694 606 2738 paucis
629 2695 815 2739 expediam.
873 2694 1027 2739 gentibus
1047 2695 1120 2728 istis
1144 2707 1210 2729 non
1237 2695 1353 2728 eadem
1377 2699 1430 2727 est
1444 2694 1622 2728 dimicandi
1637 2696 1737 2729 ratio.

290 2738 453 2773 Germani
466 2739 595 2783 quidem
610 2751 730 2784 equum
747 2740 903 2785 expedite
918 2740 1152 2783 conscendere,
1176 2751 1249 2774 cum
1262 2740 1361 2774 hasta
1374 2739 1505 2773 irruere
1518 2740 1660 2774 maxime
1675 2752 1738 2785 pe-

291 2783 364 2817 riti:
389 2795 503 2818 eorum
519 2785 688 2829 equitatus
702 2786 876 2820 celeritate
891 2789 927 2819 et
943 2796 1040 2819 cursu
1057 2785 1268 2819 Alemannico
1294 2785 1396 2829 longe
1417 2785 1622 2830 praepollet:
1652 2786 1739 2820 Ale-

287 2829 398 2863 manni
413 2834 524 2864 autem
540 2829 688 2875 pedestri
706 2832 780 2865 acie
791 2856 802 2873 ‚
825 2836 863 2865 ut
878 2836 913 2865 et
929 2831 1054 2865 ensium
1071 2842 1130 2864 usu
1153 2835 1324 2876 praestant
1339 2831 1530 2865 Germanis.
1576 2842 1650 2865 cum
1665 2831 1735 2865 ita-

286 2886 354 2919 que
377 2875 554 2920 aliquando
581 2882 699 2911 contra
713 2877 904 2912 Germanos
918 2876 1161 2922 praeliarentur
1175 2876 1369 2921 Alemanni,
1392 2882 1658 2923 veterenturque
1672 2886 1735 2911 eo·-
