1878 3262
132 1842 160 1876 P
188 1845 253 1879 184

285 223 309 268 1
316 223 344 268 8
352 222 382 267 6
918 221 1106 263 NOTAE

279 332 343 367 198
361 329 500 374 regium
517 327 721 362 vestibulum
732 352 742 369 ‚
761 328 979 374 priscumque
993 329 1031 363 in
1052 340 1092 363 eo
1110 328 1232 363 solium
1244 354 1255 371 ‚
1277 330 1318 363 ob
1337 330 1535 376 aspicienda
1548 331 1750 378 probanda-

277 387 342 422 que
367 376 406 408 in
437 374 536 408 Circo
563 375 754 408 certamina
780 379 968 416 structum,
1001 375 1112 410 victor
1131 376 1346 411 lastinianus
1364 379 1522 423 princeps
1547 379 1752 414 eminentius

278 422 476 466 clariusque
504 431 608 465 quam
634 425 738 455 antea
757 423 907 464 suerat,
930 426 965 455 et
990 426 1175 466 utramque
1198 426 1395 456 senatorum
1412 434 1451 459 ex
1470 435 1562 459 more
1588 430 1750 470 spectan-

280 469 368 502 tium
387 468 558 512 porticum
576 467 682 501 solita
703 468 999 512 magnanimitate
1015 468 1285 513 redintegravit.
1333 468 1382 503 sic
1405 473 1516 505 autem
1538 470 1630 506 istud
1645 470 1749 506 lusti-

280 513 372 548 niani
388 513 508 548 solium
523 512 728 547 describitur
742 525 764 547 a
780 513 930 559 Corippo
946 514 969 550 l.
985 515 1008 548 2
1022 513 1066 547 de
1080 514 1229 548 Laudib.
1243 513 1378 549 Iustini:

501 586 606 627 utque
627 582 784 616 salutato
807 582 927 628 tetigit
948 582 1111 616 subsellia
1133 583 1254 628 vulgo,

500 633 666 662 auratum
688 628 857 662 scandens
878 629 1021 670 solium,
1045 629 1223 673 sedemque
1242 634 1442 674 paternam,

500 679 733 709 constructam
755 675 901 719 plumis,
925 675 1145 720 pulchrisque
1165 676 1339 721 tapetibus
1361 677 1486 718 altam,

501 721 637 766 aspexit
659 721 772 755 laetus
791 722 952 766 populos,
977 726 1040 756 etc.

280 788 324 822 ad
339 787 423 822 illud
441 788 554 823 aditus
570 790 709 835 patebat
723 800 786 835 per
801 794 945 834 portam,
963 801 1061 834 quam
1078 790 1270 825 Chronicon
1286 789 1468 825 Alexandr.
1488 800 1523 835 p.
1535 788 1603 824 784
1618 785 1750 823 Μονό·
1801 807 1805 809 -

278 846 420 879 πορτον
436 839 548 870 vocat.
598 835 676 870 vide
690 835 907 869 Lambecium
925 836 968 869 ad
985 835 1150 871 Codinum
1167 849 1201 882 p.
1219 837 1295 882 147.

368 915 414 950 30
437 915 602 958 ecclesia]
626 915 729 955 Quae
744 915 808 949 ista
825 916 946 958 suerit,
973 916 1063 949 haud
1078 919 1224 951 constat.
1262 920 1333 950 tres
1346 926 1449 961 porro
1467 910 1506 950 S.
1523 914 1673 960 Sophiae
1688 914 1752 948 ad-

275 960 408 994 iunctas
435 962 538 995 aedes
561 972 675 995 sacras
701 966 884 995 memorant
909 962 1116 1006 scriptores,
1148 962 1309 1007 deiparae
1335 974 1356 996 a
1380 961 1507 995 Verina
1521 964 1674 1005 Augusta
1690 972 1751 994 ex-

274 1010 445 1049 structae,
461 1007 639 1041 Theodori
656 1018 677 1040 a
694 1008 878 1052 Sphoratio
892 1034 901 1049 ,
919 1013 954 1042 et
974 1009 1104 1050 lrenes,
1121 1008 1164 1042 de
1181 1020 1249 1053 qua
1264 1019 1325 1042 nos
1340 1009 1443 1043 infra.
1481 1019 1515 1041 v.
1531 1006 1752 1041 lastinianum

274 1052 369 1086 Nov.
384 1053 406 1087 3
423 1064 452 1086 c.
471 1053 505 1087 3.
552 1064 654 1097 porro
671 1053 835 1099 Sophiani
860 1054 978 1098 templi
993 1054 1094 1087 muris
1111 1055 1297 1098 proximum
1311 1055 1418 1089 fuisse
1431 1053 1482 1089 ait
1495 1052 1751 1099 hippodromum

275 1098 491 1132 Beniaminus
506 1098 709 1132 Tudelensis
721 1124 732 1141 ‚
762 1105 800 1133 ut
815 1103 850 1133 et
864 1100 969 1134 ceteri
987 1100 1171 1145 scriptores
1186 1100 1378 1146 Byzantini.

367 1177 412 1212 31
437 1189 588 1212 summus
609 1178 774 1223 balneus]
798 1179 1012 1226 Zeuxippus,
1043 1179 1199 1213 balneum
1224 1179 1413 1225 publicum,
1445 1178 1535 1223 quod
1558 1177 1752 1212 adiunctum

276 1223 500 1268 hippodromo
526 1225 632 1258 fuisse
656 1225 773 1259 scribit
799 1226 921 1260 Suidas
944 1226 978 1260 in
1002 1226 1161 1268 Severo;
1190 1225 1336 1271 palatio,
1367 1225 1578 1260 sozomenus
1593 1224 1617 1259 l.
1633 1224 1656 1260 3
1671 1235 1703 1259 c.
1718 1224 1753 1259 8.

277 1270 322 1304 de
336 1269 517 1315 Zeuxippo
534 1271 658 1316 passim
675 1271 872 1317 scriptores

329 1350 596 1431 4932A211g3213a]
621 1350 679 1384 Ex
693 1340 812 1385 Italico
828 1351 994 1397 Aguglia
1005 1376 1016 1393 ,
1045 1349 1228 1385 Obeliscus
1244 1350 1315 1385 cp,
1332 1349 1375 1384 de
1389 1360 1456 1395 quo
1473 1349 1549 1384 fuse
1564 1348 1693 1393 egimus
1708 1348 1752 1383 ad

280 1408 314 1442 p.
459 1407 535 1430 ema
563 1422 571 1431 .

372 1476 418 1511 33
443 1480 512 1510 tres
529 1488 650 1511 aeneos
667 1477 860 1523 serpentes]
882 1476 974 1511 Vide
1000 1476 1193 1511 Theuetum
1217 1477 1292 1511 loco
1317 1476 1441 1518 citato,
1472 1478 1509 1509 et
1522 1473 1754 1519 Busbequium

278 1521 313 1554 in
327 1520 407 1557 ltin.
424 1521 497 1555 GP.
515 1533 551 1567 p.
568 1524 611 1557 41
630 1523 710 1558 edit.
725 1523 870 1558 Plautin.

371 1601 418 1636 34
441 1601 560 1636 diebus
579 1604 812 1649 instantium]
835 1604 858 1637 i.
874 1603 908 1636 in
923 1603 1045 1648 quibus
1059 1603 1188 1637 fiebant
1202 1603 1379 1646 equestres
1394 1599 1477 1635 ludi.

371 1682 415 1717 35
441 1694 481 1716 ex
499 1682 619 1716 multis
643 1682 820 1727 lapidibus
842 1683 1001 1727 Agulia]
1025 1682 1187 1715 Colossus
1211 1680 1374 1715 structilis
1399 1679 1548 1713 obelisco
1572 1679 1750 1721 excelsior,

272 1728 444 1811 lipssmcedis}
446 1728 694 1808 hippodromo,
719 1741 762 1763 ex
776 1728 943 1774 lapidibus
959 1728 1133 1773 quadratis
1147 1729 1259 1762 factus
1269 1753 1279 1769 ‚
1305 1726 1363 1771 qui
1378 1725 1582 1760 describitur
1597 1737 1619 1760 a
1629 1725 1750 1771 Gyllio

369 1843 415 1877 36
439 1847 589 1887 quatuor
604 1843 750 1877 humiles
766 1842 967 1885 columnae]
990 1842 1103 1875 Locus
1118 1840 1218 1884 inde,
1241 1839 1300 1874 ubi
1314 1839 1394 1874 illae
1409 1845 1519 1884 erant,
1541 1839 1751 1884 Τετρακίων

275 1888 386 1922 dictus
403 1889 608 1934 Theophani
623 1891 665 1924 A.
681 1889 701 1923 5
721 1889 875 1930 Phocae,
903 1888 985 1922 Chr.
1004 1889 1082 1923 607.
1123 1888 1282 1930 Quatuor
1299 1888 1496 1930 columnae,
1518 1886 1699 1921 Anastasio
1715 1885 1750 1919 in

277 1935 368 1969 Hist.
385 1935 483 1968 Eccl.
500 1947 534 1980 p.
553 1936 597 1970 87
615 1939 648 1969 et
662 1935 817 1969 Diacono
833 1934 856 1969 l.
875 1935 917 1969 17
933 1934 1023 1968 Hist.
1041 1934 1138 1970 Misc.
1155 1945 1188 1979 p.
1207 1932 1286 1967 527.

368 2003 414 2038 37
441 2003 671 2047 Theodosius]
697 2003 801 2047 Atqui
826 2006 946 2036 neuter
963 2001 1177 2036 Theodosius
1194 2001 1229 2034 in
1243 1999 1466 2046 hippodromo
1485 2000 1665 2046 quidquam
1685 2010 1749 2035 ex—

276 2049 442 2084 struxisse
458 2054 519 2083 aut
534 2049 722 2083 confecisse
740 2049 885 2093 legitur,
913 2049 943 2083 si
958 2049 1046 2083 bene
1061 2047 1208 2083 memini.

368 2118 412 2152 38
437 2119 596 2151 columna
614 2118 824 2163 Iustiniani]
853 2118 955 2159 Quae
971 2117 1103 2151 exstitit
1119 2116 1154 2150 in
1172 2115 1381 2160 Augustaeo.

370 2185 416 2220 39
440 2186 590 2220 secunda
607 2187 742 2230 crucis]
767 2188 820 2220 An
845 2197 886 2220 ea
910 2196 998 2231 quae
1022 2184 1155 2219 exstitit
1175 2184 1272 2218 iuxta
1298 2184 1416 2226 aedem
1430 2184 1695 2227 mmmm-um,
1724 2193 1747 2217 a

278 2231 395 2265 Phoca
421 2234 459 2265 Α.
477 2233 498 2266 7
527 2237 659 2273 erecta,
691 2232 745 2265 cui
774 2232 953 2266 Heraclius
977 2232 1057 2277 imp.
1074 2242 1207 2265 crucem
1222 2231 1408 2276 imposuit?
1439 2231 1615 2264 columnae
1636 2229 1746 2263 crucis

278 2277 428 2311 meminit
442 2277 556 2311 Ducas
575 2289 603 2311 c.
618 2278 662 2312 39
680 2290 713 2322 p.
733 2279 799 2312 162
817 2279 892 2313 163.
940 2278 1040 2311 hodie
1062 2279 1221 2311 columna
1239 2282 1392 2311 cremata
1415 2275 1623 2355 appellatur,
1653 2275 1746 2319 quod

278 2322 443 2356 incendiis
470 2328 546 2357 tota
571 2323 763 2357 deformata
785 2324 849 2365 sit,
883 2324 992 2368 inquit
1006 2323 1193 2358 Bulialdus.
1239 2323 1389 2357 eodinus
1402 2323 1436 2357 in
1487 2321 1548 2365 rig.
1565 2320 1632 2365 Cp.
1649 2332 1684 2366 p.
1701 2322 1745 2356 25

281 2370 326 2404 27
350 2369 396 2403 36
424 2368 555 2413 aliquot
574 2370 744 2403 columnas
769 2376 962 2413 enumerat,
988 2370 1108 2415 quibus
1123 2381 1240 2404 cruces
1255 2367 1537 2415 superimpositae
1552 2371 1660 2401 erant.
1708 2378 1743 2401 v.

281 2420 354 2451 not.
368 2414 410 2448 ad
426 2426 460 2460 p.
476 2415 520 2450 52
534 2415 689 2450 Alexiad.

372 2481 418 2517 40
441 2484 519 2528 equi
534 2489 683 2529 quatuor
699 2484 798 2518 aenei
815 2483 955 2527 aurati]
982 2483 1119 2528 Gyllius
1143 2483 1166 2518 l.
1189 2484 1211 2518 2
1237 2494 1268 2517 c.
1286 2483 1348 2518 13:
1371 2485 1555 2526 antequam
1583 2480 1683 2515 Galli
1706 2485 1742 2516 et

285 2529 404 2562 Veneti
430 2532 595 2574 cepissent
622 2531 774 2575 Cpolim,
798 2531 977 2564 exstabant
1003 2530 1041 2563 in
1067 2530 1287 2574 hippodromo
1304 2540 1379 2562 cum
1396 2528 1463 2561 alii
1477 2528 1644 2572 permulti
1663 2526 1743 2572 equi

281 2575 415 2618 lapidei
442 2581 475 2609 et
502 2577 613 2618 aerei,
637 2581 710 2611 tum
736 2582 887 2621 quatuor
910 2577 1068 2610 inaurati
1083 2577 1176 2610 mira
1194 2580 1272 2610 arte
1293 2573 1482 2616 elaborati,
1507 2574 1626 2618 quales
1640 2573 1744 2622 hodie

278 2625 420 2700 exsgzntl
428 2633 540 2675 ‘snpra
555 2623 760 2657 vestibulum
773 2623 869 2657 aedis
885 2623 1090 2657 Marcianae
1111 2623 1307 2663 Veneticae,
1331 2631 1412 2665 quos
1428 2620 1624 2665 deportatos
1642 2619 1742 2653 aiunl

277 2678 318 2701 ex
363 2678 406 2710 po
422 2679 446 2700 ι.

369 2733 412 2768 41
437 2735 632 2782 tertiaque]
665 2738 752 2772 Vide
775 2738 840 2773 iter
861 2737 932 2771 ΟΡ.
949 2736 1088 2781 Augerii
1103 2734 1286 2780 Busbequii
1301 2746 1334 2780 p.
1350 2734 1394 2770 41
1412 2734 1494 2771 edit.
1509 2732 1676 2776 Plautini,
1707 2734 1743 2767 et

279 2783 377 2815 notas
393 2779 435 2815 ad
452 2780 618 2817 villhard.
637 2784 711 2818 163.
