1878 3262
646 180 1040 227 fflSTORIARUM
1070 184 1118 226 L.
1152 178 1226 228 m.
1572 184 1665 230 133

204 295 320 345 ἄλλοι
359 298 469 352 φυγῇ
504 294 658 339 ἐκεῖθεν
694 295 912 352 ἐσώζοντο,
957 299 1000 341 ἐν
1032 296 1094 350 οἷς
1125 301 1193 341 καὶ
1212 299 1427 349 Βασίλειος
1446 297 1664 358 ὃστρατη-

202 363 273 421 γός
299 357 364 418 ἦν.
431 368 562 407 ταῦτα
587 369 646 423 τῷ
669 370 837 420 βασιλεῖ’
856 367 1125 423 ἀγγελθέντα,
1168 368 1270 425 πρὸς
1298 369 1342 411 δὲ
1367 369 1435 410 καὶ
1455 366 1516 411 ὅτι
1536 371 1662 426 Βελί-

200 433 336 490 γραὸα
356 429 473 475 πόλιν
494 431 705 488 Ῥωμαίων
725 435 902 493 ἀφιστᾶν
933 434 973 477 οἳ
997 434 1176 478 κάτοικοι
1201 439 1476 490 διανοοῦνται,
1512 438 1663 492 πολλὴν

201 502 435 557 ἐνεποίησαν
462 501 658 557 ἀθυμίαν.
727 506 795 546 καὶ
824 503 876 559 δὴ
901 502 1089 559 Ἰωάννην
1116 506 1189 558 μὲν
1212 506 1283 549 τὸν
1312 505 1661 561 Καντακουζηνόν,

165 577 188 614 6
199 571 245 614 τὸ
275 571 350 625 μὲν
373 571 610 627 στηρίξοντα
627 571 699 627 τὴν
726 571 842 614 πόλιν
859 571 1013 614 ἔστελλε
1029 576 1236 628 λογισμοῖς
1256 574 1506 624 ἀποστασιάς
1524 572 1662 617 καθά-

197 657 272 697 περ
308 639 410 697 ἔφην
433 639 513 696 ἤδη
546 642 836 695 σαλευομένην,
872 640 917 683 τὸ
951 642 995 683 δὲ
1019 643 1086 683 καὶ
1112 647 1227 699 ταφῇ
1242 643 1336 692 τοὺς
1349 642 1560 698 Ῥωμαίων
1580 642 1662 686 δώ-

197 726 322 752 σοντα
353 709 516 766 νεκροὺς
549 708 896 764 ἀνακαλεσόμενόν
922 727 964 752 τε
991 710 1086 760 τοὺς
1113 710 1156 752 ἐκ
1185 715 1340 767 φυγῆς,
1383 710 1483 754 ὅπου
1515 710 1663 767 δήποτε

195 782 270 834 γῆς
297 781 370 832 τῆς
399 779 484 819 ἐκεῖ
507 776 773 835 κρυπτόμενοι
804 773 923 834 ἦσαν.
992 776 1013 820 ὅ
1042 780 1086 822 δὲ
1111 781 1326 834 θυμαίνων
1352 777 1454 835 ἄγαν
1487 781 1549 822 ἐπὶ
1577 787 1664 832 τοῖς

195 850 468 900 συμπεσοῦσιν
484 845 687 904 ἐσφάδαξε
704 848 778 902 μὲν
796 850 862 889 καὶ
877 847 1024 903 ἤθελεν
1042 847 1170 890 ὀπίσω
1193 847 1358 890 Οὕννων
1376 849 1532 900 διῶξαι,
1561 847 1663 892 Ῥω-

139 922 185 959 10
194 916 328 971 μαίων
354 916 397 957 δὲ
416 915 490 957 οὗκ
509 915 776 958 ἐπαινούντων
797 915 823 930 “
838 916 932 958 cm?
953 915 1122 972 αἲσχύνη
1145 917 1246 971 μοι”
1268 916 1396 972 ἔλεγεν
1416 914 1439 931 “
1453 911 1486 959 ὦ
1507 915 1663 974 ἄνδρες,

194 984 272 1042 πρὸ
291 982 536 1041 τραυμάτων
559 984 746 1038 οἴχεσθαι
765 982 867 1042 ὑπὲρ
894 990 967 1041 τῆς
977 984 1188 1040 Ῥωμαίων
1207 983 1493 1042 ἀγωνιζόμενον
1515 986 1660 1041 εὖκλη-
1683 1003 1714 1036 c

195 1053 328 1110 ρίας.”
401 1054 483 1096 ἐπεὶ
503 1053 547 1095 δὲ
566 1051 706 1111 πόρρω
725 1054 924 1110 γεγονέναι
943 1054 988 1097 τὸ
1016 1055 1210 1101 Οὖννικὸν
1234 1054 1380 1110 ἤκουσε
1391 1086 1405 1106 ,
1440 1059 1515 1111 τῆς
1533 1053 1664 1112 ὁρμῆς

194 1119 381 1176 ἀνεκόπη.
439 1121 521 1176 ’ἤδη
541 1123 585 1164 δὲ
602 1124 670 1164 καὶ
691 1121 712 1164 ὃ
730 1123 1065 1179 Καντακουζηνὸς
1085 1124 1137 1166 τὰ
1157 1123 1227 1182 ἐφ’
1248 1121 1309 1173 οἷς
1333 1123 1501 1166 ἔσταλτο
1520 1124 1665 1181 πέρατι

194 1190 292 1240 δοὺς
312 1191 482 1246 ἐπανῆκε
500 1189 712 1246 δεσμώτας
726 1191 827 1246 ἔχων
845 1195 912 1235 καὶ
934 1193 1030 1243 τοὺς
1050 1190 1105 1243 ὥς
1123 1193 1276 1250 εἴρηται
1295 1192 1548 1235 ἀποστασίαν
1565 1192 1665 1235 ὠδί-

140 1265 184 1302 15
193 1275 336 1309 νοντας
358 1262 678 1317 Βελεγραδιτῶν.
733 1260 822 1303 τότε
840 1262 915 1315 μὲν
934 1255 1006 1304 οὗν
1029 1263 1181 1304 ἐκεῖθεν
1202 1260 1422 1314 ἀναζεύξας
1441 1261 1569 1318 ἀγχοῦ
1591 1265 1665 1316 τῆς

190 1329 445 1386 Βερροιαίων
466 1330 717 1386 ὃιεχειμὲριζε
735 1328 902 1380 πόλεως.
971 1330 1091 1387 ἔαρος
1109 1331 1152 1373 δὲ
1171 1331 1245 1381 τὰς
1264 1329 1454 1384 δυνάμεις
1477 1328 1662 1373 ἅπαντα·
1685 1343 1719 1377 V
1742 1342 1788 1378 60

187 1395 317 1452 χόθεν
347 1398 510 1455 ἀγείρας
539 1399 602 1439 ἐπὶ
629 1398 704 1453 τὴν
734 1399 932 1454 Οὐννικὴν
965 1393 1089 1450 αὖθις
1118 1398 1284 1456 ἐχώρει,
1334 1397 1464 1456 ὁρμὴν
1494 1398 1597 1453 ἔχων
1623 1399 1666 1449 ἐς

193 1465 300 1508 αὐτά
333 1483 411 1508 που
443 1467 495 1509 τὰ
524 1471 597 1522 τῆς
623 1465 767 1524 χώρας
797 1470 989 1523 διαβῆναι
1017 1469 1137 1523 μέσα.
1207 1466 1228 1510 ὃ
1252 1469 1327 1522 μὲν
1356 1462 1427 1510 οὖν
1457 1466 1548 1524 ἄρτι
1563 1467 1665 1524 πρὸς

190 1534 451 1593 ταῒςἼστρου
473 1538 697 1593 πανστρατὶ
716 1535 984 1591 αὐλισάμενος
998 1536 1132 1591 ἒζιιενεν
1149 1535 1319 1590 ὄχθαις,
1355 1538 1423 1578 καὶ
1448 1536 1491 1578 αἶ
1506 1540 1599 1590 νῆες
1615 1537 1665 1585 ,ἐκ

133 1606 415 1656 ΞΟΒυζαντίου
448 1605 692 1659 ἀναχθεῖσαι
723 1604 942 1660 ἑστήκεσαν
963 1603 1118 1662 ἀθρόαι
1148 1606 1379 1660 ἀναβαίνειν
1405 1605 1599 1659 με’νουσαι
1618 1604 1666 1646 τὸ

189 1671 407 1715 ὁπλιτικόν.
463 1671 484 1715 ὃ
507 1675 550 1715 δὲ
570 1672 763 1716 Παιόνων
789 1674 864 1732 ῥὴξ
886 1672 1096 1732 ἐπειδήπερ
1116 1675 1158 1716 ἐν
1177 1677 1303 1732 στενῷ
1321 1675 1470 1727 κομιδῆ
1486 1673 1539 1715 τὰ
1559 1671 1656 1715 κατ’
1682 1683 1716 1718 D

192 1741 316 1783 αὐτὸν
345 1740 467 1797 ἔγνω,
502 1743 566 1783 ἐπὶ
596 1743 669 1797 τὴν
696 1744 913 1800 πρεσβείαν
942 1743 1082 1786 λοιπὸν
1100 1742 1284 1798 ἔβλεψεν.
1355 1742 1510 1798 ἄνδρας
1530 1741 1665 1783 τοίνυν

190 1813 272 1852 τῶν
290 1810 393 1866 παρ’
426 1810 539 1869 αὐτῷ
560 1809 767 1866 ἐπισήμων
794 1813 835 1862 ἐς
858 1812 1032 1867 βασιλέα
1057 1812 1249 1867 πέμψας,
1284 1809 1380 1861 τούς
1401 1828 1442 1852 τε
1466 1808 1666 1866 δορυκτή-

282 1920 317 1954 2.
341 1914 423 1961 ὅτι]
451 1919 508 1952 Ita
528 1919 662 1962 Heyse.
687 1919 775 1952 cod.
795 1915 830 1953 ὁ.
979 1918 1014 1954 5.
1041 1918 1280 1963 στηρίξονεοι]
1318 1917 1406 1951 cod.
1432 1915 1663 1961 στηρίζοντα.

282 1965 318 1998 9.
338 1961 545 2008 ἐσφάδαξε]
569 1964 656 1998 Duc.
681 1962 880 2006 ἐσφάδαζε.
1020 1966 1076 2000 11.
1106 1961 1391 2009 ἀγωνιζόμενον]
1415 1962 1506 1997 eod.
1530 1960 1662 2007 ἀγωνι-

285 2008 461 2054 ζομένων.
491 2010 643 2044 correxit
658 2010 803 2044 Tollius.

190 2103 264 2147 ipse
279 2101 437 2136 Basilius.
484 2101 569 2135 haec
583 2100 778 2147 imperatori
793 2101 959 2144 nuntiata,
985 2112 1059 2135 cum
1075 2100 1176 2135 etiam
1185 2100 1486 2145 Belegradensesa
1501 2099 1664 2134 Romanis

193 2149 345 2182 deficere
360 2148 449 2182 velle
466 2147 603 2181 allatum
620 2153 724 2191 esset,
747 2148 849 2181 vaide
866 2148 938 2180 eius
955 2148 1098 2180 animum
1114 2151 1386 2182 consternarunt.
1422 2146 1587 2180 Ioannem
1597 2146 1665 2190 igi-

191 2199 249 2228 tur
273 2194 545 2228 Cantacuzenum
571 2193 692 2235 mittit,
722 2198 792 2226 tum
815 2198 852 2227 ut
876 2194 993 2227 urbem
1017 2194 1051 2226 in
1068 2192 1288 2235 defectionis,
1316 2195 1356 2226 ut
1373 2192 1464 2235 dixi,
1486 2192 1664 2238 proposito

192 2239 414 2274 fluctuantem
430 2240 592 2281 firmaret,
609 2244 679 2273 tum
695 2243 732 2273 ut
746 2239 846 2272 humo
861 2239 1037 2273 mandaret
1051 2239 1279 2272 Romanorum
1294 2238 1463 2272 cadavera
1478 2243 1514 2272 et
1529 2238 1665 2283 fugien-

193 2291 248 2320 tes
265 2297 475 2331 quocumque
491 2286 636 2319 laterent
665 2286 740 2319 loco
756 2289 947 2319 revocaret.
997 2297 1038 2318 eo
1056 2296 1138 2319 casu
1156 2284 1298 2318 maxime
1312 2284 1465 2318 irritatus
1481 2284 1667 2328 Hungaros

192 2344 216 2366 a
242 2336 340 2376 tergo
367 2332 498 2377 insequi
520 2343 659 2377 prorsus
682 2331 871 2375 gestiebat:
900 2342 1110 2376 nequaquam
1134 2342 1218 2364 vero
1242 2330 1274 2363 id
1298 2330 1429 2365 consilii
1469 2329 1666 2364 robantibus

193 2377 359 2412 Romanis
384 2380 454 2412 “at
480 2377 610 2423 plane’'
635 2377 744 2422 inquit
766 2379 789 2396 “
799 2377 884 2419 viri,
915 2377 995 2410 mihi
1017 2377 1152 2411 videtur
1174 2375 1371 2421 inglorium,
1403 2387 1448 2409 nu
1475 2387 1494 2409 o
1521 2380 1665 2420 accepto

193 2423 335 2457 vuinere
351 2423 527 2458 discedere
539 2447 550 2466 ‚
582 2424 660 2457 dum
677 2435 738 2469 pro
756 2424 891 2457 fortuna
913 2423 1051 2457 decerto
1068 2422 1334 2458 Romanorum.“
1379 2421 1438 2455 ubi
1461 2427 1572 2455 autem
1588 2421 1665 2454 lon-

194 2469 271 2512 gius
287 2469 354 2502 iam
380 2481 583 2514 progressos
600 2470 783 2513 Hungaros
799 2469 931 2514 accepit
942 2497 953 2513 ,
984 2469 1143 2515 impetum
1159 2468 1297 2502 remisit.
1343 2467 1477 2501 interea
1494 2467 1666 2500 cantacu-

194 2525 300 2548 zenus
319 2515 485 2549 confectis
499 2540 510 2557 ‚
543 2517 587 2549 ob
615 2526 699 2559 quas
723 2515 842 2549 missus
865 2520 940 2549 erat
953 2539 964 2557 ‚
999 2516 1104 2549 rebus
1131 2515 1234 2548 rediit
1247 2513 1450 2557 vinctosque
1466 2512 1606 2546 adduxit
1621 2523 1666 2546 ex

194 2559 503 2604 Belegradensibus
518 2572 577 2594 eos
589 2561 647 2606 qui
661 2561 885 2595 defectionem
901 2561 1038 2596 fueraut
1053 2560 1171 2594 moliti.
1217 2559 1323 2603 igitur
1336 2559 1436 2593 motis
1451 2558 1530 2592 inde
1544 2558 1666 2592 castris

197 2604 289 2640 haud
307 2607 424 2652 procul
445 2608 619 2641 Berrhoea
644 2607 785 2640 civitate
803 2607 974 2641 hiemavit.
1020 2607 1127 2651 primo
1147 2608 1258 2640 autem
1273 2616 1355 2638 vere
1372 2608 1548 2638 contracto
1565 2604 1666 2637 undi-

200 2661 268 2694 que
283 2653 436 2686 exercitu
458 2653 579 2687 iterum
605 2652 640 2686 in
660 2652 868 2696 Hungariam
885 2654 1058 2696 profectus
1073 2658 1126 2685 est
1136 2677 1147 2693 ‚
1179 2662 1246 2696 quo
1261 2650 1297 2685 in
1312 2650 1440 2684 medios
1456 2660 1563 2695 usque
1578 2650 1665 2683 fines

196 2700 407 2739 penetraret.
453 2698 587 2744 iamque
611 2698 730 2744 positis
752 2698 797 2732 ad
821 2699 901 2732 Istri
919 2698 1025 2742 ripam
1049 2698 1167 2732 castris
1192 2708 1266 2730 cum
1289 2696 1449 2730 universo
1465 2695 1667 2730 considebat

198 2742 370 2777 exercitu:
402 2743 612 2790 aderantque
635 2744 799 2790 plurimae
821 2755 908 2789 quae
938 2743 1109 2788 Byzantio
1134 2747 1303 2776 venerant
1328 2752 1435 2776 naves
1449 2768 1460 2784 ‚
1493 2746 1533 2775 ut
1547 2741 1664 2786 copias

197 2788 451 2839 transmitteret.
499 2794 536 2824 at
557 2791 616 2824 ubi
638 2790 788 2835 undique
809 2801 848 2824 se
870 2790 1035 2834 angustiis
1059 2789 1164 2835 premi
1184 2788 1271 2823 vidit
1296 2787 1492 2825 Pannoniae
1514 2798 1596 2826 rex,
1620 2785 1665 2819 de

197 2833 368 2868 mittendis
382 2835 518 2871 tandem
538 2836 662 2882 legatis
689 2836 867 2882 cogitavit.
914 2836 1024 2871 missis
1049 2835 1156 2882 igitur
1181 2834 1227 2870 ad
1241 2834 1476 2881 imperatorem
1493 2832 1576 2867 viris
1586 2831 1665 2866 illu-
