1878 3262
669 222 1064 278 Hrsmfflmnu
1097 223 1146 266 L.
1165 223 1245 266 lv.
1591 224 1686 271 173

221 338 317 395 ὖμῖν
353 332 500 393 ἦλθεν,
546 335 602 388 ὦς
633 337 706 393 τὴν
735 337 798 380 ε’πὶ
823 337 876 381 τὰ
903 335 1043 395 πρόσω
1066 336 1183 394 ἧμῶν
1219 337 1527 389 ἀναστελοῦντες
1557 337 1688 398 ὁρμὴν

220 411 350 451 ταῦτα
377 405 651 461 ε’πινενοήκασι
682 407 866 460 Σικελοι’,·
906 408 968 456 τίς
996 407 1074 464 γὰρ
1107 409 1253 459 ἐκεῖνος
1280 407 1393 451 ἔσται
1418 408 1603 462 Ἰταλῶν,
1642 408 1689 460 ὃς

219 477 294 532 τὴν
325 473 469 533 χώραν
503 471 654 528 αὖθις,
692 475 743 531 ἢν
772 475 852 530 ἤδη
887 473 1003 530 ἡμεῖς
1034 475 1208 530 ἔχοντες,
1238 477 1440 535 Γιλιὲλμῳ
1465 475 1544 534 ὑφ’
1571 476 1688 533 ἧμῶν

220 545 544 600 ἓνδοθησομένην
583 543 764 596 ἀκούων,
800 544 873 586 οὐκ
905 544 1051 586 αὐτίκα
1078 546 1152 598 μὲν
1178 544 1275 600 ἡμῖν
1306 544 1538 602 ἀπιστήσει,
1576 547 1618 597 ἐς
1646 547 1692 590 δὲ

184 625 208 660 5
221 616 262 656 Γ
259 616 434 668 ιλιέλμον
452 612 608 668 ὀκνήσει
630 613 799 672 οὐδεμιᾷ
812 611 1115 667 μεταθήσεταις
1150 614 1223 655 οὐκ
1239 614 1350 657 ἔσται
1368 613 1529 666 πάντως
1543 615 1687 668 οὐδείς,
1710 624 1741 659 C

219 685 255 727 εἶ
282 682 340 738 μή
366 700 426 732 τις
450 683 558 738 βλὰξ
586 682 646 738 εἴη
675 684 742 724 καὶ
773 680 942 737 ἀνόητος
961 681 1200 739 ἅνθρωπος,
1233 681 1361 725 ὁποῖοι
1377 686 1519 726 πολλοὶ
1538 683 1691 740 τυγχά-

217 769 354 795 νουσιν
392 751 513 802 ὄντες.
582 749 843 805 πυνθάνομαι
877 749 1016 805 ὑμῶν,
1057 751 1191 793 εἴπατε
1226 751 1329 808 πρὸς
1364 756 1487 804 θεοῦ,
1525 752 1690 796 κάλλιον

215 820 311 863 πότε
329 819 438 875 ὖμᾶς
457 820 506 862 ἂν
526 817 603 862 εἶδε
622 820 674 862 τὰ
698 819 873 877 πάτρως
910 818 1029 862 ὁπότε
1042 820 1218 870 Ἰταλίας
1245 819 1323 875 ἤδη
1348 818 1509 875 ἀπάσης
1526 824 1594 863 καὶ
1614 820 1691 877 νή-

215 907 288 932 σου
308 894 388 932 τῶν
405 892 583 931 Σικελῶν
598 887 678 946 ὑφ’
698 888 808 944 ἡμᾶς
826 890 1113 945 γεγενημένων,
1145 891 1326 946 λαμπροὶ
1350 893 1548 945 λαμπρῶς
1565 890 1690 932 αὐτό-

159 967 204 1002 10
214 963 290 1001 θεν
308 957 387 1000 ὑπὸ
408 963 489 1000 τῶν
508 956 727 1015 ὁμοφύλων
754 958 1076 1015 ἀναρρωσθέντες
1100 957 1501 1013 ἀθληταὶῬωμαίων
1521 958 1688 1014 εὐγενεῖς

212 1029 275 1069 ἐπὶ
296 1026 519 1079 Βυζάντιον
536 1026 648 1081 ἣκετε
659 1059 673 1078 ,
707 1024 786 1081 ἡδὺ
804 1028 946 1081 θέαμα
964 1033 1049 1077 τοῖς
1067 1024 1276 1083 ὁμοτίμοις
1301 1025 1398 1082 ὑμῖν
1419 1026 1687 1084 προσορώμε-

209 1113 272 1138 νοι
281 1130 294 1149 ,
330 1095 357 1151 ἢ
374 1094 491 1138 ὁπότε
512 1095 627 1138 οὐδὲν
648 1094 737 1138 οὔτε
758 1089 894 1146 δόντες
913 1095 1004 1138 οὔτε
1022 1095 1237 1149 λαβόντες,
1274 1095 1408 1152 ὥσπερ
1427 1094 1522 1149 ὑμῖν
1541 1097 1593 1139 τὰ
1613 1095 1686 1153 ὅρ-

211 1182 278 1207 κια
302 1163 542 1218 βούλονται,
582 1165 762 1207 ἐνταῦθα
790 1163 901 1219 ὑμᾶς
927 1164 1320 1219 ἀνακαλεσόμεθα,·”
1362 1163 1587 1218 “Ρωμαιόις
1610 1166 1686 1219 μὲν

207 1237 338 1276 ταῦτα
374 1233 550 1290 ἔγραψε,
591 1236 631 1275 Γ
629 1235 791 1291 ιλιέλμῳ
830 1235 874 1276 δὲ
908 1234 1127 1276 ἐπέστειλεν
1164 1228 1255 1276 ὧδε.
1318 1232 1406 1288 “μὴ
1437 1233 1523 1275 οἷὀυ
1549 1232 1686 1289 λήσειν

157 1307 199 1343 15
209 1301 318 1358 ἡμᾶς
331 1335 344 1354 ,
381 1297 414 1345 ὦ
441 1309 613 1358 γενναῖε,
652 1302 746 1345 ὅτου
767 1303 818 1357 δὴ
837 1303 950 1345 ἕνεκα
966 1307 1096 1345 ταῦτα
1122 1300 1403 1358 μεμηχάνηται
1430 1303 1532 1360 παρ’
1554 1301 1684 1357 ὑμῶν,

209 1371 344 1428 ὥσπερ
378 1371 471 1413 οὐδὲ
500 1370 559 1413 ὅτι
588 1378 673 1422 τοῖς
699 1373 773 1431 βίᾳ
803 1370 982 1428 γεγονόσι
1013 1370 1259 1428 συγγνώμων
1286 1370 1313 1427 ἦ
1347 1370 1499 1427 ἀνάγκη
1518 1374 1679 1427 γίνεται.
1701 1379 1735 1414 D

209 1441 355 1482 οὐκοῦν
385 1440 479 1482 mide*
511 1441 662 1497 στέρξει
682 1457 746 1483 σοι
767 1439 950 1492 πάντως,
986 1439 1014 1482 ἃ
1031 1440 1133 1498 πρὸς
1152 1443 1368 1495 δεσμωτῶν
1386 1438 1597 1494 ὀμώμοται
1617 1441 1688 1482 καὶ

207 1507 452 1566 ἐμφρούρων
480 1508 634 1551 τούτων
661 1510 834 1566 ἀνδρῶν.
895 1508 1097 1563 ςΡωμαῖοι
1125 1509 1203 1566 γὰρ
1236 1509 1282 1550 οὗ
1316 1507 1513 1566 πρότερον
1535 1510 1688 1569 Ἰταλία

208 1582 475 1632 πολεμοῦντες
502 1578 743 1635 ἀφέξονται,
775 1579 870 1634 πρὶν
901 1578 951 1620 ἂν
974 1576 1100 1631 αὐτήν
1127 1595 1168 1620 τε
1195 1579 1262 1620 καὶ
1293 1577 1368 1631 τὴν
1396 1582 1521 1631 νῆσον
1550 1582 1688 1620 πᾶσαν

151 1645 284 1688 2οὖπὸ
305 1645 474 1703 παλάμῃ
494 1652 545 1704 τῇ
563 1646 678 1702 ἡμῶν
696 1646 829 1704 ὥσπερ
846 1649 912 1689 καὶ
929 1644 1124 1704 πρότερον
1137 1646 1217 1701 ἤδη
1232 1645 1517 1700 ποιήσωνται.”
1554 1651 1687 1689 ταῦτα

207 1716 246 1756 οἳ
266 1717 352 1771 περὶ
374 1717 413 1755 Γ
412 1717 586 1770 ιλιέλμον
604 1715 812 1770 δεξάμενοι
831 1716 882 1758 τὰ
901 1714 1125 1772 γράμματα
1145 1715 1382 1770 ἀμείβονται
1403 1708 1494 1757 ὧδε.
1527 1713 1595 1757 “εἶ
1612 1716 1687 1769 μὲν

206 1788 287 1826 τιῦν
316 1783 395 1838 ἤδη
425 1782 619 1842 πρότερον
643 1786 685 1835 ἒς
711 1785 758 1827 τὸ
787 1783 936 1842 κράτος
959 1783 1255 1841 ἡμαρτημένων
1281 1784 1327 1826 τὸ
1355 1783 1428 1826 σὸν
1457 1785 1573 1835 δίκας
1588 1782 1686 1839 ἡμῖν

297 1879 333 1914 3.
358 1876 523 1923 ἔχοντες]
546 1877 703 1923 ἔχομεν’.)
737 1876 882 1923 ἔχοντες
905 1877 1165 1923 τυγχάνομενὶ)
1301 1878 1335 1914 4.
1358 1876 1683 1960 ἔνδοθησομὲνηνέ

296 1925 418 2015 (1:223
421 1922 749 2016 ι«εἶιξοθησομένην.
892 1927 947 1960 11.
971 1922 1100 1970 ἥκετε]
1124 1923 1238 1958 Malim
1253 1919 1371 1969 ἥξετε.
1510 1927 1566 1963 17.
1591 1925 1661 1960 ovd

205 2051 360 2085 staurare
385 2048 449 2083 deo
472 2049 611 2084 volente
633 2048 866 2093 satagentibus
889 2048 1066 2082 obsistitis.
1112 2059 1226 2082 nonne
1246 2047 1426 2083 advertitis
1439 2048 1526 2084 haec
1541 2050 1680 2095 excogi-

204 2101 297 2130 tasse
312 2095 467 2139 Siculos,
501 2100 541 2129 ut
554 2099 689 2129 nostros
702 2095 736 2128 in
750 2095 901 2128 futurum
916 2105 1092 2128 successus
1106 2095 1349 2129 retardarent?
1395 2095 1470 2140 quis
1494 2095 1581 2130 enim
1602 2096 1680 2130 Ita-

206 2141 314 2175 lorum
343 2141 428 2183 erit,
461 2141 519 2186 qui
544 2141 603 2174 ubi
625 2140 796 2185 regionem
812 2152 910 2186 quam
926 2141 990 2174 iam
1007 2140 1236 2186 possidemus,
1266 2140 1436 2175 Gulielmo
1451 2152 1474 2175 a
1488 2141 1585 2175 nobis
1599 2153 1679 2175 rur-

204 2199 278 2222 sum
302 2187 502 2221 tradendam
526 2198 600 2221 esse
625 2186 841 2232 perceperit,
871 2198 938 2220 non
965 2187 1124 2220 continuo
1145 2197 1167 2220 a
1187 2186 1286 2220 nobis
1310 2186 1451 2221 deficiat
1465 2192 1502 2221 et
1517 2187 1679 2222 Gulielmi

204 2238 322 2287 partes
335 2233 426 2266 nulla
441 2244 536 2267 mora
551 2232 754 2278 interposita
769 2232 993 2277 amplectatur
1005 2233 1024 2266 *ἰ
1071 2233 1135 2266 erit
1158 2232 1274 2276 utique
1298 2242 1396 2266 nemo
1410 2261 1421 2277 ,
1450 2233 1515 2267 nisi
1535 2234 1678 2268 stolidus

202 2279 260 2313 ille
275 2279 320 2312 sit
334 2283 370 2312 et
384 2279 483 2324 plane
498 2279 635 2313 demens
649 2306 658 2323 ‚
687 2278 871 2312 cuiusmodi
897 2289 972 2312 esse
995 2277 1090 2312 multi
1112 2277 1233 2311 solent.
1278 2289 1367 2323 rogo
1382 2290 1465 2322 vos,
1497 2279 1598 2313 dicite
1612 2290 1678 2325 per

205 2325 322 2368 deum,
347 2325 483 2369 quando
499 2325 635 2359 tandem
649 2335 712 2358 vos
725 2324 900 2358 iucundius
914 2324 1026 2369 patria
1042 2323 1249 2369 conspiciet,
1276 2330 1388 2359 utrum
1415 2336 1489 2358 cum
1516 2325 1678 2359 universa

203 2371 270 2404 iam
286 2370 387 2404 Italia
403 2377 438 2404 et
454 2371 569 2405 Sicilia
583 2371 617 2404 in
634 2375 784 2404 nostram
800 2370 948 2404 redactis
963 2373 1185 2415 potestatem,
1216 2370 1383 2415 praeclari
1409 2371 1582 2416 praeclare
1600 2371 1680 2405 inde

204 2428 226 2450 a
243 2417 474 2450 conterraneis
487 2417 620 2451 liberati
636 2417 784 2450 illustres
799 2416 943 2450 Romani
957 2416 1097 2450 nominis
1112 2415 1287 2458 vindices,
1310 2417 1536 2460 gratissimum
1551 2427 1679 2461 aequa-

203 2461 293 2496 libus
307 2463 432 2496 vestris
446 2463 676 2508 spectaculum
697 2463 880 2496 exhibituri
890 2490 900 2506 ‚
933 2462 1134 2506 Byzantium
1151 2462 1343 2496 veneritis?
1389 2473 1432 2495 an
1453 2474 1536 2496 vero
1552 2462 1582 2496 si
1597 2462 1680 2497 nihil

205 2512 266 2542 aut
282 2508 402 2542 dantes
418 2515 478 2543 aut
491 2509 695 2554 accipientes
708 2536 716 2550 ,
749 2514 789 2542 ut
803 2519 824 2542 a
839 2508 938 2542 vobis
952 2507 1170 2542 iureiurando
1185 2508 1317 2541 sancita
1333 2508 1471 2549 volunt,
1496 2519 1558 2541 vos
1575 2519 1681 2543 revo-

205 2554 391 2588 caverimus
402 2555 420 2588 2
432 2554 454 2570 ‘'
492 2555 577 2589 haec
591 2555 723 2600 quidem
741 2554 875 2600 scripsit
888 2554 1070 2596 Romanis3
1094 2553 1265 2587 Gulielmo
1280 2557 1393 2587 autem
1408 2554 1442 2587 in
1459 2555 1543 2588 baec
1557 2556 1679 2589 verba.

205 2598 284 2633 “ne
306 2600 413 2634 latere
438 2611 500 2634 nos
524 2607 644 2647 putes,
666 2611 686 2633 o
705 2611 874 2644 generose
887 2601 962 2643 vir,
993 2610 1152 2644 quorsum
1167 2599 1255 2634 haec
1268 2610 1290 2632 a
1303 2599 1402 2633 vobis
1415 2604 1612 2644 struantur,
1644 2605 1681 2634 et

205 2647 244 2676 ut
257 2645 298 2678 iis
314 2657 402 2690 quae
417 2657 481 2691 per
493 2647 560 2681 vim
573 2647 662 2680 fiunt
676 2646 850 2691 indulgere
864 2647 976 2680 soleat
991 2645 1188 2679 necessitas.
1230 2644 1372 2691 proinde
1387 2657 1599 2691 nequaquam
1616 2646 1678 2680 tibi

206 2691 386 2733 profutura
414 2696 494 2726 sunt
505 2719 516 2735 ,
545 2705 633 2738 quae
662 2703 683 2726 a
709 2693 850 2738 captivis
864 2692 929 2726 illis
944 2691 1027 2725 viris
1042 2696 1254 2725 sacramento
1273 2691 1410 2725 firmata
1431 2698 1522 2725 sunt.
1569 2703 1680 2736 neque

208 2734 294 2768 enim
310 2736 353 2770 ab
367 2737 566 2772 incessenda
579 2739 680 2773 Italia
695 2739 790 2784 prius
806 2738 973 2772 desistent
987 2737 1154 2781 Romani,
1186 2748 1285 2781 quam
1308 2741 1344 2771 et
1366 2737 1455 2771 illam
1479 2742 1516 2772 et
1539 2737 1679 2771 insulam

207 2779 417 2822 universam,
443 2789 483 2817 ut
497 2785 608 2829 prius,
634 2784 798 2830 potestati
814 2790 951 2818 nostrae
965 2783 1178 2817 subiecerint.
1188 2783 1210 2799 ”
1254 2783 1307 2817 his
1323 2784 1473 2828 acceptis
1488 2783 1612 2822 literis,
1641 2782 1677 2815 in

207 2825 296 2878 lianc
318 2826 426 2861 ferme
447 2831 644 2865 sententiam
659 2830 838 2876 rescripsit
851 2829 1052 2865 Gulielmus.
1097 2829 1159 2862 “si
1174 2829 1233 2863 tibi
1246 2828 1281 2863 in
1301 2829 1411 2863 animo
1428 2833 1502 2871 est,
1534 2827 1676 2862 maxime

207 2874 409 2916 imperator,
440 2884 566 2918 poenas
589 2877 742 2922 irrogare
764 2877 863 2913 nobis
878 2877 923 2912 ob
937 2887 981 2911 ea
995 2886 1085 2922 quae
1099 2874 1264 2910 adversus
1278 2875 1488 2910 maiestatem
1506 2878 1598 2908 tuam
1611 2883 1675 2907 an-
