1878 3262
595 168 1138 242 confflENTAmonuin
1169 198 1219 242 L.
1243 197 1302 242 11.
1610 198 1675 245 83

217 329 299 369 σαρ
330 311 398 365 καὶ
428 309 450 352 ὃ
486 309 717 368 Οὗρσέλιος.
784 308 807 353 ὃ
838 315 936 367 γοῦν
960 310 1130 369 Ἄρτοῦχ
1162 309 1307 366 ἥσθεὶς
1333 314 1386 368 τῇ
1406 311 1495 369 νίκῃ
1512 310 1582 354 τὸν
1603 312 1677 366 μὲν

221 380 442 437 Οὗρσέλιον
475 378 622 437 λύτρον
653 379 792 434 λαβὼν
825 379 995 430 ἀπέδοτο
1027 387 1114 431 τοῖς
1143 381 1291 432 αὐτοῦ,
1325 380 1395 422 τὸν
1428 381 1472 423 δὲ
1500 381 1676 438 καίσαρα

218 447 322 503 ἔχων
351 447 468 505 ἀπῄει
501 447 556 499 ὡς
581 450 643 491 ἐπὶ
665 449 738 504 τὴν
761 447 844 490 ἀνω
868 450 1065 505 Φρυγίαν.
1133 449 1172 491 οἳ
1204 450 1248 491 δὲ
1282 451 1372 506 περὶ
1405 449 1475 491 τὸν
1506 451 1679 503 βασιλέα

217 517 394 572 Μιχαὴλ
421 517 643 572 πυθόμενοι
675 517 728 560 τὰ
757 515 967 572 ξυμβάντα
1002 517 1203 570 πέμπουσι
1233 517 1329 568 τοὺς
1356 518 1676 572 ἒξωνησομένους
1695 526 1726 561 P
1749 526 1794 562 57

183 585 290 632 5τόν
310 587 501 642 καίσαρα.
567 588 636 628 καὶ
653 586 872 628 ἀποδίδωσι
895 589 1037 628 τοῦτον
1059 583 1080 627 ὃ
1101 584 1315 642 βάρβαρος
1337 586 1466 640 συχνὰ
1483 585 1679 643 χρήματα

214 653 367 708 λαβών.
436 653 458 696 ὃ
490 654 534 696 δὲ
563 657 732 710 πλησίον
759 659 833 710 τῆς
857 655 1069 708 βασιλίδος
1091 659 1171 696 τῶν
1196 653 1350 697 πόλεων
1375 653 1584 710 γενόμενος
1609 659 1678 698 καὶ

217 725 355 773 δείσας
372 721 431 778 μή
453 739 492 765 τι
514 725 582 765 καὶ
605 722 723 780 πάθῃ
744 721 977 780 δεινότερον,
1011 721 1262 779 διαπεράσας
1281 723 1382 779 πρὸς
1401 723 1446 765 τὸ
1464 723 1682 780 Τραχονή-

214 808 304 834 σιον
335 791 381 833 τὸ
411 791 630 845 μοναδικὸν
659 792 923 849 ἀμφιέννυται
952 795 1091 846 σχῆμα
1110 791 1183 845 τὴν
1204 790 1333 845 κόμην
1350 791 1678 848 ἀποκειράμενος,

214 862 282 903 καὶ
306 859 443 912 ,οὕτως
470 860 607 903 εἴσεισι
636 860 739 918 πρὸς
757 860 828 903 τὸν
843 861 1017 914 βασιλέα
1036 857 1226 914 Μιχαήλ.
1294 857 1316 901 ὃ
1342 861 1386 901 δὲ
1410 864 1553 903 τοῦτον
1579 861 1678 904 ἰδὼν

162 926 413 987 1οῧπεκρίθη
436 930 704 973 δεινοπαθεΐν.

357 1042 433 1088 19.
501 1044 585 1085 Καὶ
607 1041 658 1085 τὰ
675 1042 749 1096 μὲν
770 1041 875 1084 κατὰ
896 1041 967 1084 τὸν
986 1036 1332 1096 θαυμασιώτατον
1350 1040 1528 1099 καίσαρα
1544 1032 1682 1085 τοιοῦ-

213 1127 284 1154 τον
300 1108 388 1164 ἴσχε
406 1110 452 1153 τὸ
475 1112 606 1163 τέλος,
637 1109 657 1152 ὅ
679 1112 722 1153 δὲ
747 1111 966 1168 Οὖρσέλιος
985 1115 1057 1165 τῆς
1078 1112 1358 1165 αι’χμαλωσιάς
1373 1110 1540 1167 ρυσθεὶς
1563 1110 1682 1168 ἀπῄει

214 1173 339 1229 αὖθις
364 1177 420 1229 ὥς
444 1179 506 1220 ἐπὶ
531 1179 601 1222 τὸν
624 1178 786 1222 Πόντον
820 1181 892 1221 καί
921 1197 1011 1221 τινα
1043 1183 1124 1222 τῶν
1158 1180 1363 1236 φρουρίων
1385 1177 1680 1234 κατελάμβανε,

213 1247 399 1290 κάκεῖθεν
422 1246 554 1290 ἐλύπει
577 1248 649 1298 τὰς
671 1253 744 1290 τοῦ
767 1246 931 1290 Πόντου
950 1246 1085 1298 πόλεις
1097 1245 1314 1301 Ἀμάσειάν
1335 1264 1376 1289 τε
1399 1249 1466 1289 καὶ
1489 1247 1562 1302 τὴν
1584 1248 1677 1290 νέαν
1699 1255 1731 1291 Β

156 1323 202 1360 15
213 1314 487 1372 Καισάρειαν·
519 1315 638 1372 ἐδῄου
664 1317 743 1373 γὰρ
770 1316 845 1367 τὰς
866 1314 1008 1372 χώρας
1033 1318 1099 1358 καὶ
1127 1318 1401 1373 δασμοφορεῖν
1427 1314 1684 1372 κατηνάγκα-

213 1387 289 1437 ζεν.
358 1383 380 1426 ὃ
402 1385 451 1439 δὴ
469 1386 620 1438 μαθὼν
643 1383 663 1426 ὅ
685 1384 877 1438 βασιλεὺς
897 1376 1072 1439 Μιχαὴλ
1093 1384 1162 1427 τὸν
1183 1382 1469 1440 Παλαιολόγον
1490 1383 1682 1442 Νικηφό-

212 1470 286 1510 ρον
304 1452 405 1509 πρός
427 1453 496 1495 τὸν
519 1453 696 1511 ἄρχοντα
707 1454 892 1503 Ἀλανιάς
910 1453 1163 1510 ἔκπέπομφεν
1185 1452 1333 1503 ἄξοντα
1354 1451 1586 1510 στράτευμα
1607 1472 1679 1507 μι-

211 1519 438 1578 σθοφόρον.
506 1520 527 1564 ὃ
570 1523 614 1564 δὲ
654 1521 845 1564 ἀπελθὼν
871 1523 938 1563 καὶ
969 1522 1145 1578 στρατὸν
1169 1522 1321 1563 ἐκεῖθεν
1347 1521 1565 1575 ἀναλαβὼν
1590 1522 1685 1579 περί

211 1607 290 1632 που
324 1590 399 1640 τὰς
428 1587 473 1640 (ἐξ
494 1589 685 1644 χιλιάδας
709 1590 778 1632 τὸν
802 1589 964 1632 Πόντον
987 1591 1300 1647 κατείληφεκαὶ
1331 1589 1406 1641 τὰς
1439 1588 1570 1647 ὁρμὰς
1605 1594 1680 1633 τοῦ
1690 1622 1692 1624 v

156 1667 202 1702 20
217 1654 438 1716 Οὖρσελιόυ
461 1648 727 1702 ’ἀναστέλλειν
757 1659 1011 1716 ἀπεπειρᾶτο.
1079 1663 1161 1701 τῶν
1192 1658 1234 1700 δ’
1258 1658 1438 1700 Ἀλανῶν
1460 1658 1682 1701 ἀπαιτούν-

210 1744 292 1770 των
312 1727 380 1769 τὸν
406 1729 732 1785 συμφωνηθέντα
756 1726 930 1781 μισθόν,
956 1728 1038 1770 ἐπεὶ
1062 1727 1120 1782 μὴ
1145 1724 1245 1781 εἶχεν
1269 1728 1414 1777 ἐκεῖνος
1436 1726 1679 1783 ἠναγκάσθη

211 1799 271 1851 τῷ
307 1796 513 1852 Οὖρσελίῳ
543 1800 787 1854 προσβαλεῖν
819 1796 897 1853 πρὸ
929 1800 1002 1838 τοῦ
1031 1800 1322 1850 παλινοστῆσαι
1356 1796 1452 1845 τούς
1469 1795 1675 1846 Ἀλανούς.
1698 1802 1733 1839 V
1754 1804 1802 1839 40

212 1863 307 1905 ἀλλ’
333 1857 443 1905 οὗτοι
467 1865 654 1907 ἐνέκειντο
676 1865 771 1915 τοὺς
790 1864 970 1919 μισθοὺς
1002 1863 1286 1917 ἀπαιτοῦντες,
1316 1862 1362 1906 ὃν
1384 1864 1434 1919 δὴ
1458 1872 1680 1922 παρασχεῖν

211 2018 293 2053 iium
317 2017 452 2063 quidem
478 2016 626 2052 victoria
650 2017 759 2052 laetus
774 2017 901 2052 Artuch
916 2020 1059 2063 accepto
1075 2016 1188 2063 pretio
1206 2015 1278 2051 suis
1292 2016 1461 2060 reddidit,
1491 2016 1676 2054 Caesarem

210 2075 296 2098 vero
312 2076 423 2098 secum
439 2065 566 2098 hahens
580 2064 615 2097 in
635 2063 841 2109 superiorem
858 2064 1041 2108 Phrygiam
1058 2064 1154 2100 abiit.
1199 2062 1347 2097 Michael
1377 2075 1478 2108 porro
1503 2065 1678 2108 Augustus

212 2110 336 2144 auditis
359 2121 447 2155 quae
474 2110 667 2144 acciderant
691 2109 792 2143 mittit
815 2110 874 2154 qui
898 2110 1080 2144 Caesarem
1100 2108 1318 2143 redimerent.
1365 2109 1492 2143 dimisit
1511 2116 1622 2144 autem
1639 2114 1676 2144 et

213 2167 289 2190 eum
319 2157 503 2197 barbarus,
533 2155 645 2189 multis
674 2155 825 2200 pecuniis
854 2156 1018 2200 acceptis.
1065 2160 1214 2190 ceterum
1243 2155 1374 2189 Caesar
1398 2156 1673 2200 appropinquans

212 2202 507 2247 Constantinopoli
524 2207 560 2236 et
574 2201 723 2243 veritus,
753 2213 796 2235 ne
810 2201 891 2246 quid
904 2201 950 2235 ibi
967 2201 1116 2235 atrocius
1131 2205 1329 2246 pateretur,
1359 2212 1433 2234 cum
1454 2201 1499 2235 ad
1514 2202 1676 2236 Tracho-

211 2247 340 2282 uesium
362 2249 636 2288 transfretasset,
666 2246 881 2281 monasticam
896 2247 952 2281 -ibi
972 2252 1102 2282 vestem
1126 2246 1234 2280 induit
1256 2257 1352 2280 coma
1374 2246 1539 2291 detonsa,
1569 2253 1606 2282 et
1626 2247 1676 2282 sic

207 2293 406 2340 imperatori
420 2293 582 2328 Michaeli
596 2304 634 2327 se
648 2293 738 2327 sistit
747 2317 758 2335 ,
789 2292 848 2338 qui
863 2304 939 2327 eum
952 2293 1071 2328 videns
1084 2292 1255 2327 simulavit
1267 2303 1372 2337 aegre
1385 2294 1490 2327 ferre.

304 2386 359 2420 19.
406 2385 455 2419 Et
476 2395 533 2419 res
555 2384 685 2429 quidem
702 2383 886 2418 admirandi
902 2383 1058 2418 Caesaris
1081 2383 1184 2418 talem
1197 2382 1299 2417 finem
1314 2383 1514 2419 habuerunt.
1562 2382 1672 2417 Urse-

207 2429 272 2464 liua
301 2441 385 2464 vero
416 2430 617 2476 captivitate
644 2430 807 2469 liberatus
831 2441 948 2464 rursus
974 2429 1060 2464 abiit
1086 2429 1184 2474 quasi
1206 2440 1327 2463 versus
1349 2429 1494 2462 Pontum
1519 2431 1555 2462 et
1575 2439 1673 2463 arces

209 2476 372 2521 quasdam
398 2476 600 2522 occupavit,
630 2476 719 2509 unde
744 2476 929 2509 infestabat
942 2475 1045 2509 Ponti
1059 2475 1239 2517 civitates,
1270 2476 1447 2508 Amaseam
1462 2478 1496 2507 et
1511 2474 1672 2509 Neocae-

208 2533 347 2556 saream.
394 2523 553 2556 vastabat
566 2521 652 2556 enim
667 2521 872 2555 circumsitas
886 2521 927 2555 iis
942 2521 1098 2565 regiones
1114 2525 1150 2554 et
1163 2521 1375 2554 suburbanos
1394 2530 1498 2563 agros
1513 2520 1672 2565 vectiga-

210 2565 324 2612 liaque
336 2568 401 2602 sibi
416 2568 563 2614 pendere
579 2568 733 2612 cogebat.
774 2567 866 2612 quod
881 2578 956 2600 cum
971 2566 1190 2610 cognovisset
1202 2566 1386 2611 imperator
1399 2565 1547 2599 Michael
1557 2591 1569 2608 ‚
1599 2567 1670 2601 Pa·-

207 2611 397 2657 laeologun
411 2614 639 2659 Nicephorum
655 2613 699 2647 ad
714 2613 931 2657 imperantem
945 2611 1084 2646 Alaniae
1099 2612 1188 2645 misit
1210 2611 1386 2646 ducturum
1411 2611 1666 2657 stipendiarium

211 2659 413 2701 exercitum,
443 2660 501 2705 qui
524 2671 565 2693 eo
591 2660 763 2705 profectus
788 2657 1051 2702 conscriptisque
1065 2658 1112 2691 ibi
1129 2657 1235 2702 copiis
1258 2657 1396 2692 circiter
1410 2668 1470 2691 sex
1485 2658 1618 2692 millium
1633 2659 1667 2692 in

208 2702 353 2738 Pontum
377 2716 415 2739 sc
437 2706 579 2740 contulit
604 2711 640 2739 et
659 2706 803 2750 impetus
824 2703 951 2738 Urselii
976 2703 1159 2749 reprimere
1177 2704 1376 2738 conabatur.
1420 2714 1538 2737 verum
1553 2704 1670 2738 Alanis

209 2749 403 2794 petentibus
423 2751 620 2795 promissum
641 2751 843 2796 stipendium
868 2761 941 2784 cum
963 2761 1031 2783 non
1048 2749 1190 2784 haberet
1202 2749 1291 2784 unde
1305 2750 1478 2792 solveret,
1509 2761 1668 2783 necessa·-

208 2795 294 2828 rium
309 2795 478 2831 consilium
494 2797 644 2843 suscepit
658 2796 828 2851 pugnandi
843 2807 916 2829 cum
931 2795 1066 2829 Urselio
1079 2819 1091 2835 ,
1121 2795 1315 2841 priusquam
1330 2795 1429 2829 Alani
1455 2795 1547 2840 quod
1561 2796 1668 2829 mina·-

207 2840 331 2876 bantur
350 2841 559 2881 recederent.
602 2849 640 2880 at
661 2843 710 2878 illi
736 2841 968 2878 vehementius
987 2841 1178 2887 instabant,
1208 2847 1248 2877 ut
1269 2841 1336 2878 sibi
1354 2845 1671 2887 repraesentaretur
