1878 3262
716 204 1040 249 PRAEFATIO.
1552 204 1616 252 13

159 326 221 367 ἐπὶ
240 323 285 367 τὸ
305 318 539 380 ἀρχαιότητι
559 318 752 380 διαφέρον
773 319 1102 380 αἲδεσιμώτερον,
1138 318 1194 372 ὥς
1215 338 1330 379 φασι.
1398 322 1468 366 διὰ
1493 327 1613 367 τοῦτο

158 395 226 436 καὶ
246 391 390 442 πάντες
419 390 493 446 τήν
517 409 558 433 τε
578 391 835 445 Κομνηνικὴν
861 391 1143 446 ἀρχαιογονιάν
1163 393 1229 433 καὶ
1247 391 1453 447 Δουκικὴν
1473 392 1613 436 aidani-

157 478 269 516 μενοι
299 462 367 502 καὶ
397 460 442 502 τὸ
472 461 655 502 ἐντεῦθεν
681 461 744 500 ἐπὶ
766 459 838 514 τὴν
859 461 1069 513 βασιλείαν
1086 463 1242 514 μᾶλλον
1265 459 1399 517 ἑτέρου
1421 461 1527 512 τινὸς
1550 464 1613 504 ὀι-

159 528 394 583 καιοῦμενον
406 561 420 580 ,
454 528 525 570 τὸν
546 527 760 582 Κομνηνὸν
779 526 962 582 δηλονότι
976 528 1170 580 Ἀλέξων,
1207 530 1388 583 ἀσμένως
1413 530 1485 571 ὕπ’
1511 532 1612 573 ἐκεί-

112 602 136 639 5
157 616 227 641 νου
244 596 536 652 βασιλεύεσθαι
553 599 717 639 εἵλοντο.
785 598 820 639 εἶ
843 595 920 653 γάρ
952 613 1012 645 τις
1036 595 1237 653 ἀνάρροι·ν
1265 596 1399 655 ὥσπερ
1426 599 1608 656 ἀναδρα-
1630 599 1664 635 l)

157 674 245 722 μεΐν
271 665 481 720 βούλοιτο,
523 664 680 722 εὗρήσει
711 665 757 708 τὸ
784 668 865 708 τῶν
885 666 1057 706 Δουκῶν
1083 666 1193 720 γένος
1220 665 1353 723 ὥσπερ
1381 668 1424 708 ἐκ
1451 667 1614 725 πρώτης

158 734 393 789 ἀναβλέσαν
419 738 491 788 τῆς
517 739 590 776 τοῦ
609 733 784 790 μεγάλου
804 735 1110 775 Κωνσταντίνου
1131 738 1262 790 φυλῆς
1273 768 1286 786 ,
1322 734 1468 778 καθότι
1495 738 1562 779 καὶ
1588 735 1611 778 ὃ

157 808 315 861 πρῶτος
332 801 498 852 Δοῦκας
518 805 682 853 ἐκεῖνος,
713 800 769 852 εἷς
792 802 847 844 ὢν
867 807 947 844 τῶν
969 802 1072 856 μετὰ
1098 807 1171 844 τοῦ
1194 802 1371 858 μεγάλου
1391 806 1615 848 Κωνσταν-

155 875 264 914 τίνου
287 876 359 925 τῆς
377 872 651 928 πρεσβυτέρας
663 870 821 926 ιΡιόμης
840 869 1156 913 ἀπαναστάντων
1185 873 1252 913 καὶ
1284 872 1385 928 πρὸς
1412 874 1486 927 τὴν
1512 891 1613 916 νεω-

102 942 275 998 1οτέραν
303 939 648 994 μετοικῆσάντων,
683 940 784 982 καθ’
817 937 920 993 αἷμα
952 944 1010 998 τῷ
1040 938 1201 997 μεγάλῳ
1222 942 1514 999 Κωνσταντίνῳ
1544 944 1613 984 καὶ

154 1008 406 1065 γνησιώτατα
425 1010 716 1065 προσῳκείωτο.
785 1009 932 1050 ἐκείνου
958 1026 999 1050 τε
1028 1008 1104 1065 γὰρ
1132 1008 1351 1065 ἐξάδελφος
1374 1004 1424 1064 ἦν
1446 1013 1512 1052 καὶ
1539 1012 1613 1066 τὴν

154 1083 228 1120 τοῦ
255 1077 398 1127 ὁουκὸς
429 1075 890 1127 Κωνσταντινουπόλεως
913 1078 1028 1127 ἀξίαν
1054 1078 1155 1133 παρ’
1187 1079 1312 1120 αὐτοῦ
1336 1080 1612 1135 ἐγκεχείριστο.
1635 1082 1664 1118 Ρ
1689 1084 1734 1118 10

156 1147 373 1189 κάντεῦθεν
396 1148 463 1187 καὶ
484 1145 628 1195 πάντες
656 1148 697 1196 ἐξ
727 1146 853 1188 αὐτοῦ
876 1144 1255 1200 κατωνομάσθησαν
1274 1146 1312 1187 οἳ
1329 1147 1612 1202 Λουκώνυμοι.

154 1214 282 1265 οὕτως
310 1210 380 1257 οὖν
411 1213 431 1256 ὃ
456 1215 647 1267 βασιλεὺς
661 1216 833 1264 Ἀλέξιος
854 1214 926 1268 τὴν
945 1216 1155 1267 βασιλείαν
1178 1214 1526 1270 ἀνακαλεσάμενος
1546 1219 1614 1259 καὶ

99 1282 224 1327 15ὖπ’
249 1284 373 1338 αὐτῆς
394 1285 599 1338 τιμηθείς,
635 1283 709 1336 οὐχ
731 1277 851 1337 ἧττον
881 1284 923 1324 δὲ
952 1285 1018 1324 καὶ
1040 1282 1190 1337 ταύτην
1209 1282 1406 1338 τιμήσας,
1448 1283 1509 1335 οἷς
1526 1285 1607 1343 ἄρα
1630 1289 1661 1324 Β

152 1356 315 1401 πολλοῖς
343 1354 408 1393 καὶ
439 1350 627 1407 μεγάλοις
647 1351 777 1407 ἔργοις
798 1350 1010 1407 εἰργάσατο
1034 1354 1236 1407 τροπαίων
1263 1352 1481 1409 πληρώσας
1507 1353 1612 1412 ἑῴαν

153 1424 265 1474 λῆξιν
295 1422 362 1462 καὶ
395 1418 602 1476 ἓσπεριάν,
644 1420 786 1469 καθώς
821 1420 925 1462 αὐτὰ
957 1422 1123 1474 δηλοῦσι
1153 1421 1205 1462 τὰ
1234 1420 1451 1477 πράγματα
1462 1455 1475 1474 ,
1510 1423 1613 1480 πρὸς

153 1490 257 1545 αὐτῇ
283 1494 354 1543 τῆς
383 1491 485 1543 ζωῆς
514 1490 684 1546 ἐκδημιίιι
704 1490 959 1545 παραπέμπει
978 1489 1030 1530 τὰ
1050 1493 1233 1545 σκῆπτρα
1252 1490 1353 1546 πρὸς
1376 1490 1446 1532 τὸν
1468 1494 1612 1534 οἰκεῖον

147 1556 356 1612 Ἰωάννην,
393 1555 447 1606 ὡς
480 1558 522 1606 ἐξ
551 1557 704 1613 ἀμφοῖν
736 1558 904 1598 δικαίων
934 1557 1035 1613 πρὸς
1052 1556 1097 1598 τὸ
1117 1564 1276 1613 κρατεῖν
1294 1558 1611 1614 προτιμώμενον,

97 1635 144 1670 20
155 1624 272 1669 ὁπότε
293 1630 366 1680 τῆς
384 1627 639 1680 Κομνηνικῆς
670 1623 802 1681 ᾳύλης
829 1624 1013 1681 δηλονότι
1046 1624 1151 1667 οὕτω
1178 1625 1279 1683 πρὸς
1304 1627 1377 1681 τὴν
1401 1630 1612 1681 βασιλείαν

153 1696 430 1753 κληρωθείσης
454 1692 508 1744 ὡς
538 1695 837 1751 προδιείληπται
850 1727 864 1746 ,
890 1696 958 1736 καὶ
981 1693 1060 1735 ἀπὸ
1083 1698 1156 1736 τοῦ
1175 1695 1382 1738 Δουκικοῦ
1398 1700 1607 1751 βασιλείου
1630 1701 1662 1736 G

248 1848 280 1881 1.
305 1843 390 1890 ἐπὶ]
415 1846 511 1880 Fort.
535 1845 734 1887 delendum;
768 1846 832 1880 nisi
855 1847 957 1880 altius
976 1847 1031 1880 hic
1052 1846 1170 1880 vitium
1193 1847 1290 1881 latet.
1409 1850 1442 1886 7,
1465 1850 1609 1896 φυλῆς]

244 1892 380 1926 Bekker
405 1890 555 1935 φύτλης.
599 1893 632 1925 9.
653 1889 963 1935 ἀπαναστάντων]
988 1893 1030 1929 V.
1055 1890 1352 1927 ἐπαναστάντων.
1398 1896 1453 1929 20.
1477 1892 1609 1942 ὁπότε]

247 1935 325 1972 ἀπό
349 1938 417 1971 te?
554 1937 638 1971 ibid.
666 1935 804 1982 φύλης]
829 1939 972 1982 φυλῆςὲ
997 1949 1040 1972 au
1064 1936 1228 1982 φύτληςῖ
1276 1939 1352 1976 cfr.
1375 1951 1410 1977 v.
1436 1942 1470 1976 7.

152 2074 365 2120 adeptionem
381 2072 511 2118 imperii
526 2072 604 2106 fuit.
651 2072 904 2117 antiquissimae
919 2073 1081 2118 siquidem
1096 2074 1280 2109 nobilitatis
1296 2075 1531 2110 auctoritatem
1546 2089 1613 2111 ve-

153 2121 335 2154 nerabilem
359 2119 451 2165 apud
474 2130 588 2152 omnes
610 2120 782 2162 quamdam
809 2119 983 2152 obtinebat
997 2119 1166 2154 Ducarum
1182 2132 1316 2165 nomen,
1349 2133 1436 2167 quae
1450 2127 1609 2158 vetustae

155 2167 299 2200 claritati
318 2166 509 2199 comnenae
524 2164 634 2208 gentis
651 2165 890 2208 superveniens
905 2176 1056 2208 magnum
1072 2166 1187 2210 utique
1202 2174 1402 2201 momentum
1417 2168 1482 2201 fuit
1497 2169 1540 2202 ad
1556 2169 1610 2203 in-

155 2212 342 2246 clinandum
365 2222 481 2244 versus
505 2210 655 2243 Alexium
686 2212 843 2243 fortunae
875 2221 1051 2255 supremae
1074 2223 1115 2245 ac
1137 2213 1265 2246 favoris
1287 2214 1409 2258 publici
1431 2215 1610 2258 pendulam

152 2257 291 2291 lancem.
338 2258 366 2291 si
389 2257 463 2301 quis
490 2255 575 2289 enim
594 2255 759 2299 replicare
774 2255 911 2289 annales
928 2262 963 2289 et
977 2268 1107 2291 sursum
1125 2259 1185 2292 niti
1200 2270 1319 2292 versus
1335 2259 1481 2303 origines
1495 2272 1610 2295 rerum

153 2310 271 2346 curet,
298 2303 346 2337 sic
362 2302 531 2347 reperiet,
562 2301 729 2334 Ducarum
756 2308 892 2344 gentem
916 2314 936 2335 e
952 2302 1161 2337 Constantini
1185 2305 1297 2348 magni
1323 2305 1421 2339 domo
1438 2317 1611 2351 propaga-

152 2354 232 2383 tam.
281 2355 400 2382 auctor
423 2348 585 2392 siquidem
608 2347 703 2380 huius
718 2347 879 2389 nominis,
908 2347 965 2392 qui
980 2350 1104 2382 socium
1122 2362 1158 2382 se
1173 2351 1394 2384 Constantino
1410 2363 1529 2395 magno
1546 2352 1611 2386 ad-

152 2395 262 2428 iunxit
278 2407 297 2428 e
314 2395 420 2428 Roma
440 2398 559 2427 vetere
574 2393 607 2425 in
624 2404 742 2426 novam
760 2392 913 2436 migranti
929 2394 1077 2437 proxima
1092 2394 1139 2429 illi
1155 2396 1443 2439 consanguinitate
1455 2397 1611 2432 admotus

152 2440 260 2474 fuisse
274 2440 414 2484 dicitur,
446 2444 563 2484 utpote
579 2438 742 2483 patruelis
758 2438 850 2481 eius,
884 2439 977 2472 cuius
1003 2446 1139 2484 praeter
1164 2447 1310 2475 ceteram
1334 2442 1492 2475 virtutem
1515 2454 1610 2477 com-

153 2486 365 2520 mendatione
381 2484 656 2526 necessitudinis,
687 2484 831 2527 dignitas
852 2484 946 2518 ducis
963 2485 1303 2531 Constantinopoleos
1326 2487 1373 2519 illi
1392 2488 1513 2522 collata
1536 2494 1609 2524 este

152 2542 196 2564 ex
217 2543 286 2576 qua
308 2532 341 2565 in
366 2537 472 2565 totam
488 2530 642 2564 familiam
659 2529 827 2563 Ducarum
842 2531 1021 2575 appellatIo
1036 2531 1125 2564 hunc
1141 2543 1246 2576 usque
1264 2532 1297 2565 in
1313 2532 1398 2566 diem
1415 2539 1468 2567 est
1481 2545 1609 2580 propa-

152 2581 246 2620 gata.
294 2578 344 2611 sic
364 2578 548 2621 imperator
563 2575 698 2609 Alexius
713 2574 838 2608 avitum
856 2577 1014 2610 honorem
1028 2578 1263 2621 recuperavit,
1293 2584 1411 2612 auctus
1434 2579 1508 2624 ipse
1530 2580 1608 2625 qui-

154 2621 230 2655 dem
251 2622 287 2655 in
309 2623 413 2657 maius
441 2623 544 2655 decus
560 2621 738 2665 adeptione
756 2621 964 2666 principatus
978 2649 989 2664 ‚
1019 2622 1119 2655 nihilo
1141 2628 1252 2657 autem
1280 2623 1388 2657 minus
1414 2625 1547 2659 decoris
1573 2630 1610 2661 et

154 2668 338 2701 ornamenti
358 2668 579 2713 principatum
603 2667 635 2700 in
658 2667 766 2711 ipsum
782 2666 961 2700 refundens
975 2667 1086 2701 multis
1100 2668 1165 2702 illis
1180 2668 1374 2714 magnisque
1388 2671 1609 2714 facinoribus,

155 2723 218 2757 per
234 2723 320 2756 quae
335 2714 541 2748 Orientalem
558 2712 811 2757 occiduumque
823 2712 942 2746 limites
956 2714 1106 2758 tropaeis
1121 2714 1290 2760 implevit,
1315 2720 1355 2748 ut
1369 2727 1424 2750 res
1437 2717 1530 2761 ipsae
1545 2717 1609 2751 de-

157 2758 296 2791 clarant.
333 2759 453 2792 deinde
467 2759 529 2792 sub
544 2759 650 2804 ipsam
665 2770 686 2792 e
700 2758 772 2791 vita
787 2759 1016 2802 migrationem
1030 2764 1167 2804 sceptra
1181 2760 1378 2795 transmittit
1391 2762 1436 2795 ad
1449 2764 1607 2796 loannem

157 2803 282 2848 duplici
295 2803 340 2836 ad
353 2803 576 2849 imperandum
591 2804 666 2838 iure
680 2804 812 2844 nixum,
842 2809 964 2849 utpote
984 2804 1041 2849 qui
1065 2810 1142 2839 ortu
1157 2806 1348 2840 Comnenus
1369 2813 1475 2850 esset,
1506 2819 1606 2852 quam

157 2848 201 2883 ad
215 2848 391 2893 familiam,
419 2854 458 2885 ut
471 2850 596 2885 dictum
611 2855 685 2897 est,
714 2849 888 2897 imperium
901 2851 1114 2897 pertinebat,
1145 2857 1180 2887 et
1192 2856 1323 2898 partem
1337 2853 1473 2898 generis
1489 2853 1607 2887 trahe-
