1878 3262
368 219 428 263 m
446 204 762 263 mSTomAM
779 218 1006 264 IOANNIS
1027 219 1259 264 GINNAMI
1276 220 1479 263 NOTAE.
1557 220 1654 267 369

192 342 315 382 quam
333 325 453 367 corde
473 337 705 380 conceperat
723 343 836 382 opere
853 327 1164 381 demonstraret,
1193 338 1354 383 sumpto
1375 332 1568 368 stratoris
1588 332 1657 381 of·-

179 387 305 438 ficio,
334 385 519 437 pallium
540 384 754 437 deposuit,
780 401 906 425 manu
927 390 1090 440 virgam
1111 390 1284 440 accepit,
1314 389 1445 426 laicos
1466 386 1515 425 de
1533 387 1654 426 choro

189 443 342 494 expulit
361 447 436 482 etc.
492 455 620 493 neque
635 444 762 482 multo
778 449 882 495 post,
913 457 1017 482 anno
1041 444 1189 483 scilicet
1210 447 1332 496 1120,
1361 444 1515 483 honore
1538 444 1657 483 simili

189 499 392 537 Callistum
416 512 558 551 papam
591 506 824 551 prosecutus
850 506 910 539 est
936 501 1157 540 willelmus
1187 501 1271 539 dux
1297 501 1474 554 Apuliae.
1531 501 1660 540 tradit

189 556 332 608 quippe
351 555 457 594 idem
478 557 722 596 Romualdus
743 557 883 595 ducem
905 564 1089 609 percepta
1109 557 1306 609 pontificis
1325 559 1378 597 ad
1394 558 1535 598 urbem
1553 559 1659 597 Tro-

186 612 264 650 iam
284 613 547 664 profectione,
578 614 740 652 obviam
760 616 797 652 ei
801 615 1055 664 festinanter
1076 622 1189 652 extra
1215 617 1420 654 civitatem
1446 614 1658 653 advenisse

145 696 148 699 -
189 683 282 707 cum
293 670 551 721 principibus
567 673 680 711 suis.-
710 678 746 709 et
763 673 798 707 ei
812 673 897 709 vice
913 672 1103 708 stratoris
1126 673 1261 723 ipsum
1286 674 1404 710 iuxta
1423 673 1568 710 sellam
1587 672 1653 710 ob-

186 727 463 764 ambulantem
493 725 619 779 usque
646 726 706 765 ad
740 728 946 766 ecclesiam
977 729 1234 779 episcopatus
1263 728 1439 767 eiusdem
1471 731 1654 767 civitatis

187 785 344 836 ingenti
368 797 461 821 cum
488 783 639 822 honore
667 782 894 825 deduxisse.
951 797 1092 823 verum
1109 784 1301 823 eiusmodi
1322 785 1591 837 Augustorum
1610 786 1652 826 in

185 840 384 878 Romanos
404 840 608 891 pontifices
627 841 898 890 observantia,
939 853 1040 892 quae
1070 853 1120 879 ex
1150 853 1259 878 mera
1282 853 1420 880 eorum
1441 843 1584 893 pietate
1611 848 1654 881 et

183 897 227 934 in
247 897 501 948 apostolicam
521 897 654 936 sedem
675 900 899 937 reverentia
916 898 1129 937 videbatur
1144 897 1393 950 profluxisse,
1422 899 1519 936 abiit
1538 899 1654 937 dein-

186 966 275 1004 ceps
290 954 332 991 in
346 954 610 993 necessarium
624 968 786 993 munus:
816 955 914 994 adeo
930 961 975 994 ut
985 954 1184 994 Adrianus
1202 954 1256 992 IV
1275 968 1340 1006 pp.
1351 955 1606 994 Fredericum
1624 956 1654 1004 1,

185 1010 295 1060 quod
319 1010 392 1048 sibi
422 1010 474 1049 ad
498 1011 638 1049 urbem
663 1011 896 1063 Nepesinam
926 1012 1150 1050 occurrenti
1183 1012 1367 1049 stratoris
1402 1012 1576 1050 officium
1605 1011 1655 1050 de

183 1080 294 1105 more
317 1080 399 1105 non
421 1066 683 1118 exhibuisset,
713 1068 765 1106 ad
783 1070 961 1108 osquum
979 1070 1156 1120 recipere
1178 1068 1386 1118 abnuerit,
1414 1069 1655 1121 imperatore

185 1123 238 1161 acl
257 1123 359 1161 illud
379 1136 420 1161 se
438 1123 566 1162 teneri
586 1132 836 1176 pernegante.
893 1139 938 1164 re
964 1126 1125 1164 tandem
1149 1125 1191 1163 in
1224 1126 1548 1176 disceptationem
1570 1126 1656 1164 col-

183 1180 266 1218 lata
276 1183 310 1227 *)
339 1180 617 1232 veteribusque
640 1185 816 1220 excussis
841 1184 1098 1220 monimentis
1126 1189 1163 1219 et
1190 1183 1338 1232 prisca
1367 1182 1656 1221 consuetudine

184 1235 400 1288 diligenter
425 1239 675 1290 investigata
711 1238 868 1277 iudicio
888 1241 1126 1291 principum
1158 1236 1358 1276 decretum
1375 1246 1455 1290 est,
1496 1246 1533 1277 et
1553 1253 1658 1278 com-

183 1295 302 1331 muni
321 1295 476 1346 favore
503 1297 632 1332 totius
662 1297 814 1348 regalis
842 1298 982 1334 curiae
1011 1296 1271 1343 roboratum,
1316 1295 1430 1347 quod
1453 1296 1558 1336 idem
1589 1310 1656 1334 rex

176 1364 256 1402 pro
288 1351 566 1401 apostolorum
595 1354 711 1390 Petri
742 1360 778 1390 et
806 1354 938 1391 Pauli
965 1354 1190 1391 reverentia
1218 1351 1428 1403 praedicto
1456 1368 1530 1405 pp.
1561 1355 1660 1391 Ha-

182 1406 331 1445 driano
356 1407 552 1445 exhiberet
569 1411 759 1447 stratoris
780 1410 967 1461 officium
979 1440 989 1460 ,
1021 1417 1058 1455 et
1078 1411 1163 1447 eius
1180 1416 1357 1460 strepam
1367 1407 1424 1463 **)
1445 1417 1587 1448 teneret
1603 1408 1664 1448 ad

182 1462 527 1502 conscendendum
547 1479 709 1517 equum.
751 1466 860 1517 quod
877 1466 1068 1519 postridie
1086 1472 1298 1505 exsecutus
1320 1472 1379 1504 est
1397 1466 1656 1505 Fredericus:
1678 1470 1708 1505 P
1733 1469 1802 1506 472

181 1522 538 1573 appropinquante
567 1524 671 1560 enim
701 1521 863 1561 domino
898 1538 1017 1576 papa
1048 1525 1219 1561 tentorio
1261 1524 1369 1575 regis
1412 1538 1489 1575 per
1525 1524 1654 1561 aliam

151 1621 155 1626 ¹
179 1578 294 1615 viam
325 1580 529 1616 transiens
563 1577 789 1628 descendit,
830 1588 866 1617 et
894 1595 1105 1618 occurrens
1134 1582 1170 1617 ei
1203 1587 1405 1631 quantum
1438 1587 1497 1618 est
1518 1583 1656 1618 iactus

181 1633 359 1685 lapidis,
402 1636 447 1672 in
472 1643 684 1687 con-spectu
708 1639 903 1675 exercitus
933 1638 1119 1689 officium
1138 1639 1326 1674 stratoris
1347 1651 1437 1674 cum
1458 1636 1656 1676 iocundi-

181 1697 266 1727 tate
283 1690 466 1742 implevit
487 1700 524 1729 et
541 1700 717 1743 strepam
731 1694 806 1743 ***)
821 1695 995 1743 fortiter
1015 1696 1158 1732 tenuit.
1216 1694 1435 1732 Helmodus
1455 1694 1481 1733 l.
1503 1699 1526 1737 1
1550 1707 1582 1733 e.
1599 1697 1651 1737 81

178 1752 310 1785 totam
325 1747 430 1786 hano
447 1749 761 1786 controversiam
782 1750 964 1801 pluribus
985 1751 1103 1788 etiam
1124 1751 1372 1802 exsequitur:
1417 1765 1485 1788 rex
1517 1758 1655 1788 autem

181 1805 396 1842 accersivit
414 1803 454 1843 d.
474 1803 712 1843 Adrianum
723 1820 884 1857 papam
902 1810 945 1845 in
963 1815 1112 1845 castra.
1142 1828 1199 1836 -—
1227 1810 1405 1845 veniente
1426 1822 1519 1860 ergo
1544 1822 1587 1845 eo
1610 1809 1656 1844 in

182 1867 323 1897 castra
352 1874 420 1897 rex
445 1861 632 1911 festinus
661 1865 697 1899 ei
727 1865 925 1912 occurrit,
966 1871 1003 1901 et
1031 1862 1287 1902 descendente
1318 1863 1367 1901 de
1397 1875 1496 1916 equo
1527 1865 1656 1901 tenuit

180 1923 358 1967 strepam
387 1915 585 1968 duxitque
611 1932 703 1955 eum
734 1921 780 1956 in
801 1922 1030 1960 tentorium.
1086 1934 1183 1959 mox
1211 1920 1431 1960 Adrianum
1461 1920 1655 1958 inducens

180 1973 447 2023 alloquentem
464 1974 788 2026 Bambergensem
811 1976 1055 2029 episcopum:
1088 1977 1210 2015 verba
1226 1984 1342 2025 sunt,
1364 1975 1513 2026 frater,
1544 1975 1659 2028 quod

179 2031 373 2081 loqueris.
430 2028 537 2068 dicis
564 2034 793 2083 principem
821 2041 932 2071 tuum
956 2032 1203 2085 condignam
1233 2032 1348 2069 beato
1383 2034 1505 2070 Petro
1536 2033 1654 2070 exhi—

181 2087 316 2124 buisse
343 2089 623 2125 reverentiam:
654 2088 727 2126 sed
750 2089 890 2127 beatus
914 2092 1060 2128 Petrus
1082 2091 1218 2151 magis
1248 2088 1409 2127 videtur
1428 2090 1656 2128 inhonora-

182 2150 270 2180 tus.-
300 2142 472 2196 denique
502 2159 594 2182 cum
619 2144 820 2183 dexteram
850 2146 1001 2184 deberet
1022 2154 1150 2184 tenere
1167 2153 1367 2197 stupam,
1401 2148 1529 2185 tenuit
1548 2149 1655 2185 sini-

180 2207 325 2242 stram.
367 2201 468 2239 lzaec
491 2216 584 2239 cum
595 2216 671 2253 per
690 2204 941 2254 interpretem
960 2205 1050 2255 regi
1069 2204 1266 2241 nuntiata
1275 2203 1484 2255 fuissent,
1517 2204 1655 2243 humi-

182 2257 276 2294 liter
294 2259 380 2295 ait.-
425 2257 548 2296 dicite
574 2261 610 2296 ei
638 2261 740 2311 quia
768 2259 949 2310 defectus
974 2260 1043 2297 lzic
1071 2274 1153 2298 non
1179 2261 1274 2311 fuit
1303 2259 1548 2311 devotionis,
1584 2259 1659 2299 sed

180 2315 393 2364 scientiae,
435 2330 515 2353 non
549 2317 652 2369 enirn
687 2315 869 2354 tenendis
897 2319 1042 2369 strepis
1066 2331 1308 2369 magnopere
1338 2317 1522 2356 studium
1543 2316 1654 2357 dedi.

181 2373 377 2409 enimvero
399 2373 504 2423 ipse,
545 2380 591 2410 ut
620 2375 806 2423 memini,
839 2376 1000 2425 primus
1023 2381 1081 2412 est
1106 2376 1176 2412 cui
1205 2374 1290 2411 tale
1319 2375 1554 2427 obsequium
1575 2377 1656 2412 im-

175 2426 314 2477 pendi.
381 2430 451 2466 cui
474 2428 666 2467 dominus
683 2444 825 2482 papa,
862 2433 902 2468 si
929 2431 1043 2484 quod
1062 2431 1321 2482 facillimum
1345 2431 1454 2482 fuit,
1489 2439 1657 2483 propter

183 2483 462 2535 ignorantiam
481 2488 678 2539 neglexit,
719 2488 899 2539 qualiter
910 2486 1078 2540 putatis
1105 2487 1283 2540 expediet
1303 2490 1498 2529 maxima.
1560 2496 1657 2526 tunc
1697 2508 1701 2511 -

182 2552 250 2578 rex
280 2543 581 2596 aliquantisper
612 2551 746 2582 motus
775 2546 861 2582 ait:
901 2546 1043 2584 vellem
1062 2547 1210 2584 melius
1229 2546 1401 2594 instrui,
1441 2543 1548 2582 unde
1568 2559 1656 2583 mos

182 2597 257 2634 iste
273 2599 503 2652 inoleverit,
543 2615 588 2639 ex
607 2601 901 2651 benevolentia,
940 2617 998 2640 an
1015 2617 1060 2640 ex
1076 2601 1206 2640 debito
1223 2601 1243 2639 P
1299 2603 1338 2639 si
1357 2616 1401 2639 ex
1422 2602 1654 2645 benevolen-

183 2654 266 2703 tia,
302 2655 411 2694 nilzil
441 2660 612 2696 causari
640 2659 761 2698 habet
787 2657 981 2698 dominus
1001 2673 1143 2712 papa,
1183 2660 1221 2696 si
1245 2659 1503 2699 vacillaverit
1534 2659 1655 2698 obse-

244 2938 443 2977 Cinnamus.
740 2956 743 2958 ·
1323 2943 1376 2984 24
