1878 3262
247 213 343 262 354
698 213 903 256 CAROLI
936 213 1016 256 DU
1049 212 1264 257 FRESNE

245 340 330 365 can.
360 326 413 366 16
442 320 593 374 Synodi
623 319 809 363 Antioch.
866 334 909 363 v.
934 321 1168 360 Cinnamum
1189 334 1228 374 p.
1251 323 1355 371 211,
1383 321 1506 361 Nicet.
1527 321 1570 361 in
1594 320 1711 361 Isaac.
1762 351 1766 356 .

246 383 272 422 l.
297 385 318 423 1
343 394 384 421 n.
405 378 431 420 4
454 385 494 417 et
513 379 656 420 Baron.
674 380 721 418 A.
740 381 848 421 1178
869 391 920 416 ex
936 378 1092 430 Georgii
1110 379 1272 430 Corcyr.
1288 377 1469 430 epistola.

361 450 399 488 p.
422 438 500 478 176
520 449 558 474 v.
580 440 645 479 20.
705 436 917 489 ῥητορικῆς
936 432 1198 488 καθηγητής]
1228 433 1397 474 ΜὶοΙιιιὲΙ
1415 433 1599 487 magister
1615 433 1713 473 rhe-

244 493 390 532 torices
417 492 494 531 fuit
523 505 611 538 seu,
653 497 702 530 ut
720 498 808 530 tum
821 505 911 530 eam
933 492 1163 543 dignitatem
1182 491 1402 541 vocabant,
1432 493 1608 545 μαΐστωρ
1630 493 1713 531 τῶν

246 547 450 614 ρητόρων,
483 562 561 599 qua
588 522 760 587 donatus
783 549 928 600 legitur
952 548 1202 597 Eustathius‚
1231 547 1485 612 postmodum
1502 547 1712 586 Thessalo-

245 606 411 645 nicensis
444 606 670 658 episcopus,
699 606 741 644 in
766 606 927 670 epistola
946 605 1122 657 praefixa
1145 579 1328 643 scholiis
1317 618 1361 642 1η
1382 604 1555 655 Dionysii
1571 601 1711 657 περιή-

244 676 362 717 γησιν
382 662 430 700 ab
449 663 587 701 eodem
606 662 734 704 editis
790 663 844 700 ita
861 662 963 700 enim
981 662 1085 700 idem
1104 662 1271 701 Michael
1290 661 1406 699 etiam
1420 659 1680 711 indigitatur'
1668 673 1712 698 m

244 720 349 758 illius
366 720 624 770 confessione,
654 733 772 770 quam
792 718 913 758 habet
932 719 1100 758 Allatius
1118 719 1207 758 loco
1237 719 1358 757 citato
1389 718 1434 756 111
1458 716 1556 755 haec
1573 716 1713 756 verba:

246 773 414 829 Μιχαηλ
430 779 504 817 τοῦ
521 777 834 828 Θεσσαλονίκης,
862 779 934 817 τοῦ
955 777 1167 829 μαῖστορος
1184 792 1266 816 των
1288 770 1491 828 ρητόρων,
1520 771 1712 814 διδασκά-

244 838 316 874 λου
332 849 414 874 των
432 830 685 904 εὐαγγελίων,
715 833 783 873 καὶ
799 834 1070 901 πρωτεκδίκου
1088 835 1161 885 τῆς
1180 828 1350 899 μεγάλης
1367 830 1578 883 ἐκκλησίας
1591 833 1713 870 Κων-

247 887 614 939 σταντινουπόλεως
638 907 664 942 η
687 889 778 943 περὶ
799 888 874 942 τη“ν
896 887 1081 941 τελευτην
1105 885 1384 943 ἐξομολόγησις
1410 884 1535 928 mito&
1557 882 1626 938 ἐφ’
1651 881 1714 935 οἷς

243 945 463 1000 προσέπεσε
497 953 570 985 etc.
583 977 593 997 ,
633 960 730 997 quas
767 946 925 996 quidem
962 946 1163 984 Michaelis
1200 946 1409 997 dignitates
1432 944 1493 982 his
1520 943 1714 995 expressit

242 1004 374 1043 verbis
401 1004 580 1042 Nicetas:
632 1000 816 1071 Μιχαὴλ
827 1000 898 1044 τὸν
925 1000 1140 1057 ῥητορικόν
1170 1001 1327 1056 θρόνον
1354 1003 1539 1068 κοσμῶν
1547 999 1615 1040 καὶ
1638 997 1711 1041 τον

245 1056 500 1113 ε’ὗαγγελικὸν
531 1057 765 1111 ἀναβαίνων
794 1054 1023 1112 ὄκρίβαντα.
1079 1059 1247 1112 proinde
1272 1059 1377 1097 idem
1397 1059 1465 1110 qui
1487 1052 1618 1122 ῥήτωρ
1639 1059 1712 1109 τῆς

243 1116 455 1168 ἐκκλησίας
474 1116 620 1154 dicitur
635 1115 909 1167 Pachymeril.
930 1117 957 1159 4
975 1130 1007 1156 0
1031 1117 1104 1163 14,
1126 1117 1153 1159 l.
1178 1119 1228 1159 10
1247 1130 1279 1157 0
1304 1119 1369 1158 12.
1419 1114 1597 1166 magistri
1613 1125 1710 1152 vero

241 1172 451 1211 rhetorum
478 1186 624 1211 munus
643 1180 726 1210 erat
740 1186 870 1211 sacras
890 1172 1145 1224 interpretari
1160 1172 1399 1224 scripturas,
1430 1170 1622 1222 siquidem
1641 1182 1712 1208 ea·-

245 1229 335 1268 dem
352 1229 473 1268 suit⁶
448 1227 617 1297 ρήτορος
635 1228 817 1280 dignitas.
875 1229 1049 1268 Codinus
1067 1230 1116 1267 de
1129 1229 1249 1268 Offic.
1269 1242 1303 1271 c.
1326 1233 1350 1271 1
1366 1225 1556 1270 11.22εὸ’
1576 1223 1709 1279 ῥήτωρ

243 1286 302 1334 εἰς
322 1302 366 1327 το
393 1283 628 1339 ἑρμηνεύειν
644 1302 713 1334 τας
729 1282 900 1339 γραφάς.
958 1286 1140 1325 diversus
1169 1299 1290 1337 porro
1320 1285 1397 1323 suit
1411 1284 1594 1335 magister
1612 1282 1710 1322 rhe—

240 1348 377 1381 torum
398 1357 420 1380 a
440 1342 676 1392 catechista,
711 1343 778 1393 qui
799 1339 1020 1395 κατηχητής
1040 1342 1211 1381 dicitur·
1201 1356 1241 1380 m
1257 1341 1451 1392 Catalogis
1467 1340 1710 1379 -Officiorum

239 1400 433 1438 ecclesiae
438 1400 506 1452 Cp.
529 1414 551 1437 a
569 1400 701 1438 Goaro
730 1406 770 1438 et
790 1399 974 1438 Medonio
1003 1399 1139 1449 editis,
1182 1399 1293 1437 cuius
1311 1411 1460 1436 munus
1486 1397 1563 1435 fuit
1589 1412 1711 1448 κατη-

238 1457 363 1525 χίζειν
396 1454 467 1497 τόν
498 1454 594 1497 λαὸν
622 1457 690 1497 καὶ
712 1455 866 1505 πάντας
886 1455 1120 1510 ἐρχομένους
1140 1455 1183 1496 ἔκ
1202 1459 1281 1496 τῶν
1301 1451 1540 1508 ἑτεροδόξων
1561 1454 1618 1502 εἰς
1633 1468 1711 1506 την

239 1509 470 1566 ὄρθόδοξον
507 1514 661 1562 πίστιν,
703 1514 753 1551 3(1
787 1513 885 1551 haec
916 1514 1032 1551 etiam
1065 1513 1358 1564 baptizatorum
1388 1525 1522 1550 curam
1550 1510 1710 1548 habere.

239 1582 329 1606 cum
349 1582 445 1607 vero
464 1575 594 1606 essent
613 1570 747 1621 plures
764 1570 833 1620 qui
852 1569 1096 1608 rhetoricum
1120 1581 1189 1606 seu
1211 1568 1546 1607 concionatorium
1563 1579 1709 1605 munus

238 1625 424 1675 obibant,
463 1625 531 1676 qui
562 1625 611 1662 iis
639 1632 823 1677 praeerat
848 1627 1044 1678 magister
1068 1626 1273 1663 rhetorum
1311 1625 1518 1663 dicebatur
1553 1636 1622 1661 seu
1661 1629 1709 1662 ut

236 1688 410 1720 vocatur
425 1695 451 1719 a
471 1682 662 1720 Cinnamo
693 1683 907 1736 ῥητορικῆς
924 1680 1178 1747 καθηγητῆς,
1211 1682 1318 1732 quod
1336 1682 1442 1719 idem
1458 1686 1585 1719 sonat.
1614 1693 1708 1718 nam

236 1734 474 1792 καθηγητής
503 1738 608 1776 idem
637 1745 696 1777 est
726 1752 772 1777 ac
794 1745 1031 1790 praeceptor
1055 1740 1103 1777 in
1130 1739 1257 1777 veteri
1275 1739 1388 1791 gloss.
1407 1751 1494 1789 cap.
1520 1736 1569 1774 de
1593 1737 1706 1776 Ludo

236 1795 441 1835 Literario.
500 1795 658 1848 Papias,
696 1797 898 1848 catigeta,
929 1795 1090 1847 doctor,
1122 1794 1269 1837 rhetor.
1326 1796 1366 1834 S.
1395 1793 1633 1833 Anthelmus
1664 1793 1707 1832 in
1754 1786 1758 1793 ’

236 1851 429 1891 Monost.:
1632 1872 1636 1874 ·

455 1910 543 1947 vita
555 1910 699 1947 aliena
718 1917 814 1947 tuae
833 1910 909 1947 tibi
925 1911 980 1947 sit
1002 1909 1211 1962 cathegeta
1228 1911 1350 1949 vitae.

236 1964 278 2002 id
295 1971 355 2003 est
373 1966 571 2017 magistra.
602 1966 699 2004 Acta
717 1968 754 2005 S.
771 1966 956 2004 Artemae
977 1966 1092 2005 Mart.
1111 1981 1152 2008 n.
1169 1969 1214 2009 3:
1233 1965 1332 2005 dum
1350 1965 1558 2016 catkigeta
1571 1965 1708 2016 ipsius*

235 2020 458 2060 secundam
476 2030 603 2060 artem
620 2024 848 2075 magisterii
868 2047 920 2052 -—
941 2022 1000 2061 ad
1015 2023 1265 2061 secularium
1282 2024 1490 2060 literarum
1508 2019 1708 2072 dogmata

235 2077 356 2114 illam
373 2077 651 2126 introduceret,
707 2080 775 2118 ubi
793 2080 994 2118 Bolandus
1011 2092 1218 2132 perperam
1235 2092 1381 2117 nomen
1399 2077 1606 2129 proprium
1623 2088 1706 2113 esse

235 2133 402 2172 censuit.
471 2147 598 2183 neque
627 2136 774 2174 felicius
801 2138 1013 2188 cartigeris
1043 2136 1219 2174 restituit
1244 2150 1317 2188 pro
1354 2134 1570 2185 catlzigetie
1597 2132 1705 2183 apud

235 2189 424 2226 Bonitum
455 2190 741 2229 subdiaconum
763 2193 806 2231 in
825 2194 914 2233 Vita
935 2195 972 2234 S.
993 2192 1193 2231 Theodori
1219 2192 1348 2241 ducis,
1378 2191 1438 2228 uti
1456 2203 1525 2229 ms.
1548 2189 1704 2241 praese—

235 2245 367 2284 rebat:
397 2253 672 2283 verumtamen
691 2261 762 2284 cea
778 2262 805 2285 a
821 2250 1098 2287 solertissimis
1117 2249 1330 2300 catlzigetis
1347 2248 1494 2285 talium
1500 2245 1704 2296 figmenta

221 2303 403 2354 ficerunt
437 2300 690 2352 deprehensa.
751 2303 975 2341 Gotselinus
1004 2306 1256 2344 Bertinianus
1282 2302 1461 2343 monach.
1484 2302 1526 2339 in
1549 2302 1638 2341 Vita
1659 2303 1702 2342 S.

235 2358 445 2410 Augustini
477 2358 592 2410 episc.
626 2359 832 2397 Cantuar..
824 2374 831 2382 ·
869 2359 944 2396 dat
973 2361 1094 2397 etiam
1116 2362 1428 2398 liberalissimus
1452 2360 1631 2410 catigeta
1659 2360 1704 2397 in

234 2417 327 2466 ipsa
358 2414 496 2452 dilecti
524 2414 718 2466 discipuli
746 2414 998 2452 ordinatione
1027 2415 1309 2453 dulcissimum
1329 2417 1485 2466 pignus
1511 2436 1568 2444 —
1597 2414 1705 2452 dile-

235 2473 384 2509 ctionis
402 2485 514 2511 suae.
551 2471 787 2523 Martyrium
807 2473 845 2510 S.
863 2471 1021 2509 Niconis
1042 2470 1084 2522 ᾗ.
1106 2472 1177 2514 15:
1202 2470 1352 2523 ἔχοντες
1375 2467 1612 2521 καθηγητην
1630 2468 1703 2511 τόν

235 2529 410 2568 Νίκωνα
428 2534 502 2566 etc.
560 2529 653 2566 alias
679 2529 908 2581 καθηγηταί
929 2528 1118 2566 dicuntur
1147 2533 1318 2566 rectores
1351 2525 1600 2564 ecclesiarum
1634 2539 1705 2566 seu.

233 2584 402 2635 episcopi
430 2585 474 2621 in
496 2584 638 2623 Codice
659 2585 864 2623 canonum
892 2585 1076 2623 ecclesiae
1103 2584 1308 2623 Africanae
1334 2595 1369 2621 0.
1389 2583 1466 2632 58,
1494 2582 1605 2633 quod
1623 2583 1702 2622 toti

233 2653 325 2679 suae
341 2640 447 2690 plebi
465 2642 652 2691 praesint.

346 2709 386 2735 v.
409 2700 476 2738 21
534 2701 615 2738 τῶν
651 2693 888 2751 εὐαγγελίων
923 2694 1048 2750 ῥητοὶ]
1084 2698 1259 2748 Utraque
1292 2695 1482 2747 dignitate
1515 2694 1700 2734 ecclesia-

233 2752 329 2791 stica
371 2758 411 2790 et
442 2754 615 2803 magistri
640 2753 848 2792 rhetorum
879 2760 919 2791 et
947 2750 1189 2794 διδασκαλου
1218 2754 1299 2793 τοῖν
1331 2749 1586 2805 εὐαγγελίων
1600 2751 1713 2790 insi·
1756 2792 1760 2800 Δ

230 2809 315 2860 gnis
337 2809 414 2847 suit
439 2808 606 2848 Michael
630 2809 1004 2859 Thessalonicensis,
1035 2816 1082 2848 ut
1099 2822 1149 2847 ex
1167 2809 1288 2861 ipsius
1307 2809 1548 2847 confessione
1572 2814 1612 2846 et
1625 2808 1700 2846 Ni·—

229 2872 316 2905 ceta
338 2864 543 2918 colligitur.
601 2865 719 2905 huius
735 2871 955 2918 postremae
972 2866 1171 2918 dignitatis
1189 2879 1335 2906 munus
1353 2872 1438 2906 erat
1462 2861 1699 2921 ἕρμηνευειν
