1878 3262
633 228 1027 273 HISTORIARUM
1055 229 1104 271 L.
1130 227 1206 272 IV.
1555 226 1650 273 175

185 348 237 391 τὰ
257 351 327 402 τῆς
345 343 503 402 εἷρήνης
522 341 790 387 ἀσπάσασθαι
811 343 956 387 οὕκουν
976 345 1083 387 ἔστὶν
1100 342 1277 400 ἀγεννές,
1315 344 1349 385 εἲ
1374 342 1432 398 μὴ
1453 344 1521 385 καὶ
1539 341 1649 401 σφό-

185 420 263 474 δρα
291 416 485 465 ἐπίδοξον.
556 414 605 456 σὺ
628 415 671 456 δὲ
689 412 1015 467 καὶῬωμαίους,
1055 413 1125 464 οὓς
1152 417 1224 469 τῆς
1241 410 1365 468 τύχης
1382 410 1480 467 ἡμῖν
1500 410 1652 468 δούσης

184 485 336 541 ἄνδρας
354 482 459 526 οὕτω
478 489 709 540 περιᾳανεῖς
728 480 1010 540 δορυαλώτους
1028 481 1309 537 ἐποιησάμεθα
1315 514 1329 533 ,
1356 481 1500 523 adfixa
1519 479 1653 538 λήψῃ,-

181 554 251 610 ἐφ’
274 551 335 602 οἷς
353 553 446 594 οὐδὲ
465 553 700 610 ὀργίζεσθαί
715 567 758 594 σε
779 552 932 593 δίκαιον
950 551 1022 607 ἐφ’
1043 548 1165 605 ἡμᾶς.
1216 551 1331 607 ἀνδρὶ
1349 550 1427 607 γὰρ
1447 554 1649 604 πολεμου-

145 623 284 679 5μένῳ
317 622 485 676 οὗδέμιά
511 622 667 675 νέμεσις
695 618 972 677 ἀντιπράττειν
997 620 1175 676 ἐχθροῖς.
1244 619 1345 662 ὥστε
1366 620 1540 661 λείπεται
1559 617 1647 669 ἑνὸς

176 693 324 734 ἐκείνου
346 691 458 733 ἕνεκα
475 694 549 732 τοῦ
566 690 654 746 περὶ
674 687 855 743 Εὔβοιαν
881 686 977 743 ἡμῖν
1000 686 1286 745 ἡμαρτημένου
1307 690 1461 730 δίκαιον
1480 686 1582 730 εἶναι’
1597 705 1641 731 σε
1664 694 1696 729 C

175 765 384 814 πολεμεῖν,
419 753 541 815 οὗπερ
573 758 652 812 ἤδη
681 759 748 800 καὶ
776 756 976 814 ὑπερέβης
999 757 1074 807 τὰς
1102 758 1246 808 τίσεις,
1284 755 1417 813 ὥσπερ
1449 758 1646 813 ἐλέγομεν.

175 832 210 871 εἲ
235 830 309 883 μὲν
338 823 408 870 οὖν
436 829 549 877 δίκας
576 825 673 882 ἡμῖν
700 828 898 869 ἐπιθεῖναι
924 824 1245 883 προεθυμήθης,
1283 818 1339 867 ὧν
1359 826 1400 874 ἒς
1416 824 1489 879 τὴν
1503 826 1646 884 χώραν

173 896 458 950 ἐνεδειξάμεθα
478 896 550 951 τὴν
570 894 666 950 σήν,
704 900 884 938 τοσαῦτα
902 893 1238 950 ἅπολελογήμεθα
1261 898 1319 952 τῷ
1337 892 1473 950 κράτει
1493 899 1551 952 τῷ
1570 900 1645 953 (τῷ,

121 969 209 1014 1οεῖ
236 968 280 1009 δὲ
307 966 372 1008 ἀεί
398 983 461 1007 σοι
491 964 718 1019 πολεμητέα
744 966 844 1020 γε’νει
871 968 930 1021 τῷ
953 962 1093 1018 ἡμῶν,
1133 963 1221 1021 ὥρα
1249 980 1312 1005 σοι
1341 963 1566 1005 ἐννοεῖσθαι
1585 963 1644 1018 μή

172 1053 267 1078 ποτε
287 1036 389 1092 πέρα
408 1035 590 1088 νομίμων
607 1033 666 1087 εἴη
685 1037 765 1075 τῶν
785 1033 1052 1090 ἀνθρωπίνων
1071 1031 1096 1087 ἦ
1116 1034 1348 1090 ἕγχείρησις.
1408 1032 1455 1074 τὸ
1474 1033 1548 1086 μὲν
1565 1033 1645 1090 γὰρ

171 1112 261 1154 ταῖς
286 1102 512 1161 προφάσεσι
541 1104 608 1144 καὶ
635 1101 731 1152 τοὺς
759 1102 960 1156 πολέμους
980 1109 1220 1158 συμμετρεΐν
1249 1099 1508 1158 ἀνθρώπινον
1517 1134 1531 1153 ,
1570 1120 1643 1144 πε·-

172 1174 344 1231 ραιτέρω
371 1173 415 1214 δὲ
435 1178 582 1228 χωρεῖν
609 1170 731 1221 ἄλλος
756 1172 830 1225 μέν
854 1189 916 1221 τις
945 1171 1046 1213 εἴποι
1071 1170 1120 1212 ἄν
1140 1170 1201 1213 ὅτι
1219 1172 1444 1227 θηριῶδες,
1480 1169 1577 1225 ἡμῖν
1598 1171 1643 1213 δὲ

169 1246 287 1284 τοῦτο
306 1242 380 1295 μὲν
400 1241 446 1282 οὗ
467 1240 647 1292 λεκτέον,
690 1238 919 1294 αἰτούμεθα
946 1240 991 1282 δέ
1017 1256 1060 1282 σε
1087 1238 1352 1293 σπεισάμενον
1370 1239 1449 1295 ἤδη
1468 1238 1643 1294 πόλεμον

115 1320 158 1355 15
171 1310 280 1353 τόνδε
301 1308 559 1353 καταλύειιι.”
616 1307 768 1364 ταύτην
790 1307 811 1350 ὁ
829 1308 1024 1363 βασιλεὺς
1043 1307 1236 1358 πολλάκις
1256 1307 1551 1362 ἀπολεξάμενος
1570 1309 1643 1364 τὴν

166 1380 378 1434 ἐπιστολὴν
397 1379 575 1421 ἐπένευσε
595 1384 680 1428 τοῖς
699 1378 940 1435 εἰρημένοις,
960 1375 1056 1428 τούς
1074 1395 1115 1420 τε
1129 1376 1339 1432 Ῥωμαίων
1357 1376 1640 1432 αἷχμαλώτους
1662 1389 1696 1424 D

167 1449 388 1503 ἀπολαβών
418 1450 484 1490 καὶ
516 1447 558 1490 εἴ
580 1465 618 1489 τι
647 1463 725 1488 που
761 1446 948 1504 λάφυρον
974 1447 1150 1500 πολέμου
1179 1447 1328 1502 ἐγένετο
1358 1444 1642 1501 κομισάμενος,

165 1518 267 1575 πρὸς
295 1519 338 1560 δὲ
367 1519 434 1559 καὶ
463 1516 513 1559 τὰ
539 1516 663 1558 πιστὰ
691 1515 794 1573 πρὸς
818 1517 859 1557 Γ
857 1516 1035 1569 ιλιέλμου
1068 1515 1208 1568 λαβὼν
1237 1514 1454 1569 σύμμαχον
1485 1517 1527 1557 ἓν
1553 1523 1643 1565 ταῖς

165 1586 269 1629 κατὰ
298 1587 370 1642 τὴν
399 1584 571 1643 ἑσπέραν
600 1586 700 1635 ἕξειν
731 1582 854 1626 αὐτόν
861 1616 874 1636 ,
911 1584 982 1626 τὸν
1016 1581 1193 1638 πόλεμον
1227 1582 1381 1625 ἔλυσεν.
1451 1583 1573 1642 ὀλίγῳ
1601 1585 1669 1625 δὲ·

108 1665 154 1698 20
165 1655 333 1712 ὕστερον
350 1658 417 1697 καὶ
433 1655 535 1712 ῥῆγα
555 1656 759 1709 τετιζιιηκεν
779 1654 825 1695 οὗ
846 1651 1043 1710 πρότερον
1064 1651 1160 1694 ὄντα
1170 1685 1183 1704 ,
1203 1650 1397 1695 τοσοῦτόν
1415 1669 1456 1694 τε
1477 1653 1543 1694 ἐπ’
1567 1652 1645 1694 αὗ-

164 1729 222 1782 τῷ
241 1723 428 1781 τετήρηκε
450 1724 494 1765 τὸ
516 1723 693 1777 εὐμενές,
733 1721 788 1773 ὡς
813 1724 854 1764 Γ
851 1723 1030 1775 ιλιέλμου
1055 1721 1126 1763 τὸν
1141 1723 1234 1775 βίον
1253 1722 1642 1778 συμμετρησαμε’νου

164 1791 384 1849 προσιόντα
417 1792 529 1850 αὐτῷ
554 1792 623 1834 τὸν
657 1791 834 1849 ἄδελᾳὸν
864 1788 1101 1844 αἰτούμενόν
1124 1808 1166 1833 τε
1194 1789 1484 1846 συλλήψεσθαι
1518 1790 1641 1834 αὖτόν

163 1862 231 1917 ἐφ’
256 1855 289 1919 ᾧ
308 1865 485 1904 Σικελῶν
505 1861 612 1917 ἄρξει
632 1858 939 1918 προσὸἔξασθαι
960 1859 1162 1914 οὐδαμῶς.

256 1948 312 1982 18.
333 1943 372 1981 ἐν
394 1946 500 1991 ταῖς]
526 1943 565 1980 ἐν
586 1944 698 1985 vote?

163 2025 227 2050 nos
252 2014 345 2049 ultus
370 2026 419 2050 es,
466 2014 544 2048 dum
568 2016 704 2048 nostras
727 2012 837 2047 calcas
859 2015 989 2056 terras,
1019 2022 1138 2058 pacem
1163 2009 1344 2056 amplecti,
1373 2022 1440 2046 non
1455 2011 1554 2047 modo
1567 2023 1635 2047 non

163 2061 334 2106 ignobile,
369 2061 448 2106 quin
477 2060 592 2106 potius
619 2059 760 2092 maxime
789 2059 982 2102 gloriosum.
1030 2058 1123 2091 viros
1145 2062 1256 2090 autem
1282 2056 1426 2091 illustres
1448 2058 1635 2103 Romanos,

163 2118 270 2152 quos,
302 2107 352 2140 sic
374 2106 512 2140 volente
538 2107 675 2140 fortuna
696 2104 850 2150 captivos
873 2104 1032 2147 fecimus,
1059 2103 1133 2136 sine
1150 2113 1246 2137 mora
1259 2102 1428 2150 recipies,
1454 2103 1504 2138 ita
1519 2109 1558 2138 ut
1574 2116 1634 2139 ea-

162 2158 306 2198 propter
331 2152 473 2197 amplius
499 2152 595 2186 nobis
614 2162 682 2184 non
701 2150 870 2184 irascaris.
917 2161 1028 2194 neque
1051 2149 1138 2183 enim
1158 2149 1422 2183 succensendum
1437 2149 1564 2184 homini
1577 2151 1637 2196 qui

161 2199 252 2233 bello
275 2198 471 2243 impetitur,
503 2198 532 2231 si
557 2196 708 2231 hostibus
731 2196 801 2229 suis
826 2195 977 2230 resistat.
1023 2195 1075 2229 ita
1098 2195 1200 2240 plane
1219 2194 1378 2239 liquidum
1395 2195 1460 2237 sit,
1491 2201 1527 2230 te
1542 2197 1586 2231 ob
1602 2197 1638 2231 id

161 2255 284 2287 unum,
313 2244 405 2289 quod
431 2244 464 2277 iu
488 2243 634 2277 Euboea
652 2242 870 2286 deliquimus,
903 2242 1024 2275 bellum
1039 2241 1128 2274 iuste
1143 2251 1282 2284 gerere:
1316 2241 1410 2274 cuius
1425 2241 1560 2285 quidem
1573 2242 1635 2276 de-

160 2290 253 2334 licti,
285 2290 375 2324 ultra
402 2301 502 2335 quam
529 2300 591 2335 par
619 2293 671 2322 est
695 2298 846 2332 poenas,
872 2292 912 2320 ut
934 2287 1097 2329 diximus,
1125 2285 1281 2330 exegisti.
1327 2286 1356 2320 si
1378 2286 1484 2331 igitur
1506 2299 1569 2334 pro
1593 2288 1637 2322 iis

161 2347 249 2381 quae
264 2336 298 2370 in
312 2340 390 2370 tuas
405 2335 608 2369 commisisse
623 2340 733 2368 terras
747 2333 1047 2378 deprehendimur,
1076 2332 1212 2366 multam
1227 2331 1383 2376 irrogare
1396 2333 1564 2375 statuisti,
1596 2345 1637 2367 ea

160 2381 235 2427 ipsa
251 2383 340 2427 apud
358 2381 566 2416 maiestatem
582 2387 674 2414 tuam
691 2379 933 2414 excusavimus.
980 2378 1009 2413 si
1023 2389 1108 2422 vero
1124 2389 1257 2422 semper
1271 2377 1334 2411 tibi
1347 2378 1511 2413 adversus
1526 2390 1635 2425 genus

161 2433 311 2461 nostrum
327 2428 449 2461 bellum
465 2427 605 2472 gerendi
621 2426 722 2460 causa
738 2430 912 2470 superest,
935 2424 968 2458 id
982 2425 1017 2458 in
1034 2424 1150 2469 primis
1165 2423 1342 2457 attendere
1357 2428 1392 2458 te
1409 2430 1546 2469 oportet
1556 2452 1567 2469 ‚
1590 2437 1635 2459 ne

162 2480 301 2518 praeter
314 2474 365 2507 ius
380 2475 528 2518 gentium
544 2473 576 2507 id
593 2473 667 2507 fiat.
715 2471 806 2505 bella
831 2470 956 2516 quippe
982 2469 1215 2516 praetextibus
1239 2469 1367 2512 metiri,
1394 2469 1536 2504 hominis
1561 2475 1637 2513 est3

163 2519 304 2553 ulterius
327 2531 411 2553 vero
433 2520 576 2553 tendere
588 2546 598 2563 ‚
627 2518 693 2552 erit
708 2517 766 2562 qui
781 2518 928 2550 serarum
945 2528 1022 2550 esse
1037 2515 1208 2561 proprium
1224 2514 1372 2557 dixerit,
1401 2515 1498 2549 nobis
1523 2522 1638 2551 autem

162 2563 197 2597 id
217 2566 408 2600 tacendum.
454 2570 491 2599 te
506 2565 610 2610 igitur
626 2565 862 2607 obsecramus,
894 2567 933 2596 ut
947 2562 1053 2596 hocce
1069 2562 1192 2595 bellum
1208 2564 1327 2594 sancto
1344 2561 1486 2595 foedere
1499 2561 1638 2596 dirima-

164 2613 230 2645 tur.
240 2610 260 2626 ''
306 2611 358 2646 his
385 2611 518 2656 saepius
545 2610 703 2656 perlectis
728 2609 860 2652 literis,
891 2607 1028 2642 tandem
1057 2607 1155 2641 dictis
1171 2606 1287 2640 annuit
1300 2606 1505 2651 imperator,
1537 2619 1638 2642 rece-

163 2655 298 2700 ptisque
320 2657 478 2691 Romanis
503 2656 647 2701 captivis
670 2655 806 2699 aliaque
821 2654 900 2688 belli
914 2654 1044 2698 praeda
1058 2652 1221 2686 restituta
1233 2677 1243 2694 ,
1274 2651 1344 2685 fide
1358 2652 1400 2686 ud
1416 2653 1502 2687 haec
1516 2653 1599 2688 data
1613 2666 1636 2689 a

165 2701 356 2744 Gulielmo,
388 2715 426 2737 se
448 2702 563 2737 sociali
589 2713 663 2736 cum
690 2700 843 2734 exercitu
872 2710 992 2734 versus
1020 2698 1241 2733 Occidentem
1267 2703 1479 2744 secuturum,
1509 2700 1635 2734 bellum

162 2746 274 2780 solvit.
320 2758 382 2782 nec
414 2749 518 2782 multo
544 2748 723 2782 interiecto
749 2751 902 2792 tempore
929 2756 1044 2789 regem
1070 2743 1277 2778 renuntiavit
1303 2744 1527 2786 Gulielmum‚
1559 2757 1633 2779 cum

164 2796 266 2826 antea
281 2791 344 2826 hac
358 2793 524 2836 dignitate
540 2805 606 2827 non
620 2793 795 2838 gauderet.
842 2795 940 2825 tanta
954 2802 1037 2825 vero
1054 2801 1137 2834 erga
1151 2790 1240 2824 illum
1259 2800 1340 2823 usus
1356 2795 1410 2824 est
1423 2791 1633 2825 benevolen-

162 2838 230 2879 tia,
260 2842 301 2870 ut
314 2849 355 2870 eo
371 2845 520 2880 mortuo,
549 2840 765 2874 accedentem
781 2839 920 2872 fratrem
930 2864 940 2881 ,
969 2847 1134 2882 opemque
1148 2836 1192 2871 ad
1206 2835 1427 2873 invadendum
1444 2837 1633 2873 Siculorum

163 2882 387 2929 principatum
401 2883 651 2931 implorantem,
683 2884 940 2931 haudquaquam
954 2881 1136 2919 admiserit.
