1878 3262
662 222 1057 267 HISTORIARUM
1088 224 1137 267 L.
1170 223 1225 267 Π.
1614 225 1678 271 85

217 334 389 394 ρώμενοι
419 337 544 379 ἵππον
578 338 675 393 πεζῇ
707 336 777 379 τὸν
813 335 987 390 πόλεμον
1023 339 1190 394 ἐνεγκεῖν
1215 337 1406 395 ἔγνωσαν.
1471 340 1676 397 Γερμανοὶ

215 406 348 447 τοίνυν
373 405 497 463 ἆνέτῳ
522 411 573 462 τῇ
595 406 729 448 αὐτῶν
749 403 1048 460 ἐντετυχηκότες
1062 408 1189 464 ἵππῳ,
1223 408 1349 464 αὐτῆς
1369 409 1443 463 μὲν
1464 407 1671 466 ἐκράτουν,
1694 418 1723 452 P
1747 417 1793 452 48

214 478 295 516 τῶν
321 474 364 516 δὲ
380 473 619 528 Ἀλαμανῶν
644 474 917 531 εὐχερέστερον
939 475 1284 530 καθιππαζόμενοι
1305 475 1514 534 ἐτρέποντό
1539 495 1581 520 τε
1595 477 1670 520 αὖ-
1692 487 1726 521 V
1751 487 1795 522 38

214 542 310 593 τοὺς
345 543 388 585 ἐκ
423 543 547 593 ποδὸς
580 542 738 594 ἰόντας,
786 543 916 585 καίτοι
951 540 1098 597 πλήθει
1125 545 1237 601 παρὰ
1262 546 1365 588 πολὺ
1392 546 1526 588 αὐτῶν
1551 547 1675 589 ἐλασ-

181 610 423 665 5σούμενοι,
459 614 525 654 καὶ
550 616 609 670 τῷ
634 612 826 669 εἰρημένῳ
851 610 1195 667 προσεκερτόμουν
1222 613 1382 666 αὐτοῖς,
1418 613 1480 656 ὅτι
1508 615 1558 670 δὴ
1585 615 1674 666 ἐξὸν

212 681 288 723 σὺν
312 687 397 730 τοῖς
416 682 556 731 ἵπποις
578 679 786 734 μάχεσθαι
813 679 852 721 οἳ
878 680 921 722 δὲ
946 682 1043 736 πεζῇ
1068 681 1137 722 τὸν
1158 680 1333 735 πόλεμον
1355 684 1519 725 εἵλοντο.
1553 688 1674 726 τοῦτο

214 749 265 804 δὴ
298 751 367 790 καὶ
399 747 487 792 τότε
522 747 709 806 καθάπερ
748 749 902 805 εἴρηται
936 748 1037 805 πρὸς
1069 753 1150 791 τῶν
1183 751 1406 807 Γερμανῶν
1433 751 1675 805 Ἀλαμανοῖς

211 815 496 875 ἐπιφερόμενον
521 821 697 872 συνεχῶς
719 815 875 873 μεγάλα
901 815 1058 867 τούτοις
1082 817 1229 860 ἐλύπει.
1298 819 1367 861 διὰ
1392 818 1511 861 τοῦτό
1533 837 1575 862 τε
1603 815 1674 862 οὖν

213 888 281 928 καὶ
308 885 370 928 ὅτι
409 887 462 928 τὰ
488 884 655 942 δεύτερα
690 889 946 942 κληροῦσθαι
972 890 1054 928 τῶν
1078 888 1301 943 Γερμανῶν
1326 889 1508 938 κίνδυνος
1534 888 1671 938 αὐτοῖς

159 964 202 998 10
213 956 254 997 ἐν
278 961 368 1005 ταῖς
393 953 501 1004 ὁδοῖς
525 956 788 1011 περιίσταται,
818 953 912 1011 ἄχρι
934 954 1008 1008 μὲν
1031 957 1098 996 καὶ
1122 957 1186 997 ἐπὶ
1210 956 1284 1011 τὴν
1309 957 1571 1013 Φιλαδέλφου
1586 955 1674 1010 ἅμα

211 1021 413 1080 ἐχώρουν,
450 1023 495 1066 τὸ
523 1023 564 1065 δ’
593 1024 778 1065 ἐντεῦθεν
802 1021 1021 1080 Κορράδος
1046 1024 1119 1065 οὔκ
1141 1023 1198 1066 ἔτι
1225 1025 1360 1082 φέρειν
1386 1027 1422 1067 εἶ
1441 1024 1543 1082 πρὸς
1567 1027 1610 1066 Γ
1606 1042 1673 1082 ερ-

209 1096 350 1146 μανῶν
374 1095 593 1149 περιορῷτο
621 1092 883 1146 δεδυνημένος
907 1096 1158 1135 παλινοστεΐν
1184 1093 1305 1149 ἔγνω·
1339 1094 1477 1147 ’ἀμέλει
1502 1096 1568 1135 καὶ
1592 1098 1672 1147 βα·-
1695 1103 1724 1138 Β

210 1165 318 1203 σιλεῖ
336 1159 406 1202 τὸν
442 1159 592 1202 σκοπὸν
617 1161 840 1210 ἐπιστείλας
865 1159 1024 1215 ἐδήλου.
1095 1159 1116 1203 ὃ
1145 1162 1189 1203 δὲ
1223 1161 1267 1203 τὸ
1293 1162 1368 1216 μὲν
1393 1162 1674 1218 ἀπονοσφιζειν

211 1227 395 1283 ἀλλήλων
419 1229 515 1278 τοὺς
539 1227 664 1285 ῥῆγας
690 1230 866 1280 ἐθέλων,
900 1229 946 1271 τὸ
974 1229 1018 1271 δέ
1042 1231 1110 1271 καὶ
1135 1234 1194 1287 τῷ
1221 1228 1428 1288 ἀνθρώπῳ
1455 1234 1676 1286 συναλγῶν,

158 1298 404 1342 15ἐπέστειλε
439 1295 574 1340 τοιάδε
591 1311 602 1321 ·
645 1295 957 1353 αἈνθρώποις,
991 1295 1054 1347 οἷς
1078 1299 1146 1340 καὶ
1178 1298 1284 1340 κατὰ
1307 1299 1444 1356 βραχὺ
1471 1303 1546 1340 τοῦ
1571 1316 1676 1355 φρο-

210 1373 291 1408 νεῖν
326 1366 532 1420 μέτεστιν,
568 1365 615 1407 οὗ
653 1366 724 1415 ξὺν
758 1372 847 1415 ταῖς
882 1364 1024 1419 τύχαις
1048 1366 1100 1408 τὰ
1125 1365 1345 1423 πράγματα
1370 1371 1540 1424 θεωρεῖν
1566 1367 1676 1419 ἔθος,

210 1435 303 1477 ἀλλ’
344 1434 450 1476 αὗτὰ
485 1434 591 1476 καθ’
630 1432 735 1476 αὑτὰ
761 1436 1007 1491 περιπετείας
1040 1434 1116 1484 ἔξω
1142 1434 1261 1485 τινός.
1330 1434 1421 1478 οὔτε
1446 1436 1580 1478 τοίνυν
1606 1436 1673 1477 εὗ-

208 1503 447 1560 θηνουμένῳ
473 1518 537 1545 σοι
561 1499 661 1559 ὑπὲρ
687 1502 899 1562 τὴντῖξίαν
921 1503 1227 1559 προσφέρεσθαι
1250 1503 1435 1559 ἔγνωμεν,
1469 1505 1535 1545 καὶ
1550 1508 1619 1545 νῦν
1631 1521 1673 1558 γε

208 1573 381 1628 μετρίως
420 1570 762 1628 δυσπραγήσαντα
794 1577 878 1620 τοῖς
914 1571 1052 1621 αὐτοῖς
1091 1573 1158 1613 καὶ
1198 1570 1319 1613 πάλιν
1354 1589 1398 1614 σε
1438 1573 1674 1622 δεξιοῦσθαι

153 1639 354 1682 Ξοοῧκουν
368 1638 600 1694 ὄκνήσομεν,
637 1637 698 1690 οἷς
722 1641 790 1681 καὶ
815 1639 861 1681 τὸ
889 1637 1083 1696 πρότερον
1096 1638 1172 1682 ὅσα
1186 1642 1253 1682 καὶ
1280 1644 1445 1696 ξυγγενῆ
1471 1642 1537 1682 καὶ
1559 1644 1674 1695 τηλι-

209 1707 362 1750 κούτων
397 1709 529 1749 ἐθνῶν
564 1707 742 1764 ἄρχοντα
775 1712 897 1761 τιμᾶν
929 1706 1025 1762 ἣμΐν
1059 1709 1134 1761 μὲν
1161 1709 1228 1750 διὰ
1254 1711 1436 1763 σπουδῆς
1459 1703 1534 1764 ἦν,
1570 1712 1673 1762 ξυμ-

207 1774 412 1829 βουλεύειν
437 1793 478 1818 τε.
511 1776 563 1818 τὰ
596 1774 900 1833 παριστάμενα,
940 1780 1021 1818 τῶν
1046 1776 1263 1833 εἰρημένων
1288 1795 1330 1819 τε
1366 1779 1477 1819 ἕνεκα
1504 1779 1570 1818 καὶ
1597 1781 1669 1818 τοῦ
1692 1788 1721 1822 C

209 1843 497 1901 ὃμοθρήσκους
528 1842 638 1899 ἡμᾶς
673 1843 864 1899 ἀλλήλοις
897 1842 1009 1887 εἶναι.
1079 1845 1129 1888 σὺ
1158 1845 1200 1887 δ’
1231 1845 1325 1887 ἀλλ’
1355 1845 1427 1887 οὐκ
1454 1843 1535 1886 οἷδ’
1565 1844 1674 1894 ὅπως

301 1952 357 1987 23.
381 1949 425 1986 σὺ
447 1948 489 1986 δ’
510 1947 620 1996 ἀπ’]
652 1950 735 1987 cod.
756 1947 845 1986 οὐδ’
865 1947 963 1985 0222’.

209 2055 283 2079 rum
299 2043 484 2088 equitatum
496 2069 506 2086 ‚
528 2041 651 2076 bellum
667 2041 797 2087 pedites
813 2041 979 2074 conficere
1002 2040 1192 2075 instituunt.
1238 2044 1275 2076 at
1290 2041 1452 2075 Germani
1467 2041 1502 2075 in
1517 2041 1670 2075 incondi-

210 2096 282 2123 tum
306 2089 563 2133 neglectumque
584 2099 698 2121 eorum
720 2086 904 2131 equitatum
924 2088 1016 2120 facto
1042 2087 1192 2132 impetu,
1215 2086 1306 2120 illum
1321 2088 1410 2121 haud
1427 2099 1528 2131 aegre
1544 2088 1669 2122 delent.

208 2141 408 2180 ceterasque
431 2134 511 2168 inde
538 2133 795 2168 Alemannorum
811 2132 926 2177 copias
941 2132 1117 2176 pedestres
1132 2137 1268 2166 vertunt
1283 2133 1317 2166 in
1332 2133 1456 2177 fugam,
1483 2133 1548 2167 etsi
1562 2134 1670 2167 bella-

208 2187 319 2215 torum
343 2192 479 2214 numero
502 2180 601 2223 longe
622 2179 664 2212 ab
688 2178 752 2211 illis
768 2183 1021 2223 superarentur.
1066 2182 1137 2211 tum
1154 2178 1295 2212 dicterio
1310 2178 1376 2212 iam
1392 2183 1575 2212 memorato
1591 2191 1671 2224 per-

207 2227 378 2262 strinxere
398 2226 560 2260 Germani
587 2225 807 2267 Alemannos,
830 2224 923 2268 quod
939 2235 1012 2258 cum
1038 2224 1230 2269 potuissent
1243 2236 1286 2257 ex
1301 2224 1394 2270 equis
1410 2236 1582 2268 pugnare,
1608 2236 1671 2269 pe-

209 2273 325 2307 destre
341 2272 501 2317 praelium
517 2270 768 2316 praetulissent.
814 2269 849 2303 id
865 2274 936 2303 tum
953 2281 1103 2314 quoque,
1144 2275 1182 2303 ut
1197 2270 1297 2303 retuli
1308 2296 1319 2312 ‚
1350 2282 1372 2304 a
1389 2270 1571 2304 Germanis
1587 2282 1671 2304 con—

208 2319 304 2352 tinuo
330 2318 497 2352 obiectum
521 2316 714 2351 Alemannis
735 2327 802 2349 non
825 2326 944 2359 parum
959 2315 1131 2348 molestum
1145 2315 1222 2350 fuit.
1269 2327 1310 2349 ea
1331 2315 1435 2360 igitur
1450 2321 1611 2361 propter,
1636 2321 1671 2350 et

210 2364 303 2408 quod
318 2363 369 2397 his
384 2363 566 2408 periculum
581 2367 655 2404 erat
669 2374 712 2395 ne
727 2361 760 2394 in
775 2361 896 2394 itinere
909 2360 1088 2395 Germanis
1101 2360 1281 2394 inferiores
1295 2361 1491 2403 existerent,
1515 2373 1582 2395 una
1597 2361 1671 2406 qui-

210 2410 288 2443 dem
304 2409 347 2443 ad
370 2408 632 2453 philadelphiam
654 2419 761 2452 usque
779 2406 924 2452 profecti
944 2411 1038 2441 sunt:
1073 2406 1194 2440 exinde
1213 2418 1299 2440 vero
1313 2407 1493 2441 Conradus
1505 2432 1516 2449 ‚
1538 2418 1614 2440 cum
1631 2418 1670 2440 se

211 2455 380 2489 contemni
405 2466 427 2488 a
450 2454 629 2488 Germanis
652 2455 744 2487 ferre
771 2464 840 2486 non
867 2458 1004 2498 posset,
1035 2452 1165 2485 reverti
1187 2453 1324 2493 statuit,
1347 2452 1457 2496 deque
1473 2463 1514 2486 eo
1529 2452 1669 2486 consilio

211 2501 339 2534 monuit
351 2500 600 2545 imperatorem.
644 2499 701 2533 ille
723 2510 796 2532 cum
811 2509 911 2542 reges
925 2498 1072 2532 invicem
1090 2498 1205 2531 divelli
1227 2502 1429 2543 percuperet
1447 2502 1481 2530 et
1494 2497 1592 2531 simul
1605 2498 1668 2532 ho-

212 2546 310 2580 minis
320 2545 451 2579 doleret
465 2546 574 2580 vicem
585 2571 595 2588 ‚
621 2545 723 2578 hasce
737 2544 855 2578 literas
869 2542 975 2578 misit:
1001 2546 1080 2578 “res
1098 2554 1213 2577 omnes
1228 2554 1302 2576 cum
1317 2543 1416 2577 adest
1430 2544 1586 2586 fortuna,
1609 2543 1668 2578 vel

214 2591 272 2635 qui
293 2591 458 2625 minimum
481 2592 636 2634 sapiunt,
659 2601 834 2635 numquam
852 2589 1025 2634 pensitare
1040 2589 1150 2623 solent
1161 2613 1171 2630 ‚
1194 2588 1255 2634 sed
1270 2589 1358 2634 ipsas
1374 2600 1436 2634 per
1452 2600 1491 2623 se
1505 2589 1593 2623 omui
1608 2601 1667 2623 ca-

214 2647 310 2670 suum
337 2637 500 2670 varietate
521 2637 720 2670 denudatas.
765 2647 832 2668 non
855 2635 969 2680 itaque
993 2646 1066 2668 cum
1092 2645 1256 2679 prospere
1281 2634 1392 2668 omnia
1414 2634 1476 2669 tibi
1497 2635 1670 2677 cederent,

214 2691 318 2726 snpra
343 2694 440 2727 quam
464 2694 507 2716 ex
529 2682 697 2725 dignitate
720 2685 814 2724 erat,
847 2684 883 2715 te
905 2680 956 2720 uti
979 2680 1157 2714 voluimus.
1213 2691 1302 2713 nunc
1326 2691 1410 2714 vero
1433 2692 1507 2714 cum
1521 2681 1668 2715 adversa

216 2726 454 2770 quodammodo
470 2732 504 2762 te
518 2734 640 2772 urgeat
654 2728 791 2760 fortuna
801 2752 811 2768 ,
832 2725 949 2760 iisdem
975 2725 1139 2760 demereri
1155 2725 1326 2770 obsequiis
1345 2725 1434 2760 haud
1449 2737 1511 2760 nos
1527 2727 1666 2771 pigebit,

216 2771 338 2815 quibus
351 2777 454 2806 antea
468 2778 504 2807 et
516 2772 795 2817 consanguineum
805 2798 816 2812 .,
839 2776 876 2805 et
889 2776 944 2806 tot
959 2772 1128 2805 nationum
1144 2771 1259 2805 (lucem
1274 2772 1440 2806 honorare
1452 2772 1595 2806 sollicite
1609 2783 1668 2806 cu-

219 2816 395 2860 ravimus,'
410 2822 446 2851 et
460 2818 503 2852 de
518 2820 618 2852 rebus
631 2817 875 2852 imminentibus
889 2818 1028 2852 consilia
1043 2817 1142 2860 dare,
1166 2828 1239 2851 cum
1263 2817 1307 2850 ob
1329 2817 1393 2851 iam
1413 2817 1522 2852 dictas
1535 2827 1668 2858 causas,

219 2869 288 2896 tum
311 2862 403 2907 quod
426 2867 571 2909 uterque
595 2864 742 2900 eamdem
766 2864 986 2910 profiteamur
1008 2862 1216 2908 religionem.
1269 2867 1306 2898 at
1330 2867 1368 2898 tu
1394 2863 1530 2908 quidem
1554 2861 1667 2897 nescio
