1878 3262
566 185 1109 232 COMMENTARJORUM
1142 155 1192 231 ιζ
1217 187 1301 233 ιν.
1569 191 1662 237 165

183 299 289 358 “f’ych
315 301 389 356 μὲν
415 301 462 345 τὸ
491 300 588 356 ἐμὸν
619 300 727 346 ἅπαν
761 302 826 345 ἐπὶ
853 303 1034 362 σωτηρίᾳ
1059 306 1112 360 τῇ
1139 306 1195 361 σῇ
1214 301 1271 354 ὧς
1292 301 1381 347 ἐνὸν
1403 301 1660 363 πεπλήρωκα,

186 370 259 413 σὸν
277 370 319 412 δ’
347 369 398 414 ἂν
421 370 480 426 εἴη
502 371 642 414 λοιπὸν
663 375 844 429 πληροῦν
866 387 931 415 σοι
953 372 1000 414 τὸ
1020 371 1266 427 βουλητόν.”

325 439 404 486 39.
470 439 579 483 Ἐπεὶ
610 441 654 483 δὲ
684 441 831 495 συνέβη
855 439 946 483 τότε
977 439 1313 499 Κοντοστέφανόν
1342 459 1433 484 τινα
1458 439 1658 486 Ἰσαάκιον
1679 446 1712 482 D

184 512 261 550 τοῦ
279 508 407 551 ἰ’ππου
432 510 716 564 διολισθῆσαι,
744 509 815 552 τὸν
835 507 1120 565 Παλαιολόγον
1139 515 1286 567 φωνῶν
1304 510 1546 554 ἀνεκαλεῖτο.
1605 509 1661 562 ὥς

151 583 174 618 5
188 576 232 619 δ’
262 577 304 619 ἕν
334 574 476 633 γνώσει
511 578 657 628 ἐκεῖνος
687 576 831 621 τούτου
860 578 992 634 γέγονε
1015 576 1084 620 διά
1104 596 1233 632 τινος,
1261 579 1332 622 τὸν
1351 580 1540 634 εὐνοῦχον
1558 579 1661 637 πρὸς

183 645 282 696 τοὺς
316 647 446 697 ῗὸιόυς
479 645 696 697 πιστεύσας
725 645 982 704 θεράποντας
1005 647 1107 701 μεθ’
1135 646 1272 706 ἑτέρου
1293 648 1403 700 τινὸς
1425 653 1507 692 τῶν
1534 648 1663 691 αὐτοῦ

182 713 448 772 θεραπόντων
471 714 577 758 ἔνθα
597 715 667 758 τὸν
689 716 1025 774 Κοντοστέφανον
1049 715 1217 759 ἔσεσθαι
1248 716 1384 774 ἔλεγον
1412 716 1530 775 ἀπῄει
1543 750 1556 770 ,
1591 719 1660 759 καὶ

181 781 442 838 θεασάμενος.
462 784 586 827 αὐτὸν
610 783 825 842 πόρρωθεν
846 789 1060 843 φωνοῦντα
1083 784 1408 843 ἅπερικάλυπτον
1429 787 1504 842 τὴν
1529 803 1659 844 κεφα-

180 850 276 906 λήν,
312 850 514 910 ὖπεκρίθη
553 853 611 908 μὴ
645 852 746 911 ὁρᾶν
774 852 923 906 αὐτόν,
959 851 1246 908 δοκιμάζοντος
1271 853 1370 898 οἷον.
1438 856 1588 898 ἐκείνου
1615 856 1660 898 δὲ

124 929 170 964 10
181 919 251 962 τὸν
284 920 574 979 Παλαιολόγον
600 924 870 981 γνωρίσαντος
899 924 966 965 καὶ
989 927 1146 977 μᾶλλον
1168 923 1292 966 αὐτὸν
1314 923 1658 978 ἀνακαλουμένου,

177 989 264 1031 ἐπεὶ
291 989 388 1040 τοὺς
421 989 634 1048 Τούρκονς
665 989 960 1047 πλησιάζοντας
994 990 1197 1035 ἐθεάσατο
1206 1025 1220 1044 ,
1257 994 1338 1035 δεῖν
1374 991 1473 1048 ἴγνω
1503 993 1563 1048 μὴ
1594 993 1659 1034 ἐπὶ

115 1104 119 1109 ‚
178 1056 300 1100 πλέον
336 1058 411 1113 τὴν
450 1060 600 1115 σκηνὴν
636 1058 952 1118 ὓποκρῖνεσθαι,
981 1063 1047 1103 καὶ
1082 1059 1313 1116 πλησιάζων
1348 1061 1461 1119 αὐτῷ
1486 1059 1660 1119 ἑτέρωθι

177 1127 339 1180 βλέπων
364 1125 510 1185 ἐφώνει
538 1126 685 1179 αποῖος
704 1129 775 1172 τὸν
800 1130 1137 1187 Κοντοστέφανον
1170 1128 1430 1185 ἓθεάσατο;”
1463 1127 1485 1171 ὅ
1520 1131 1564 1172 δὲ
1593 1131 1659 1172 ἐπὶ

174 1195 298 1238 πλέον
323 1195 469 1253 ἐφώνει
488 1201 632 1239 τοῧτον
655 1196 994 1252 ἀνακαλούμενος.
1065 1197 1258 1241 ἀπελθών
1279 1193 1351 1241 οὖν
1369 1200 1426 1248 εἷς
1441 1197 1567 1241 αὐτὸν
1586 1199 1657 1241 καὶ

121 1271 166 1305 15
179 1262 371 1315 κελεύσας
401 1265 653 1321 ε’ποχηθῆναι
684 1268 740 1316 εἲς
774 1265 821 1308 ὃν
850 1266 963 1324 αὐτῷ
979 1263 1163 1321 ἐκόμισεν
1178 1267 1304 1309 ἵππον
1325 1265 1555 1325 ὑπέστρεψε
1579 1268 1654 1310 σὺν
1676 1249 1711 1330 ἕ
1732 1251 1798 1332 ἶὲὃ

175 1333 302 1392 αῧτῷ.
371 1332 671 1389 καταλαβόντες
700 1335 744 1378 δὲ
774 1333 876 1378 ἔνθα
909 1334 931 1377 ὃ
963 1333 1250 1392 Παλαιολόγος
1272 1336 1342 1378 τὸν
1366 1336 1556 1390 εὐνοῦχον
1577 1354 1653 1379 κα-

173 1402 327 1454 τέλιπε,
362 1402 574 1460 παραδοὺς
604 1410 690 1454 τοῖς
723 1404 841 1454 ἰδίοις
872 1404 1045 1454 οἰκέταις
1053 1436 1067 1456 ,
1102 1403 1495 1462 συμπαραλαβόντες
1532 1405 1655 1448 αὐτὸν

174 1468 439 1525 κατήλθοσαν
470 1471 558 1526 ἅμα
585 1474 642 1522 εἷς
655 1470 936 1515 Ἕλενούπολιν
946 1505 960 1525 ,
996 1472 1185 1516 κάκεῖθεν
1208 1476 1265 1523 εἷς
1286 1473 1361 1528 τὴν
1380 1472 1497 1516 πόλιν
1521 1472 1651 1531 εἰσῄε-

173 1555 252 1581 σαν
269 1539 374 1594 μετὰ
392 1544 468 1582 τοῦ
487 1541 830 1598 καταλειφθέντος
853 1540 1171 1599 στρατεύματος.

117 1615 166 1651 20
259 1608 265 1610 ”
315 1608 397 1653 40.
460 1606 510 1652 Ὁ
547 1610 592 1651 δὲ
629 1607 874 1660 δολιώτατος
906 1610 1096 1665 εὐνοῦχος
1131 1607 1321 1652 ἁπάντων
1357 1607 1654 1664 ἐπιλαθόμενος

173 1678 241 1719 καὶ
273 1674 408 1734 ὥσπερ
440 1677 493 1720 τὰ
526 1677 717 1732 αἴσχιστα
741 1678 892 1722 παθὼν
913 1679 1027 1736 παρὰ
1047 1683 1122 1721 τοῦ
1139 1676 1428 1735 Παλαιολόγου
1452 1679 1547 1722 κατ’
1574 1679 1651 1721 αὖ-

172 1749 248 1787 τοῦ
274 1746 344 1787 καὶ
374 1748 449 1788 τοῦ
476 1747 684 1804 ,Κουρτίκη
714 1747 817 1804 πρὸς
844 1747 916 1791 τὸν
939 1748 1114 1802 βασιλέα
1139 1747 1267 1798 εὐθὺς
1286 1746 1473 1805 ἔγραφεν.
1543 1749 1584 1789 ἓν
1607 1749 1651 1790 δὲ

265 1867 301 1901 8.
325 1861 645 1912 ἄπερικοὶλυπτον]
669 1866 712 1900 Ρ.
735 1865 1028 1910 περικαλύπτων.
1168 1867 1223 1900 10.
1248 1863 1580 1910 ἀνακαλουμένου]
1604 1867 1648 1901 V.

267 1908 586 1955 ἀνακαλούμενον.
726 1913 785 1947 18.
805 1910 1072 1957 κατήλθοσαν]
1095 1911 1141 1948 Ρ.
1164 1911 1370 1957 κατῆλθον.

172 2014 256 2048 tium
277 2014 313 2048 in
336 2017 374 2049 te
391 2014 560 2050 servando
577 2014 715 2061 explevi
730 2014 841 2050 omnia
856 2015 971 2061 quoad
984 2015 1092 2061 potui.
1140 2017 1234 2049 tuum
1250 2014 1316 2050 erit
1329 2015 1452 2052 deinde
1467 2016 1497 2051 si
1511 2016 1650 2052 libuerit

170 2065 348 2106 praestare
362 2061 453 2105 quod
467 2061 650 2107 polliceris.
659 2060 681 2078 ’²

263 2107 321 2142 39.
365 2108 467 2141 Tunc
487 2107 632 2152 contigit
654 2107 834 2152 quemdam
846 2106 1015 2142 Isaacium
1031 2106 1345 2153 Contostephanum
1361 2119 1405 2142 ex
1424 2119 1512 2154 equo
1527 2108 1597 2143 labi
1613 2113 1648 2144 et

169 2152 415 2197 Palaeologum
429 2153 609 2198 implorare
622 2165 710 2188 voce
731 2164 872 2198 magna,
901 2152 992 2199 quod
1008 2164 1083 2187 cum
1099 2153 1132 2187 ei
1146 2164 1166 2187 a
1182 2153 1328 2198 quodam
1340 2153 1524 2188 indicatum
1545 2160 1653 2198 esset,

170 2199 324 2233 eunucho
351 2199 500 2244 propriis
528 2199 762 2233 commendato
785 2199 894 2234 servis
917 2199 993 2244 ipse
1019 2210 1095 2233 cum
1110 2199 1175 2233 alio
1191 2199 1335 2245 quodam
1351 2211 1486 2234 suorum
1501 2201 1647 2235 famulo-

168 2256 244 2278 rum
259 2256 301 2278 eo
316 2256 355 2279 se
369 2245 512 2279 contulit
527 2245 584 2279 ubi
599 2256 676 2279 esse
690 2245 1004 2290 Contostephanum
1019 2244 1168 2280 aiebant.
1215 2249 1251 2279 et
1275 2257 1351 2280 eum
1375 2245 1509 2280 intuens
1526 2247 1647 2290 procul

171 2290 390 2333 clamantem,
419 2291 494 2336 ipse
518 2296 623 2336 caput
646 2295 829 2335 contegens
853 2291 1008 2335 fingebat
1031 2302 1071 2326 se
1095 2303 1164 2325 non
1180 2291 1300 2325 videre
1323 2295 1462 2326 tentans
1485 2293 1648 2327 videlicet
1664 2302 1674 2311 ·

172 2335 248 2370 lusu
275 2336 429 2381 quodam.
477 2348 551 2371 cum
576 2340 690 2370 autem
703 2337 762 2371 ille
774 2337 1018 2382 palaeologum
1031 2337 1212 2382 praeclare
1227 2348 1416 2381 agnoscens
1430 2338 1576 2372 validius
1591 2338 1645 2372 in-

170 2382 352 2424 clamaret,
381 2388 418 2416 et
444 2382 571 2427 alioqui
592 2383 727 2416 Turcos
751 2382 794 2417 ad
822 2395 896 2418 eum
926 2383 1240 2428 appropinquantes
1252 2383 1480 2427 Palaeologus
1494 2384 1645 2417 animad-

170 2428 296 2471 vertit,
328 2440 396 2462 non
421 2428 486 2462 iam
510 2426 704 2462 ludendi'ac
721 2440 782 2474 per
795 2428 904 2463 iocum
921 2429 1094 2463 simulandi
1109 2435 1241 2473 tempus
1266 2433 1381 2474 ratus,
1412 2430 1578 2463 accedens
1599 2430 1644 2464 ad

170 2474 277 2518 ipsum
303 2478 340 2508 et
363 2474 430 2508 alio
454 2474 590 2508 intuens
614 2475 817 2519 quaerebat,
846 2487 924 2509 num
947 2474 1021 2520 quis
1048 2475 1364 2520 Contostephanum
1386 2474 1540 2509 vidisset.
1585 2475 1644 2510 ille

170 2530 254 2553 vero
270 2524 365 2554 tanto
382 2521 574 2554 contentius
590 2521 846 2555 vociferabatur
859 2521 1101 2564 Palaeologum
1114 2521 1289 2557 invocans.
1333 2520 1391 2565 qui
1406 2524 1489 2555 tunc
1503 2520 1549 2555 ad
1565 2532 1642 2557 eum

170 2565 336 2603 accedeus
352 2566 582 2601 conscendere
596 2566 695 2600 iussit
708 2578 808 2611 quem
821 2567 887 2612 ipsi
903 2567 1048 2600 ducebat
1073 2578 1214 2611 equum,
1246 2578 1288 2600 ac
1303 2577 1377 2600 cum
1392 2566 1466 2612 ipso
1481 2578 1642 2602 reversus

171 2614 234 2645 est.
280 2611 339 2656 qui
358 2624 432 2646 cum
454 2624 495 2646 eo
517 2613 753 2659 pervenissent
768 2612 826 2646 ubi
840 2612 1068 2656 palaeologus
1082 2613 1269 2646 eunuchum
1284 2612 1470 2657 reliquerat
1481 2613 1544 2647 sub
1560 2625 1643 2647 cura

170 2667 348 2691 servorum
361 2669 496 2692 suorum
506 2684 517 2699 ‚
548 2659 605 2693 illo
623 2669 739 2692 eorum
754 2669 860 2703 opera
877 2669 991 2692 secum
1006 2663 1180 2703 assumpto
1191 2683 1201 2701 ‚
1231 2658 1470 2705 Helenopolim
1484 2659 1640 2705 primum,

171 2701 294 2736 deinde
306 2702 384 2738 hinc
397 2704 432 2738 in
446 2705 564 2739 urbem
578 2704 721 2748 ingressi
736 2709 815 2738 sunt
829 2715 895 2738 una
912 2715 987 2738 cum
1002 2704 1141 2749 reliquis
1154 2704 1271 2750 copiis.

260 2746 318 2783 40.
365 2749 412 2784 At
428 2750 753 2785 fraudulentissimus
768 2751 939 2785 eunuchus
954 2750 1098 2784 omnium
1113 2750 1237 2786 oblitus
1253 2761 1342 2796 quae
1356 2750 1563 2795 Palaeologo
1578 2750 1641 2791 de-

170 2794 276 2828 bebat
288 2819 300 2836 ,
326 2793 394 2829 iam
408 2801 720 2844 praeoccupaverat
740 2797 774 2830 in
800 2808 875 2831 eum
897 2796 1113 2843 imperatoris
1128 2797 1272 2831 animum
1287 2797 1412 2832 litteris
1425 2797 1474 2831 ita
1489 2796 1641 2840 scriptis,

173 2839 271 2885 quasi
294 2851 336 2876 ea
360 2841 576 2887 expeditione
600 2847 673 2879 tota
695 2843 1027 2878 contumeliosissime
1054 2843 1175 2879 fuisset
1190 2855 1210 2878 a
1224 2843 1432 2888 Palaeologo
1450 2847 1484 2877 et
1501 2841 1642 2876 Curtice
