1878 3262
275 227 374 275 228
757 220 982 267 IOANNIS
1016 220 1246 267 cmNAMl

279 341 378 389 λε’ως
398 334 605 393 ἓξαὸἕλφῳ
627 334 694 377 καὶ
714 334 892 378 Κιλίκων
912 337 1198 392 στρατηγοῦντι
1218 336 1277 392 τῷ
1296 329 1399 378 τότε.
1466 332 1571 378 ἀλλα
1595 349 1638 377 τε
1650 332 1730 391 γὰρ

278 412 444 450 πλεῖστα
477 401 657 447 ἐπεκάλει
690 401 821 462 τούτῳ
853 405 920 446 καὶ
957 403 1007 458 δὴ
1033 404 1101 445 καὶ
1125 406 1197 458 τῆς
1220 393 1302 444 τοῦ-
1318 403 1496 461 ἀδελφοῦ
1520 400 1731 459 Στεφάνου

277 475 418 533 ᾐτιᾶτο
452 476 626 530 σφαγῆς.
691 475 822 515 ταῦτα
855 472 930 527 μὲν
966 466 1037 514 οὖν
1069 472 1164 528 τῇδε
1199 468 1432 528 ἐπράσσετο.
1501 472 1733 529 Φρεὸερίκῳ

279 545 324 586 δὲ
349 546 407 600 τῷ
432 541 519 599 ῥηγὶ
538 540 775 595 Ἀλαμανῶν
799 540 862 582 ἐπὶ
884 539 986 596 με’γα
1011 537 1198 582 ἑκάστοτε
1223 539 1275 581 τὰ
1299 542 1372 594 τῆς
1397 537 1603 594 δυνάμεως
1628 535 1732 593 ἐχώ-

279 629 340 669 ρει
366 612 433 653 καὶ
458 608 639 664 ηὔξανεν.
706 608 840 651 ἄλλων
866 626 907 651 τε
933 608 1011 665 γὰρ
1037 606 1093 658 ὡς
1117 608 1311 650 πλείστων
1337 606 1404 649 ἐπ’
1434 605 1634 666 ἀσφαλείᾳ
1658 609 1733 649 τοῦ
1741 614 1765 651 5

278 677 452 736 κράτους
476 675 684 735 ἐφρόντισε
709 678 776 719 καὶ
803 676 853 732 δὴ
880 678 947 718 καὶ
965 674 1189 733 ’χρημάτων
1208 675 1519 731 μεταπεποίηται
1540 673 1733 729 μάλιστα,

277 748 351 790 οὐκ
377 746 603 801 εἲθισμένον
634 743 753 788 τοῦτό
778 761 820 802 γε
846 744 957 802 αὐτῷ
980 743 1186 801 πρότερον.
1252 745 1385 786 τοίνυν
1410 741 1668 787 Μεδιόλανόν
1691 758 1735 785 τε

276 813 356 859 εἷλε
381 813 497 857 πόλιν
521 818 736 871 περιφανῆ,
756 813 880 856 καὶτὸ
894 811 1114 870 Λιγούρων
1136 811 1209 855 εἴτ’
1233 807 1304 855 οὖν
1323 809 1600 868 Λαμπάρὸων
1621 810 1736 868 ἐτρο-

276 882 441 926 πώσατο
468 881 609 934 ἔθνος,
640 880 723 940 ὁδῷ
755 900 796 924 τε
832 882 983 939 προϊὼν
1019 883 1085 923 καὶ
1122 881 1184 923 ἐπὶ
1211 881 1263 923 τὰ
1299 879 1487 937 ἔνδότερα
1511 883 1591 922 τῶν
1616 877 1734 922 ἕσπε-

277 953 375 1009 ρίων
398 948 549 1008 ἐχώρει.
617 952 683 992 καὶ
705 948 725 992 ὅ
747 951 851 1006 μηδὲ
875 955 956 992 τῶν
981 949 1139 1006 ἔγγιστα
1163 949 1325 1007 πολέμῳ
1349 949 1608 1004 δεδυνημένος
1621 964 1734 1004 περι·
1746 956 1791 997 10

225 1030 256 1064 C
279 1020 466 1076 γενέσθαι
491 1019 536 1061 τὸ
563 1016 778 1076 πρότερον,
812 1016 900 1061 τότε
926 1020 993 1060 καὶ
1018 1022 1100 1060 τῶν
1126 1016 1324 1060 ἀπωτάτω
1350 1015 1519 1074 ἐκράτει.
1586 1015 1665 1070 ἤδη
1692 1016 1737 1058 δὲ

278 1085 499 1142 καὶεΡώμῃ
534 1086 637 1142 αὐτῇ
671 1087 772 1144 πρὸς
807 1085 941 1142 μάχην
966 1087 1148 1141 κατέστη.
1216 1085 1314 1128 ὅθεν
1337 1087 1403 1128 καὶ
1430 1084 1487 1127 δι’
1515 1084 1738 1138 ἐπιμελείας

275 1160 440 1211 βασιλεῖ
470 1154 678 1209 Μανουὴλ
709 1155 884 1211 ἐγένετο,
926 1153 1037 1205 ὅπως
1073 1154 1123 1196 ἂν
1156 1158 1230 1209 τῆς
1268 1152 1398 1210 ὁρμῆς
1433 1152 1557 1195 αὐτὸν
1590 1150 1736 1208 σχήσῃ,

277 1223 333 1275 ὥς
367 1223 424 1278 μὴ
458 1221 503 1265 τὸ
539 1220 780 1279 παραλόγως
813 1223 1017 1280 εὐημερεῖν
1052 1224 1120 1264 καὶ
1155 1223 1218 1264 ἐπὶ
1259 1222 1332 1276 τὴν
1361 1220 1578 1275 εΡωμαίων
1613 1219 1736 1262 αὐτὸν

275 1293 458 1349 τρέψειε,
487 1289 613 1340 πολὺς
646 1291 689 1341 ἐξ
715 1285 763 1332 οὗ
783 1289 931 1347 χρόνος
963 1292 1096 1345 λίχνον
1121 1291 1390 1346 ἔπιρρίψαντα
1415 1287 1541 1346 ταύτῃ
1567 1287 1733 1345 ὄφθαλ-
1746 1294 1791 1331 15

274 1359 367 1416 μόν.
434 1358 534 1401 ὅθεν
552 1360 618 1400 καὶ
641 1359 702 1401 ἐπὶ
722 1360 796 1413 μὲν
818 1359 916 1414 ἔθνη
939 1359 991 1401 τὰ
1012 1360 1106 1415 τῇδε
1128 1360 1194 1400 καὶ
1219 1357 1296 1400 ὅσα
1317 1356 1470 1400 κόλπου
1493 1356 1602 1406 ἓντός
1616 1358 1738 1414 *ἵδρυ-

277 1447 345 1472 ται
381 1432 456 1470 τοῦ
487 1427 627 1469 Ἰονίου
663 1432 744 1470 τῶν
781 1427 1041 1484 ἀσημοτέρων
1073 1427 1185 1476 τινὰς
1221 1427 1387 1484 ἀφανῶς
1420 1425 1629 1479 ἐκπέμπων
1661 1428 1736 1480 τῆς

280 1497 526 1554 Φρεὸερίκου
553 1512 594 1537 τε
622 1495 727 1538 αὐτὰ
750 1494 1064 1550 ὑπομιμνήσκειν
1090 1496 1264 1537 ἐκέλευεν
1294 1495 1517 1549 ἀπληστίας
1543 1495 1610 1535 καὶ
1635 1492 1738 1550 πρὸς

276 1564 509 1607 ἀντίστασιν
534 1562 700 1619 ἤγειρεν.
767 1565 823 1612 εἷς
847 1564 893 1604 δὲ
918 1563 963 1605 τὸ
996 1563 1220 1605 Οὐεννεῖτων
1254 1562 1375 1611 ἔθνος
1398 1560 1637 1618 Νικηφόρον
1661 1561 1736 1603 σὺν

271 1631 457 1688 χρήμασι
483 1630 552 1673 τὸν
576 1629 806 1687 Χαλούφην
841 1630 1010 1684 ἔπεμπε,
1045 1628 1332 1687 πειρασόμενόν
1366 1647 1408 1672 τε
1433 1634 1506 1685 τῆς
1531 1630 1587 1679 εἷς
1611 1628 1792 1672 αὗτόνΞΟ

276 1705 351 1743 τοῦ
388 1699 533 1748 ἔθνους
566 1698 722 1749 εὐνοίας
756 1700 823 1741 καὶ
861 1699 924 1740 ε’πὶ
959 1703 1016 1755 τῷ
1034 1697 1258 1752 ςΡωμαιόις
1292 1698 1538 1755 συμφέροντι
1563 1697 1614 1739 τὰ
1639 1699 1734 1754 τῇδε

222 1778 256 1815 D
280 1766 591 1823 ὃιοικησὸμενον.
661 1768 903 1824 Φρεδερίκος
928 1768 971 1808 δὲ
988 1764 1155 1821 ζΡώμης
1178 1765 1257 1822 ἤδη
1283 1764 1540 1823 περιγεγονὼς
1565 1764 1670 1807 ἄλλα
1692 1782 1734 1808 τε

276 1837 408 1879 πολλὰ
432 1835 656 1892 ἐνεωτέρισε
682 1837 750 1877 καὶ
776 1835 826 1890 δὴ
853 1836 920 1877 καὶ
939 1834 1200 1892 Ἀλέξανδρον
1236 1834 1306 1878 τὸν
1331 1836 1424 1892 τῇδε
1451 1833 1638 1891 ἀρχιερέα
1662 1837 1736 1877 τοῦ

372 1968 405 2002 1.
428 1964 610 2010 Κιλίκων]
635 1964 689 2000 Ita
710 1963 797 2000 Duc.
823 1963 912 2000 eod.
936 1963 1058 1999 λίκων.

278 2077 364 2123 cipis
391 2080 556 2122 cognato,
590 2076 731 2112 Ciliciae
756 2079 827 2112 tum
850 2078 1046 2123 praefecto,
1077 2075 1241 2112 infensus.
1296 2088 1370 2112 nam
1395 2076 1545 2124 plurimis
1567 2076 1643 2113 aliis
1657 2088 1733 2113 eum

277 2124 469 2158 criminibus
494 2123 739 2165 insectabatur,
775 2135 816 2157 ac
840 2124 929 2158 caesi
952 2123 1093 2157 maxime
1114 2123 1230 2157 fratris
1252 2122 1287 2157 in
1313 2134 1387 2157 eum
1404 2124 1535 2169 culpam
1550 2124 1734 2159 referebat.

276 2170 363 2204 haec
379 2173 448 2202 tum
464 2168 509 2202 ibi
524 2173 622 2212 gesta
636 2174 724 2203 sunt.
742 2170 924 2204 Frederico
936 2174 1046 2203 autem
1057 2170 1311 2203 Alemannorum
1327 2169 1398 2214 regi
1411 2169 1445 2203 in
1457 2169 1529 2203 dies
1543 2169 1734 2213 augebatur

277 2214 312 2250 in
323 2215 512 2249 immensum
524 2218 688 2258 potestas.
709 2226 850 2260 cumque
863 2215 934 2249 aliis
945 2215 1053 2248 multis
1068 2214 1240 2259 imperium
1255 2214 1317 2249 sibi
1332 2215 1552 2249 corroborare
1566 2214 1733 2250 sollicitus

278 2264 392 2303 esset,
415 2259 458 2294 ad
482 2259 515 2292 id
542 2271 676 2304 quoque
700 2261 858 2304 pecunias
874 2271 973 2306 quam
993 2260 1148 2306 plurimas
1163 2271 1268 2295 avara
1282 2265 1435 2294 votorum
1450 2259 1634 2306 cupiditate
1649 2272 1734 2296 con-

276 2305 410 2350 gessit,
432 2304 521 2349 quod
547 2305 631 2338 alias
647 2306 761 2339 facere
786 2318 851 2340 non
867 2311 1099 2340 consueverat.
1145 2306 1247 2350 igitur
1262 2305 1486 2340 Mediolanum
1510 2305 1623 2351 cepit,
1648 2305 1733 2342 civi-

276 2356 381 2386 tatem
397 2351 564 2385 celebrem
576 2376 587 2392 ‚
611 2354 646 2384 et
670 2351 834 2395 Ligurum
849 2352 921 2385 sive
936 2351 1196 2386 Lombardorum
1215 2357 1347 2396 gentem
1362 2350 1508 2384 devicit:
1534 2350 1733 2406 longiusque

274 2407 475 2443 progressus
500 2396 536 2429 iu
561 2395 635 2441 ipsa
662 2396 856 2431 Occidentis
881 2397 1012 2431 viscera
1040 2398 1183 2431 transiit.
1232 2397 1280 2431 ita
1295 2396 1351 2441 qui
1366 2395 1506 2441 primum
1522 2396 1651 2431 vicinos
1666 2396 1732 2432 sibi

275 2444 391 2477 hostes
417 2442 507 2476 bello
532 2452 693 2486 superare
712 2453 778 2476 non
799 2446 976 2487 potuerat,
1010 2443 1247 2477 remotissimos
1270 2442 1369 2476 etiam
1392 2441 1597 2486 debellavit,
1627 2442 1674 2476 ita
1691 2446 1732 2478 ut

276 2488 405 2522 Romae
433 2487 497 2533 ipsi
520 2487 585 2520 iam
610 2487 731 2522 bellum
757 2487 950 2522 intentaret.
997 2489 1085 2522 unde
1107 2488 1140 2521 id
1168 2487 1361 2533 praesertim
1377 2486 1519 2532 principi
1535 2499 1638 2522 curae
1651 2487 1729 2533 fuit,

277 2544 344 2577 quo
360 2539 460 2578 pacto
486 2533 574 2567 illius
597 2532 754 2578 impetum
770 2533 990 2578 reprimeret,
1015 2545 1056 2567 ne
1081 2538 1133 2567 tot
1147 2533 1291 2568 immensi
1315 2543 1491 2566 successus
1506 2532 1541 2566 in
1555 2533 1730 2567 Romano-

278 2589 353 2612 rum
367 2579 453 2612 fines
465 2604 475 2620 ,
501 2590 567 2622 quo
588 2578 774 2613 iamdudum
788 2579 905 2613 avidos
920 2579 1034 2613 oculos
1048 2579 1249 2622 intenderat,
1271 2578 1360 2612 illius
1374 2589 1466 2613 arma
1480 2581 1728 2617 converterent.

280 2628 463 2668 eapropter
495 2624 538 2657 ad
561 2629 680 2667 gentes
704 2624 751 2658 ibi
774 2624 879 2663 sitas.
904 2630 940 2658 et
966 2636 1053 2670 quae
1069 2625 1195 2658 Ionium
1210 2625 1297 2658 intra
1312 2623 1417 2657 sinum
1431 2624 1604 2667 adiacent,
1626 2623 1728 2669 igno·

277 2669 447 2703 bilior-ibus
462 2669 659 2713 quibusdam
675 2669 758 2704 clam
773 2670 964 2712 submissis,
988 2669 1162 2704 Frederici
1176 2668 1396 2703 insatiabilem
1420 2669 1562 2704 animum
1584 2669 1628 2704 ob
1643 2680 1729 2704 ocn-

276 2713 328 2748 los
344 2725 472 2759 ponens
489 2714 531 2747 ad
548 2714 768 2749 resistendum
790 2715 952 2759 incitavit.
1001 2716 1045 2750 ad
1070 2716 1218 2749 Venetos
1233 2719 1342 2749 autem
1359 2715 1584 2760 Nicephorum
1600 2715 1727 2750 Chala-

275 2760 374 2805 phem
396 2771 470 2793 cum
492 2760 641 2804 pecuniis
667 2761 776 2804 misit,
809 2761 866 2805 qui
889 2761 984 2794 istius
1011 2760 1153 2794 nationis
1176 2760 1368 2805 exploraret
1391 2761 1549 2795 affectum
1563 2765 1598 2795 et
1612 2765 1727 2796 cetera

276 2816 364 2849 quae
378 2804 537 2839 Romanis
553 2804 779 2839 conducerent
792 2806 838 2839 ibi
854 2810 983 2850 ageret.
1030 2805 1229 2839 Fredericus
1243 2806 1372 2840 interea
1390 2807 1496 2841 Roma
1517 2806 1582 2842 iam
1595 2805 1725 2852 potitus

275 2855 347 2886 tum
368 2851 434 2886 alia
456 2851 559 2886 multa
583 2850 777 2895 innovavit,
801 2856 871 2886 tum
898 2857 933 2887 et
956 2850 1203 2895 Alexandrum,
1227 2851 1284 2898 qui
1310 2863 1349 2887 ea
1367 2857 1565 2898 tempestate
1578 2861 1724 2888 summus
