1878 3262
361 221 421 263 IN
455 218 744 262 DESCRIPT.
782 219 1416 263 CONSTANTINOPOLEOS.
1536 220 1629 266 187

247 330 294 365 42
314 328 353 363 in
382 329 494 363 medio
519 328 639 372 Polis]
679 325 850 371 Πόλεως,
874 328 982 362 urbis.
1030 328 1079 362 ita
1105 327 1192 362 enim
1217 328 1288 362 ΟΡ.
1314 329 1486 363 vocabant
1507 329 1634 363 Graeci

156 375 254 410 istius
267 375 366 409 aevi:
399 375 489 408 unde
510 374 672 408 hodierna
694 374 788 408 urbis
812 375 994 420 appellatio
1020 375 1175 408 Stambol
1200 386 1264 420 pro
1290 373 1384 409 στὰν
1408 372 1539 418 πόλιν,
1569 387 1630 410 seu

157 422 211 461 εἰς
240 419 309 467 τὴν
337 419 466 463 πόλιν,
496 421 587 466 quod
611 421 669 466 qui
692 420 727 454 in
753 420 870 454 urbem
892 420 1216 466 proficiscebantur,
1251 432 1326 455 cum
1342 426 1548 465 rogarentur
1562 433 1630 467 quo

155 468 266 513 irent,
295 468 543 513 responderent
558 465 650 502 στὰν
667 464 794 512 πόλιν,
817 467 856 501 in
872 468 1002 502 urbem·

246 547 292 583 43
315 548 456 582 ecclesia
473 548 537 581 SS.
557 547 821 592 Apostolorum]
846 546 900 581 De
915 547 978 581 hac
995 547 1078 581 aede
1094 545 1223 591 egimus
1250 546 1294 580 ad
1310 545 1478 582 Villhard.
1495 559 1529 584 n.
1550 548 1627 583 138.

155 593 200 628 de
214 605 257 629 ea
273 594 374 628 etiam
388 593 501 628 multis
515 593 655 638 Gyllius
669 594 693 627 l.
710 593 733 627 4
752 605 784 628 c.
799 594 834 628 2.

246 674 292 708 44
313 675 437 719 quinta
452 685 528 708 cum
546 674 683 720 Angelo
699 673 827 717 aeneo]
853 672 942 707 Vide
957 672 1123 706 Codinum
1138 671 1174 706 in
1189 671 1287 716 Orig.
1301 684 1335 718 p.
1350 675 1406 708 16.

246 742 292 777 45
316 743 475 788 sepulcra
491 743 762 789 imperatorum]
786 740 875 775 Vide
888 745 985 775 notas
1000 741 1043 775 ad
1059 741 1225 777 Villhard.
1244 742 1322 777 138.

247 810 294 846 46
310 811 539 846 ‘Constantini
561 811 746 855 immenso]
771 811 898 844 Auctor
923 814 977 844 est
991 809 1164 843 Eusebius
1179 810 1201 843 1.
1218 809 1242 844 4
1265 811 1308 844 de
1330 810 1402 844 vita
1417 810 1634 846 Constantini

155 855 267 902 ipsum
282 857 540 892 Constantinum
556 857 591 890 in
606 858 691 891 aede
704 857 946 903 Apostolorum
973 856 1164 902 sepulcrum
1181 856 1247 890 sibi
1263 857 1475 891 exstruxisse
1489 858 1634 891 medium

154 902 244 937 inter
256 903 434 938 duodecim
450 903 690 949 Apostolorum
705 907 919 937 monumenta
932 930 942 946 ‚
967 899 1019 942 αἶς
1038 898 1085 936 ἂν
1102 901 1165 936 καὶ
1182 900 1276 945 μετὰ
1300 901 1474 946 τελευτὴν
1495 902 1635 950 ἀξιῷτο

154 949 231 983 τῶν
257 946 443 984 ἐνταυθοῖ
462 950 672 994 μελλουσῶν
690 946 751 984 ἐπὶ
772 949 857 995 τιμῇ
880 949 959 983 τῶν
977 945 1211 984 Ἀποστόλων
1232 950 1489 983 συντελεῖσθαι
1506 947 1638 994 εὐχῶν.

155 995 190 1028 id
204 995 315 1040 ipsum
329 996 470 1030 tradunt
485 997 648 1030 Socrates
663 995 713 1031 l.1
731 1007 760 1030 c.
773 995 847 1037 ult.,
863 996 1074 1029 Sozomenus
1089 995 1113 1029 1.
1124 996 1147 1030 2
1163 1007 1183 1028 c
1205 994 1280 1039 ult.‚
1296 995 1458 1040 Procop,
1476 995 1636 1030 Chronic.

155 1041 355 1085 Alexandr„
376 1043 623 1088 Theophanes,
638 1041 804 1076 Alexand.
819 1041 980 1076 Monach.
998 1040 1043 1074 de
1055 1041 1256 1075 Inventione
1272 1041 1309 1076 S.
1325 1041 1446 1075 Crucis
1456 1068 1467 1085 ,
1482 1041 1638 1075 Zonaras

156 1092 193 1121 et
205 1087 263 1121 alii
277 1088 336 1134 qui
353 1088 387 1122 in
400 1089 528 1134 templo
542 1087 709 1134 sepultum
724 1098 745 1121 a
760 1087 960 1121 Constantio
976 1087 1046 1121 filio
1062 1092 1211 1121 narrant.
1259 1086 1391 1121 addunt
1415 1087 1544 1122 Euseb.
1570 1088 1637 1121 So-

156 1138 269 1168 crates
279 1160 290 1178 ,
314 1135 515 1170 Alexander
528 1134 686 1168 Monach.
705 1139 741 1168 et
756 1139 878 1168 auctor
893 1134 986 1167 vitae
1002 1133 1217 1166 Constantini
1231 1132 1279 1167 M.
1299 1137 1334 1167 et
1347 1132 1502 1166 Helenae
1517 1133 1635 1168 matris

155 1179 247 1225 apud
263 1181 425 1215 Gretzer.
442 1184 524 1215 tom.
537 1180 559 1215 3
576 1180 619 1214 de
634 1180 746 1214 Cruce
762 1192 794 1224 p.
807 1181 895 1215 1721
913 1179 1102 1224 depositum
1120 1178 1338 1213 Constantini
1353 1190 1477 1224 corpus
1493 1176 1531 1213 ἐν
1550 1177 1637 1223 λάρ-

158 1237 241 1260 νακι
262 1225 419 1272 χρυσέᾳ,
447 1238 508 1260 seu
526 1227 648 1260 locello
667 1238 772 1259 aureo
785 1252 795 1269 ‚
818 1225 1039 1266 Nicomedia,
1064 1225 1123 1259 ubi
1139 1225 1329 1259 exstinctus
1346 1229 1417 1265 est,
1444 1225 1516 1259 ΟΡ.
1534 1225 1636 1259 detu-

154 1272 236 1306 lisse
262 1273 400 1314 milites,
443 1278 629 1318 posteaque
656 1283 677 1306 a
701 1271 904 1306 Constantio
927 1271 963 1305 in
989 1271 1109 1305 aedem
1133 1272 1202 1307 SS.
1227 1272 1470 1316 Apostolorum
1494 1271 1636 1316 illatum,

157 1323 193 1352 et
214 1318 249 1352 in
271 1323 485 1352 monumento
510 1318 754 1373 porphyretico
775 1318 965 1363 depositum
990 1328 1057 1351 una
1079 1329 1153 1352 cum
1177 1318 1295 1351 matris
1308 1317 1464 1352 Helenae
1479 1329 1635 1373 corpore.

157 1364 354 1398 Cedrenusz
380 1363 444 1398 καὶ
473 1361 642 1409 ἄπετεθη
667 1362 705 1398 ἐν
728 1362 885 1407 λάρνακι
913 1363 1117 1408 πορφυροῖ,
1141 1360 1229 1408 ἤτοι
1246 1360 1432 1410 Ῥωμαίῳ,
1457 1361 1576 1404 αὐτος
1593 1375 1634 1399 τε

157 1408 221 1444 καὶ
241 1406 265 1454 ἡ
283 1408 404 1455 μήτηρ
420 1407 560 1455 Ἑλένη.
607 1410 655 1444 ita
671 1410 771 1444 etiam
787 1410 1004 1455 Nicephorus
1021 1399 1152 1444 Callist.
1170 1411 1191 1444 l.
1211 1411 1232 1444 8
1249 1422 1278 1443 c.
1295 1410 1338 1444 55
1353 1415 1389 1443 et
1403 1416 1524 1444 auctor
1541 1410 1634 1445 Hist.

157 1455 334 1491 Miscellae
350 1457 372 1491 l.
393 1458 448 1492 11.
486 1456 607 1491 scribit
622 1457 760 1501 Gyllius
775 1456 809 1490 in
825 1456 931 1490 CPoli
947 1456 969 1489 1.
985 1456 1009 1490 4
1024 1467 1054 1489 c.
1070 1458 1093 1490 2
1111 1468 1173 1490 sua
1187 1461 1322 1497 aetate,
1345 1456 1528 1490 secundum
1545 1456 1633 1490 viam

153 1503 260 1536 latam
271 1529 282 1545 ,
310 1514 399 1548 quae
428 1503 539 1536 tendit
567 1514 630 1548 per
659 1503 795 1536 dorsum
824 1502 1050 1547 promontorii
1077 1503 1121 1535 ab
1146 1503 1232 1536 aede
1255 1502 1411 1547 Sophiae
1432 1502 1477 1536 ad
1501 1507 1634 1547 portam

156 1547 485 1593 Adrianopolitanam
496 1575 505 1589 ,
537 1560 645 1595 prope
671 1549 783 1583 locum
810 1548 870 1583 ubi
893 1548 959 1582 suit
980 1547 1140 1592 templum
1170 1548 1430 1593 Apostolorum,
1461 1548 1637 1583 exstitisse

157 1593 274 1629 solium
301 1607 346 1629 ex
368 1595 610 1640 porphyretico
631 1606 798 1629 marmore
819 1595 968 1636 factum,
1000 1594 1062 1628 sed
1077 1605 1241 1638 vacuum,
1273 1599 1310 1628 et
1322 1605 1444 1628 carens
1460 1595 1635 1640 operculo,

157 1640 295 1685 longum
322 1643 367 1676 10
389 1641 513 1687 pedes,
543 1642 650 1675 altum
674 1642 695 1676 5
718 1640 826 1686 pedes
842 1646 878 1674 et
893 1640 1062 1674 semissem
1076 1668 1086 1684 ,
1117 1640 1209 1685 quod
1224 1640 1354 1674 Graeci
1369 1644 1404 1674 et
1418 1641 1526 1674 Turci
1541 1641 1636 1674 dice-

158 1687 243 1721 bant
266 1698 342 1721 esse
368 1687 479 1732 magni
507 1687 733 1721 Constantini.
780 1691 818 1721 at
842 1687 996 1721 Zonaras
1019 1698 1086 1720 non
1104 1686 1139 1720 in
1162 1687 1237 1733 ipso
1252 1687 1493 1732 Apostolorum
1508 1688 1635 1731 templo

159 1733 328 1767 exstitisse
350 1733 433 1767 illud
457 1734 648 1779 sepulcrum
673 1738 812 1776 narrat,
841 1734 903 1767 sed
923 1731 962 1767 ἐν
987 1730 1180 1778 ἰδιαζούσῃ
1198 1731 1266 1776 μέν
1285 1743 1352 1766 ποι
1368 1734 1460 1779 στοᾷ
1475 1758 1485 1774 ,
1508 1729 1557 1777 ἣν
1575 1731 1637 1767 ἐπὶ

159 1778 206 1824 τῇ
225 1779 328 1823 ταφῇ
349 1779 418 1813 τοῦ
440 1778 585 1822 πατρὸς
607 1776 725 1819 αὐτὸς
748 1779 1029 1823 (Constantius)
1054 1778 1303 1824 ᾠκοδόμησεν.
1357 1778 1437 1812 inde
1462 1779 1496 1812 in
1519 1779 1639 1813 aedem

159 1824 275 1859 Aeacii
296 1825 511 1858 Constantini
533 1836 657 1870 corpus
680 1825 904 1859 transtulerat
927 1825 1151 1858 Macedonius
1172 1824 1385 1869 patriarcha,
1415 1825 1473 1869 qui
1489 1837 1530 1859 eo
1547 1826 1641 1859 sacto

162 1870 356 1904 Constantii
381 1870 649 1914 indignationem
675 1871 871 1912 incurrens,
897 1870 1061 1914 dignitate
1085 1870 1238 1915 privatus
1264 1875 1330 1904 est.
1375 1871 1435 1904 sed
1452 1882 1518 1905 non
1533 1872 1638 1905 multo

161 1921 239 1963 post
252 1916 288 1950 in
304 1916 481 1962 pristinum
497 1916 606 1950 locum
621 1916 767 1950 relatum
781 1920 855 1960 est,
878 1916 929 1950 uti
944 1921 1062 1950 narrat
1074 1915 1164 1950 idem
1180 1916 1343 1950 Zonaras.
1391 1928 1510 1950 verum
1526 1917 1639 1951 cuius-

161 1963 214 1997 vis
230 1962 390 1996 materiae
404 1962 511 1996 fuerit
523 1962 615 1996 istud
629 1962 844 1996 Constantini
857 1962 1047 2007 sepulcrum
1058 1989 1068 2004 ‚
1091 1962 1126 1995 id
1143 1967 1280 1996 constat
1294 1963 1400 1996 fuisse
1414 1963 1520 1997 variis
1537 1974 1639 1997 orna-

162 2009 282 2043 mentis
298 2008 412 2042 aureis
428 2008 674 2054 circumpositis
688 2008 838 2053 insigne,
862 2020 951 2053 quae
967 2021 987 2043 a
1002 2008 1134 2042 furibus
1147 2008 1265 2042 ablata
1280 2020 1356 2042 esse
1371 2009 1492 2044 Alexio
1508 2010 1640 2053 Angelo

160 2055 353 2101 imperante
367 2059 485 2089 narrat
500 2055 644 2089 Nicetas
658 2054 693 2088 in
707 2055 782 2089 vita
794 2054 903 2088 Alexii
917 2055 940 2089 l.
959 2057 978 2089 1
998 2066 1031 2088 n.
1047 2055 1080 2089 8.
1128 2055 1173 2088 ad
1193 2053 1275 2088 illud
1298 2055 1489 2100 procedere
1503 2056 1639 2090 solitum

162 2102 399 2146 imperatorem
425 2100 481 2135 die
502 2101 546 2135 D.
565 2100 789 2135 Constantino
811 2102 902 2135 festo
916 2127 927 2144 ‚
959 2100 1019 2145 qui
1035 2105 1088 2134 est
1102 2101 1145 2135 21
1161 2101 1267 2144 Maii,
1296 2101 1414 2136 scribit
1430 2102 1581 2136 Codinus
1596 2102 1640 2136 de

164 2148 272 2183 offic.
290 2146 400 2181 Aulae
414 2147 481 2193 Cp.
499 2159 530 2181 c.
549 2147 603 2182 15.
650 2146 803 2181 meminit
825 2147 928 2181 etiam
956 2147 1251 2182 Constantinianei
1275 2148 1482 2182 monumenti
1498 2148 1637 2182 Manuel

162 2193 388 2238 Chrysoloras
402 2193 436 2227 in
451 2193 564 2239 Epist.
579 2193 623 2228 ad
637 2194 754 2228 Ioann.
769 2193 848 2238 imp.
864 2205 899 2239 p.
915 2194 994 2228 121.

255 2263 301 2298 47
324 2263 485 2297 columna
508 2262 568 2296 ubi
596 2262 777 2306 Christus]
800 2261 927 2296 Tradit
946 2261 1116 2296 Martinus
1134 2261 1277 2296 Crusius
1299 2262 1335 2296 in
1354 2262 1445 2297 notis
1468 2261 1511 2297 ad
1525 2263 1638 2297 Mala-

162 2319 242 2344 xum
257 2309 431 2343 exstitisse
446 2319 508 2342 sua
522 2312 638 2342 aetate
650 2308 685 2342 in
699 2307 845 2342 ecclesia
859 2307 1097 2353 patriarchali,
1124 2319 1224 2353 quam
1240 2308 1310 2343 τοῦ
1328 2309 1637 2353 παμμακαρίστου

164 2355 271 2389 fuisse
295 2354 364 2396 ait,
394 2354 582 2390 columnam
606 2354 648 2388 ad
672 2365 771 2399 quam
796 2354 953 2389 Christus
976 2353 1171 2398 flagellatus
1189 2354 1331 2398 dicitur3
1363 2355 1457 2389 aedis
1471 2367 1555 2389 vero
1571 2356 1638 2399 τῆς

163 2400 472 2445 παμμακαρίστου
494 2401 620 2435 mentio
648 2403 702 2434 est
716 2400 805 2446 apud
823 2400 1099 2435 Cantacuzenum
1114 2401 1135 2434 l.
1151 2401 1175 2435 3
1191 2412 1220 2434 c.
1238 2402 1303 2444 80,
1331 2401 1535 2445 Pachymer.
1553 2401 1574 2435 1.
1593 2404 1637 2436 10

165 2459 196 2482 c.
212 2449 256 2490 9,
281 2447 414 2482 Ducam
439 2458 468 2481 c.
485 2448 531 2481 22
545 2475 555 2491 ,
577 2446 768 2490 Malaxam,
790 2446 927 2481 Hister.
952 2446 1154 2490 Politicam,
1177 2451 1243 2481 etc.
1290 2446 1334 2480 de
1355 2447 1462 2481 hacce
1482 2447 1637 2482 columna

164 2498 271 2538 agunt
288 2493 441 2539 pluribus
465 2494 655 2527 Gretzerus
678 2498 759 2528 tom.
777 2495 795 2528 1
811 2493 854 2527 de
871 2493 983 2527 Cruce
998 2493 1020 2526 l.
1041 2495 1059 2528 1
1077 2505 1106 2527 c.
1122 2493 1168 2527 96
1194 2496 1230 2527 et
1245 2493 1442 2527 Ferrandus
1456 2493 1479 2528 l.
1499 2495 1532 2531 1.
1554 2494 1636 2529 Dis-

165 2538 278 2583 quisit.
295 2539 405 2585 Reliq.
422 2552 452 2574 c.
467 2542 489 2574 2
504 2552 538 2585 p.
555 2541 600 2575 76
616 2546 651 2574 et
665 2551 738 2584 seq.

257 2609 302 2644 48
324 2608 605 2653 pantocratoris]
632 2607 684 2642 De
700 2608 764 2641 hac
779 2607 864 2641 aede
880 2606 957 2640 vide
970 2611 1070 2641 notas
1089 2606 1131 2640 ad
1149 2606 1303 2641 Cinnami
1319 2606 1340 2640 1.
1361 2610 1392 2644 1.

258 2676 303 2711 49
325 2678 416 2722 lapis
443 2678 502 2712 ubi
528 2679 673 2722 loseph]
697 2676 749 2710 Ut
771 2675 805 2710 in
821 2676 938 2710 aedem
953 2675 1208 2711 Pantocratoris
1223 2676 1362 2722 Epheso
1379 2676 1563 2712 translatus
1578 2675 1633 2717 sit,

168 2727 310 2758 narrant
323 2723 466 2758 Nicetas
480 2725 514 2758 in
528 2724 622 2758 Man.
640 2724 661 2757 l.
677 2724 699 2759 7
718 2734 752 2757 n.
769 2724 791 2758 7
806 2727 843 2756 et
858 2721 1038 2756 Cinnamus
1052 2722 1075 2756 1.
1091 2723 1124 2757 6.

262 2791 306 2825 50
328 2792 366 2827 S.
388 2794 527 2828 loannis
545 2794 586 2829 de
603 2793 732 2837 Petra]
756 2791 800 2827 V.
817 2795 916 2826 notas
932 2790 974 2826 ad
990 2789 1161 2826 Alexiadis
1177 2802 1207 2837 p.
1227 2790 1283 2825 54.
