1878 3262
356 201 417 244 IN
435 200 753 244 HISTORIAM
770 202 1000 250 lOANNIS
1021 202 1254 246 CINNAMI
1271 201 1473 246 NOTAE.
1558 203 1658 250 327

189 325 499 363 camporumque
527 309 707 349 latitudo
737 310 798 349 ad
820 309 1117 350 ambulandum
1144 312 1423 364 vin-sufficere
1438 311 1658 354 videretur.

188 367 334 407 Ghron.
361 367 654 419 Reichersperg.
682 367 728 407 A.
756 367 886 410 1147:
922 375 1087 420 tamque
1112 369 1303 420 infinitus
1331 377 1420 407 erat
1447 372 1656 420 exercitus,

188 423 300 478 quod
326 439 372 463 ex
400 440 482 478 quo
510 433 648 477 gentes
675 439 757 464 esse
775 432 1008 476 coeperunt,
1038 440 1250 477 nunquam
1268 434 1428 465 tantam
1445 427 1656 467 hominum

185 484 366 534 equitum
394 482 524 520 simul
550 490 587 520 et
610 481 792 534 peditum
819 480 1124 519 multitudinem
1149 484 1195 520 in
1219 497 1349 521 unum
1365 492 1660 536 congregatam

172 540 303 591 sama
328 540 397 580 sit.
455 539 545 578 Odo
571 539 622 578 de
646 538 797 590 Diogilo
819 538 847 577 l.
867 541 894 579 2
930 538 980 576 de
1000 538 1202 577 Conrado:
1239 539 1359 579 valde
1391 542 1657 593 imperialiter

183 610 365 648 egressus
395 603 453 633 est
489 604 527 634 et
552 596 696 634 navali
726 602 935 647 apparatu
971 602 1007 632 et
1031 594 1214 646 pedestri
1245 599 1442 636 exercitu.-
1482 605 1519 635 et
1547 598 1655 648 bene,

181 652 357 691 habebat
387 655 492 691 enim
519 661 617 692 tunc
631 654 861 704 Hungaros
887 653 1087 691 inimicos.
1143 651 1249 690 idem
1274 654 1300 692 l.
1328 657 1379 695 3:
1408 662 1444 692 et
1465 655 1560 693 licet
1583 669 1655 707 ego

173 711 509 762 praescripserim
537 717 575 747 et
597 724 737 748 verum
766 711 822 746 sit
855 707 904 747 de
935 709 1053 747 illius
1074 711 1247 747 exercitu
1271 711 1455 761 infinitos
1475 713 1561 750 iam
1580 712 1656 750 ob·-

180 769 300 817 iisse,
329 766 568 806 audivimus
587 774 722 804 tamen
742 780 770 803 a
794 766 989 815 Graecis,
1017 767 1089 817 qui
1106 774 1374 804 numerarunt
1398 776 1655 806 transeuntes

178 822 416 877 (brachium
445 825 486 862 S.
506 824 677 874 Georgii)
705 838 795 860 eum
822 838 914 861 cum
941 824 1153 874 nongentis
1183 823 1435 873 (nonaginta)
1466 825 1654 862 millibus

178 889 216 918 et
245 882 480 932 quingentis
513 883 568 923 66
594 882 895 931 trans-fietasse.
954 879 1122 931 denique
1152 879 1382 920 Gotefridus
1413 881 1648 922 Viterbiens.

176 945 281 989 part.
312 942 363 981 17
376 950 389 976 ε

451 1014 508 1023 --
535 1015 592 1022 —
621 1017 675 1023 —
703 1006 918 1031 numerum
942 995 981 1031 si
1002 1007 1162 1031 noscere
1181 1007 1376 1046 quaeras,

453 1051 589 1088 millia
607 1050 763 1088 milleni
779 1050 927 1087 militis
944 1064 1090 1102 agmen
1109 1057 1208 1088 erat.

174 1106 216 1144 in
235 1112 408 1157 utroque
427 1107 574 1145 scilicet
596 1107 775 1145 exercitu
798 1107 1106 1144 Alamannorum
1130 1113 1170 1144 et
1190 1107 1451 1146 Francorum.

285 1176 327 1214 p.
349 1167 404 1204 70
426 1176 467 1205 V.
489 1168 555 1206 11.
615 1161 752 1216 ἅτερος
780 1162 825 1204 δὲ
852 1161 1165 1218 χαρτουλάριος]
1210 1163 1378 1202 Basilius
1404 1161 1651 1212 Tzitziluces,

172 1219 222 1257 de
245 1234 325 1271 quo
346 1220 502 1258 Nicetes
520 1221 548 1260 l.
571 1225 591 1262 1
615 1235 657 1259 n.
682 1224 719 1261 1.

281 1290 323 1328 P.
353 1281 407 1320 71
434 1291 476 1315 v.
506 1280 571 1318 16.
631 1275 883 1333 Φρεδερίκῳ]
914 1276 961 1315 Id
979 1276 1110 1329 ipsum
1128 1277 1255 1315 refert
1274 1275 1430 1314 Nicetas
1451 1274 1477 1313 l.
1501 1277 1525 1318 1
1545 1288 1583 1313 n.
1608 1271 1650 1320 5,

169 1333 400 1373 Gotetridus
421 1333 574 1372 Viterb.

390 1388 535 1442 adsuit
557 1391 747 1442 egregius
765 1388 1001 1428 Fridericus
1024 1388 1108 1427 dux
1125 1391 1367 1439 Sameram,

388 1461 522 1499 aequa
542 1462 615 1485 suo
627 1455 783 1498 patruo
794 1448 899 1499 regit
911 1449 1082 1499 agmina
1097 1447 1424 1498 Teutonicorum,

443 1504 632 1542 hostibus
650 1506 871 1556 ingeritur,
895 1506 1074 1556 protegit
1093 1504 1178 1555 ipse
1187 1503 1349 1554 sorum.

278 1572 318 1609 P.
341 1562 397 1602 ’72
426 1573 468 1600 v·
490 1564 555 1603 10.
612 1560 679 1602 ἐπὶ
706 1557 774 1601 τόν
800 1556 1001 1613 Ἀβύδου]
1041 1559 1131 1599 odo
1157 1560 1206 1598 de
1235 1559 1410 1611 Diogilo:
1451 1557 1522 1595 illi
1551 1571 1655 1595 vero,

167 1613 408 1665 (Alamanni)
438 1619 639 1656 venientes
657 1616 987 1669 Andronopolim
1016 1619 1255 1656 invenerunt
1289 1616 1511 1654 transitum
1535 1614 1644 1652 Con-

164 1674 473 1724 stantinopolim
490 1677 650 1726 partim
669 1674 910 1726 resistendo,
932 1676 1093 1726 partim
1113 1671 1356 1711 consulendo
1370 1671 1643 1724 prohibentes,

166 1735 202 1765 et
235 1729 352 1780 apud
382 1739 572 1769 sanctum
602 1733 825 1783 Georgium
855 1730 903 1769 de
923 1733 1032 1770 Sisto
1061 1745 1174 1768 mare
1197 1732 1408 1779 strictius,
1448 1736 1485 1766 et
1507 1728 1643 1766 solum

151 1787 348 1835 fertilius
372 1796 600 1827 asserentes.
657 1788 731 1825 sed
751 1790 971 1839 imperator
999 1803 1136 1826 eorum
1164 1790 1390 1825 resistentes
1422 1792 1459 1822 et
1489 1799 1643 1822 consu-

164 1842 288 1879 lentes
322 1858 456 1895 aequa
494 1846 610 1882 lance
645 1844 873 1896 vilipendit.
931 1845 1125 1896 idipsum
1149 1845 1199 1882 ab
1221 1843 1424 1882 Ludovico
1457 1840 1642 1892 deinceps

164 1899 319 1938 enixius
339 1900 501 1952 expetiit
523 1902 703 1939 Manu'eI:
731 1909 904 1939 ceterum
922 1902 1050 1938 multo
1071 1900 1233 1951 studio,
1262 1898 1394 1949 inquit
1413 1897 1521 1935 idem
1539 1897 1641 1934 scri-

160 1961 280 2008 ptor,
317 1956 563 1995 consulendo
594 1958 863 2008 laborabant,
902 1965 949 1995 ut
977 1972 1044 1996 rex
1069 1958 1120 1995 ab
1138 1955 1426 2006 Andronopoli
1452 1952 1512 1991 acl
1539 1968 1640 1992 san—

162 2020 274 2050 ctum
305 2015 527 2066 Georgium
550 2013 599 2052 de
625 2016 733 2053 Sisto
759 2029 949 2066 gressum
977 2014 1208 2063 diverteret,
1247 2021 1285 2050 et
1312 2013 1372 2050 ibi
1401 2011 1573 2048 celerius
1604 2018 1642 2048 et

161 2071 312 2108 utilius
331 2072 630 2123 transfretaret.
688 2085 756 2108 rex
777 2079 913 2109 autem
942 2071 1074 2110 noluit
1105 2072 1296 2122 incipere,
1326 2067 1439 2121 quod
1455 2069 1641 2106 ‚Francos

159 2126 357 2165 audiebat
382 2142 596 2180 nunquam
612 2128 778 2178 secisse.
842 2128 892 2166 ad
925 2127 1003 2166 hoc
1038 2135 1171 2166 tamen
1203 2125 1462 2179 postmodum
1489 2124 1639 2162 fretum

159 2184 292 2236 copias
319 2198 410 2223 suas
432 2185 648 2223 transmisit
666 2185 900 2223 Fredericus
918 2185 1013 2236 imp.
1032 2191 1080 2222 ut
1098 2197 1149 2221 ex
1170 2183 1394 2234 Anonymo‚
1426 2181 1495 2231 qui
1512 2194 1638 2232 expe-

159 2242 350 2280 ditionem
372 2242 478 2280 illius
502 2242 712 2279 Asiaticam
741 2242 971 2293 descripsit,
1012 2241 1163 2279 discere
1196 2245 1266 2279 est.
1326 2238 1473 2276 dicitur
1502 2244 1641 2276 autem

156 2300 304 2337 fretum
329 2299 568 2351 Abydenum
598 2306 768 2336 sanctus
790 2300 992 2349 Georgius
1010 2296 1059 2334 de
1079 2299 1208 2348 Sis-to,
1238 2295 1348 2348 quod
1366 2295 1517 2333 [retum
1535 2294 1638 2333 illud

156 2356 257 2394 mari
280 2357 409 2395 sancti
428 2355 610 2406 Georgii,
651 2368 722 2393 seu
750 2354 982 2406 Propontidi
1010 2354 1236 2403 immineat,
1275 2366 1299 2390 a
1318 2354 1432 2390 Sesto
1458 2351 1558 2389 urbe
1577 2351 1636 2388 ita

157 2413 398 2464 appellatum
410 2442 420 2461 ,
446 2412 556 2464 quod
578 2426 661 2450 non
681 2411 859 2450 advertit
876 2411 940 2452 vir
960 2411 1154 2450 eruditus.
1210 2409 1304 2450 vide
1329 2415 1445 2448 notas
1464 2407 1516 2445 ad
1534 2407 1634 2446 Vill-

157 2469 443 2578 1131·ᾶῖᾎὲῗί
461 2529 503 2570 9.
564 2522 729 2578 σώματα
749 2519 890 2573 αὕτοΐς
914 2522 1089 2579 μεγάλα]
1123 2522 1224 2562 Vide
1248 2526 1390 2560 notata
1417 2520 1469 2559 ad
1492 2519 1633 2558 Annae

154 2595 193 2634 P·
217 2583 308 2681 24}-
330 2643 394 2682 19.
454 2633 763 2691 Χοιροβᾶκχων]
792 2638 848 2676 Ut
862 2636 1083 2675 adiacentes
1095 2633 1493 2673 Choerobacchorum
1513 2633 1631 2686 oppi-

156 2694 210 2733 do
226 2696 354 2745 campi
373 2697 629 2749 explicandae
648 2697 766 2740 aciei,
796 2701 837 2733 et
852 2693 1029 2732 locandis
1046 2693 1184 2732 eastris
1200 2691 1334 2730 idonei
1353 2691 1513 2740 fuerint,
1544 2690 1630 2728 dixi

156 2751 209 2789 ad
232 2751 383 2790 Annam
410 2754 437 2792 l.
462 2756 489 2795 8
519 2768 559 2806 p.
585 2756 680 2796 221.
739 2751 846 2790 Otho
870 2751 1060 2801 Frising.:
1092 2749 1240 2788 vallem
1270 2747 1483 2801 quandam
1511 2749 1630 2784 iuxta

156 2807 398 2860 oppidulum
419 2810 648 2848 Clierevach.
666 2808 847 2859 dictum,
879 2809 1014 2860 campi
1036 2805 1247 2844 viriditate
1275 2807 1448 2854 laetam,
1485 2804 1629 2841 amni-

155 2866 242 2903 culi
260 2864 478 2904 cuiusdam
505 2866 634 2905 medio
663 2866 836 2906 decursu
855 2867 1118 2917 conspicuam
1137 2865 1374 2916 attigimus,
1404 2862 1527 2900 cuius
1548 2858 1629 2897 loci

1669 1390 1791 1424 P440
