1878 3262
277 217 375 266 204
693 262 698 267 ,
728 217 931 260 CAROLI
958 218 1037 260 DU
1067 217 1277 260 FRESNE

278 331 472 377 Zonaras,
497 325 606 378 quod
634 325 759 364 fusius
789 324 1078 364 discutiendum
1101 337 1346 365 reservamus
1363 325 1407 364 in
1422 332 1625 366 stemmate
1642 325 1727 366 Du-

278 398 425 423 carum.

391 453 430 492 p.
453 440 505 480 13
526 451 565 477 v.
582 439 649 480 21.
707 432 788 478 ἆπό
807 440 880 478 τοῦ
895 439 1098 478 Δουκικοῦ
1114 433 1353 492 ῥἰζώματος]
1381 437 1586 491 Inscriptio
1600 438 1729 478 crucis

279 496 660 544 Grandimontanae,
689 506 806 544 quam
830 494 872 532 in
891 494 1047 532 Dissert.
1064 497 1119 537 26
1142 494 1194 532 ad
1212 494 1430 535 Ioinvillam
1453 495 1630 548 pluribus
1653 508 1726 534 ex-
1791 493 1804 501 ³

278 553 460 605 ponimus
470 581 483 601 ,
515 551 564 589 de
581 551 693 588 Irene
709 549 835 589 Alexii
854 550 1100 602 imperatoris
1122 563 1260 600 uxore,

496 607 540 649 ἐκ
571 609 776 659 Δουκικῆς
804 606 944 658 φυέντι
970 607 1277 661 καλλιδενδρίας,

495 659 546 716 ἧς
575 662 843 716 ῥιζοπρέμνων
871 661 902 715 ἦ
929 662 1082 714 βασιλὶς
1112 659 1282 716 Εἰρήνη.

277 721 444 761 ΜὶοΙιειὲΙ
462 719 668 759 Attaliates
691 720 740 758 de
763 719 949 757 Michaele
972 721 1079 758 Duca
1100 719 1347 771 imperatore.

495 776 516 818 ὅ
544 773 817 830 κοσμοτερπής
845 779 919 816 τοῦ
948 777 1106 817 δουκῶν
1132 776 1272 829 γένους
1299 769 1458 823 κλάδος,

496 832 519 875 ὁ
547 832 811 888 παμμέγιστος
841 830 1006 884 Μιχαήλ
1035 828 1304 884 αὐτοκράτωρ.

393 902 431 941 p.
456 891 508 932 18
539 903 579 928 v,
606 893 670 930 12.
689 910 697 920 κ
730 885 835 941 μονή
858 892 933 929 τοῦ
956 888 1178 939 Σπουδίου]
1215 886 1375 926 Exstitit
1403 885 1505 924 enim
1533 890 1731 923 monaste-

278 947 383 985 rium
408 946 644 984 Studianum
673 943 725 982 ad
752 950 910 996 portam
938 958 1118 993 auream,
1148 950 1195 982 ut
1219 944 1365 982 discere
1387 947 1445 980 est
1464 954 1517 979 ex
1535 939 1730 980 Chronico

277 1003 390 1043 Alex.
409 1000 454 1039 A,
476 1001 647 1040 Heraclii
669 1003 720 1042 17
747 1007 786 1038 et
811 1001 987 1039 Cedreno
1012 1001 1054 1039 in
1073 1000 1189 1040 Mich.
1208 1000 1358 1052 Rhang.
1382 998 1489 1037 unde
1509 1010 1559 1035 ex
1575 998 1674 1037 urbe
1688 998 1732 1036 in

276 1057 542 1108 Philopatium
572 1057 864 1106 suburbanum,
894 1071 971 1107 quo
1002 1058 1219 1095 venationis
1250 1063 1287 1095 et
1320 1053 1611 1094 exercitationis
1639 1066 1731 1106 ergo

277 1115 531 1165 imperatores
546 1113 620 1164 ipsi
638 1112 921 1163 concedebant,
950 1114 1108 1164 prodire
1126 1114 1237 1151 facile
1253 1119 1351 1152 erat.
1406 1125 1445 1154 v.
1461 1116 1546 1150 not.
1563 1109 1615 1148 ad
1631 1110 1734 1150 Vill-

277 1169 393 1208 hard.
409 1183 451 1212 n.
474 1172 528 1211 93
553 1175 591 1206 et
613 1171 824 1220 Syntagma
846 1169 894 1206 de
916 1169 1072 1211 Invent.
1086 1170 1180 1221 Cap.
1200 1171 1238 1208 S.
1256 1170 1388 1208 Ioann.
1407 1169 1519 1220 Bapt.
1541 1180 1574 1205 c,
1591 1169 1617 1208 8
1633 1181 1673 1206 n.
1692 1170 1735 1210 8.

390 1239 430 1277 p.
447 1226 500 1267 25
521 1238 559 1266 v.
579 1228 644 1266 21.
701 1225 805 1272 τίνες
830 1223 873 1265 δὲ
897 1225 938 1265 οἵ
961 1225 1153 1279 Τοῦρκοι]
1193 1226 1249 1263 De
1277 1227 1498 1264 Turcorum
1519 1222 1665 1274 origine
1687 1236 1735 1261 ac

136 1287 165 1321 P
192 1287 255 1322 199
276 1283 412 1335 primis
432 1282 589 1320 sedibus
609 1281 734 1323 multa
751 1281 942 1320 hactenus
959 1282 1170 1333 scriptores
1189 1282 1288 1321 varii
1307 1285 1594 1332 congesserunt.
1632 1279 1735 1318 illud

275 1340 318 1377 in
351 1339 527 1377 confesso
563 1345 640 1388 est,
671 1337 722 1375 ad
751 1338 912 1376 Caucasi
941 1339 1086 1377 montis
1112 1344 1243 1390 partes
1266 1335 1583 1390 septentrionales
1600 1348 1735 1376 versus

276 1396 441 1435 Tanaim
463 1400 501 1432 et
522 1395 742 1446 Bosporum
761 1394 953 1432 habitasse
965 1425 977 1444 ‚
1005 1408 1056 1433 ex
1072 1395 1269 1447 Bryennio
1281 1424 1292 1444 ,
1321 1394 1490 1445 Scylitze
1509 1398 1549 1430 et
1566 1392 1734 1442 zonara,

277 1453 419 1503 quibus
439 1452 634 1489 consentit
651 1451 1044 1502 Porphyrogenneta:
1073 1452 1197 1490 tradit
1215 1451 1358 1503 quippe
1377 1450 1443 1488 lib.
1455 1449 1504 1488 de
1514 1447 1629 1490 Adm.
1639 1449 1734 1501 imp.

277 1522 311 1548 c.
333 1511 372 1549 3.
429 1509 580 1545 Turcos
601 1507 818 1544 Patzinacis
839 1507 990 1545 vicinos
1013 1507 1149 1546 fuisse:
1179 1521 1212 1546 c.
1236 1511 1300 1548 12.
1356 1505 1598 1558 provinciam
1618 1506 1667 1544 ab
1685 1506 1734 1544 iis

274 1559 534 1602 inhabitatam
557 1563 604 1601 ab
623 1563 835 1601 Occidente
858 1563 1086 1614 Franciam,
1125 1577 1148 1601 a
1169 1563 1441 1614 septentrione
1460 1562 1732 1611 Patzinacitas,

277 1634 299 1657 a
321 1620 485 1658 Meridie
503 1633 681 1670 magnam
699 1619 917 1658 Moraviam
937 1618 1119 1657 habuisse
1138 1625 1274 1658 auctor
1291 1625 1363 1658 est.
1422 1618 1590 1668 denique
1615 1631 1648 1655 c.
1675 1619 1732 1660 38

275 1681 316 1714 et
340 1679 407 1717 40.
465 1675 649 1712 Chazaris
679 1675 944 1712 conterminos
978 1675 1093 1711 fuisse
1118 1676 1183 1711 ait.
1242 1680 1360 1723 atque
1389 1679 1438 1711 ut
1465 1673 1559 1710 inde
1578 1673 1732 1711 facilius

277 1730 597 1783 deprehendatur
615 1743 731 1781 quem
749 1730 1000 1768 incoluerunt
1017 1735 1187 1779 tractus,
1218 1728 1508 1768 observandum
1527 1741 1577 1766 ex
1593 1728 1732 1768 eodem

278 1788 469 1840 scriptore
496 1801 528 1826 e.
555 1791 592 1832 1,
610 1789 636 1827 8
658 1793 698 1824 et
716 1788 783 1829 37.
818 1786 1076 1824 Patzinacitas
1095 1791 1249 1837 gentem
1262 1785 1381 1823 fuisse
1398 1784 1568 1825 vicinam
1584 1785 1732 1834 Russis,

278 1851 319 1883 et
342 1844 393 1882 ad
418 1843 631 1894 Danaprim
659 1848 698 1881 et
721 1843 944 1880 Danastrim
966 1843 1235 1881 celeberrimos
1255 1841 1418 1890 fluvios,
1449 1854 1584 1882 versus
1605 1840 1734 1882 Cher-

277 1914 459 1939 sonesum
487 1899 695 1938 Tauricam
717 1898 927 1937 habitasse.
982 1899 1170 1937 Franciae
1187 1897 1445 1950 appellatione
1460 1898 1732 1950 intelliguntur

275 1957 455 2008 regiones
486 1956 538 1994 ad
564 1955 898 2007 Septentrionem,
925 1968 1024 2006 quae
1048 1955 1207 1994 Francis
1224 1961 1294 1993 aut
1308 1954 1608 2007 imperatoribus
1630 1955 1732 1994 Ger-

275 2014 452 2064 manicis,
480 2011 873 2063 Porphyrogennetae
893 2025 1002 2062 aevo,
1032 2013 1233 2064 parebant,
1256 2011 1392 2050 Poloni
1413 2009 1602 2051 videlicet
1611 2017 1652 2050 et
1667 2011 1732 2052 vi-

278 2070 387 2106 cinae
407 2070 454 2106 iis
477 2069 669 2108 nationes.
726 2082 864 2120 magna
886 2068 1081 2115 Moravia,
1111 2081 1210 2120 quae
1230 2067 1521 2120 Sphendopluci
1541 2068 1645 2120 regio
1666 2067 1730 2106 di-

279 2125 402 2172 citur,
440 2125 565 2162 eidem
591 2125 984 2176 Porphyrogennetae
1017 2138 1049 2164 c.
1083 2128 1146 2172 12,
1175 2127 1227 2167 38
1255 2131 1296 2163 et
1322 2127 1373 2166 41
1405 2124 1564 2164 videtur
1593 2123 1729 2163 eadem

279 2194 379 2232 quae
404 2179 523 2218 hodie
548 2180 746 2220 Moldavia
772 2182 1003 2233 appellatur.
1061 2180 1224 2219 Chazari
1241 2181 1426 2232 denique,
1455 2193 1622 2232 quorum
1641 2192 1730 2218 cre-

278 2237 351 2276 bra
383 2242 441 2274 est
472 2236 578 2288 apud
605 2237 814 2288 scriptores
841 2237 1079 2289 Byzantinos
1106 2237 1277 2287 mentio,
1309 2237 1465 2275 finitimi
1493 2242 1604 2275 erant
1625 2237 1728 2285 Uzis,

278 2294 435 2342 Alanis,
461 2293 720 2341 Chersonifis,
746 2294 919 2344 Bulgaris
937 2300 976 2332 et
997 2295 1088 2345 ipsis
1106 2294 1255 2332 Turcis.
1313 2293 1455 2332 Turcia
1474 2292 1595 2344 igitur
1612 2298 1729 2332 vetus

279 2363 330 2388 ex
349 2349 558 2401 praedietis
578 2349 767 2387 exstitisse
786 2351 994 2389 coniicitur
1006 2351 1049 2387 in
1064 2350 1291 2388 Lithuaniae
1307 2349 1534 2401 provinciis,
1561 2362 1658 2399 quae
1677 2349 1729 2388 ad

278 2407 449 2445 Pontum
487 2406 685 2443 Euxinum
715 2413 896 2457 vergunt.
955 2406 1023 2444 sed
1053 2413 1092 2444 et
1123 2407 1173 2445 ad
1205 2407 1349 2444 Istrum
1382 2405 1508 2457 ipsum
1537 2404 1729 2444 habitasse

279 2463 428 2500 Turcos
459 2462 602 2500 docent
630 2462 814 2513 Scylitzes
841 2469 880 2500 et
908 2464 1079 2501 Zonaras
1108 2463 1148 2501 in
1174 2463 1300 2500 Leone
1323 2462 1464 2501 Philos.
1491 2466 1531 2499 et
1556 2461 1598 2499 in
1619 2463 1727 2501 Con-

277 2520 450 2556 stantino
469 2518 741 2561 Monomacho.
782 2520 1002 2558 cavendum
1017 2533 1136 2571 porro
1153 2532 1202 2557 ne
1218 2520 1303 2570 quis
1321 2518 1513 2557 existimet
1528 2523 1623 2556 tunc
1641 2519 1726 2570 pri-

280 2587 388 2612 mum
415 2576 636 2613 Turcorum
662 2575 705 2613 in
732 2575 823 2613 Asia
850 2589 993 2614 nomen
1010 2576 1207 2623 auditum,
1242 2581 1310 2614 aut
1329 2575 1663 2625 exSeptentrione
1682 2574 1731 2614 in·

279 2629 480 2667 Orientem
505 2631 700 2670 traiecisse
726 2632 893 2681 Tuscos,
933 2646 1023 2671 cum
1048 2631 1327 2670 Monomachus
1355 2630 1583 2682 imperavit,
1616 2630 1725 2682 quod

278 2685 404 2737 primo
437 2686 583 2724 intuitu
620 2688 719 2726 velle
747 2689 935 2727 videntur
968 2689 1208 2740 Bryennius,
1249 2685 1432 2738 Scylitzes
1470 2693 1509 2725 et
1538 2687 1723 2727 Zonaras.

282 2743 387 2780 c¹erte
414 2754 459 2780 eo
488 2743 529 2780 in
557 2754 688 2781 errore
714 2751 895 2783 versatur
921 2745 1152 2783 Theodorus
1175 2745 1278 2781 Gaza
1307 2742 1654 2782 Thessalonicensis
1679 2743 1722 2782 in

278 2803 475 2847 tractatu,
499 2810 614 2849 quem
642 2799 732 2852 περὶ
759 2797 1034 2853 ἅρχαιογονίας
1058 2798 1244 2854 Τούρκων
1270 2799 1488 2851 inscripsit,
1517 2800 1722 2852 Scylitzae,

278 2866 346 2894 seu
369 2860 417 2894 ut
435 2860 570 2905 vocat,
601 2855 789 2907 Scylacis,
814 2857 943 2896 verbis
964 2857 1139 2905 delusus,
1170 2869 1191 2894 a
1206 2869 1283 2908 quo
1296 2856 1503 2910 pleraque,
1531 2870 1630 2908 quae
1645 2856 1719 2896 ha-
