1878 3262
235 194 345 249 ,284
702 235 704 237 .
721 194 946 242 IOANNIS
979 197 1207 245 CINNAMI
1263 211 1266 242 ς

241 315 314 366 τῆς
353 304 493 364 χώρας
533 303 710 365 ἐξῄεσαν.
779 307 884 352 ἀλλὰ
929 308 1120 365 δυνάμεσι
1166 311 1376 358 κάνταῦθα
1414 311 1687 372 περιτυχόντες

240 377 471 435 προμηθείᾳ
489 377 686 430 βασιλέως
707 377 768 419 ἐπὶ
790 378 862 433 τὴν
882 382 1004 434 νῆσον
1028 377 1263 434 διαβάσαις,
1296 382 1503 440 ἐπειδήπερ
1528 387 1583 434 εἷς
1599 390 1685 438 χεῖ·-

241 463 317 502 ρας
336 439 490 498 ἦλθον,
528 443 702 495 πολλούς
725 462 766 488 τε
790 451 869 488 τῶν
889 448 1091 504 σφετέρων
1114 448 1316 503 ἀπέβαλον
1340 454 1600 504 πολεμοῦντες
1619 454 1687 494 καὶ

240 510 534 570 ὅπισθόρμητοι
568 514 630 555 ἐπὶ
666 514 740 564 τὰς
775 520 874 566 ναῦς
906 514 1127 573 ἐχώρησαν.
1193 517 1383 571 βασιλεῦς
1412 519 1456 560 δὲ
1483 521 1550 561 καὶ
1583 520 1687 562 κατὰ

240 579 388 638 κράτος
420 579 571 623 ἁλῶναι
596 580 767 634 τούτους
796 583 1076 638 διανοούμενος
1105 583 1328 641 ἦπειρώτην
1350 602 1391 628 τε
1415 587 1480 628 καὶ
1501 588 1718 630 ναυτικὸν5

236 649 411 706 στρατὸν
440 650 617 706 πέμπεινΙ
635 651 701 692 ἐπ’
733 652 880 702 αὐτοὺς
911 654 1109 695 διενοεῖτο.
1177 654 1272 695 ἀλλ’
1294 648 1344 708 ἦν
1363 652 1440 710 γάρ
1463 671 1524 704 τις
1545 655 1590 697 τὸ
1616 659 1689 698 τοῦ

236 716 466 760 ἀκολούθου
498 723 714 773 τηνικαῦτα
749 719 1014 777 λειτούργημα
1047 722 1334 778 περικείμενος,
1366 722 1522 779 Ἀαρὼν
1547 721 1690 777 ὄνομα,

236 786 338 843 ἀνὴρ
362 787 638 842 φρονηματίας
661 789 726 829 καὶ
750 790 888 838 δεινῶς
910 788 1079 840 ἀλάζων.
1134 784 1251 839 οὗτος
1273 788 1442 840 δύσνους
1463 797 1546 840 τοΐς
1565 795 1690 844 [Sam-

183 858 213 893 Β
237 855 335 904 λε’ως
370 855 430 897 ἀεὶ
462 853 692 911 πράγμασιν
724 855 779 898 ὢν
813 860 1136 914 παραπρεσβείας
1169 875 1210 901 τε
1241 858 1468 908 πλειστάκις
1491 857 1598 901 ἑάλω
1620 861 1688 901 καὶ

236 924 458 976 δαιμονίοις
490 924 766 978 προστετηκὼς
801 924 1048 981 ἐξελήλεγκτο
1086 926 1226 982 ἔργοις.
1308 927 1412 968 ἀλλὰ
1450 931 1578 968 ταῦτα
1613 927 1686 981 μὲν
1699 933 1743 968 10

233 990 422 1048 ὕστερον,
461 988 581 1033 ὃπότε-
612 994 678 1033 καὶ
713 991 739 1047 ἡ
776 995 864 1048 δίκη
899 989 942 1036 εὗ
977 999 1149 1037 ποιοῦσα
1180 999 1356 1049 μετῆλθε
1380 995 1449 1037 τὸν
1469 993 1686 1051 ἀλιτήριον.

234 1057 322 1102 τότε
353 1059 393 1101 δ’
428 1053 499 1100 οὖν
525 1059 748 1103 Οὗεννὲτων
779 1066 837 1118 τῷ
870 1061 977 1104 ἔθνει
1003 1062 1197 1104 ἔκπυστον
1220 1063 1263 1105 τὸ
1285 1062 1493 1117 βούλευμα
1513 1061 1684 1118 ποιησά-

236 1144 355 1182 μενος
375 1126 521 1184 ἕσφηλε
541 1129 791 1183 βασιλεΐτὴν
810 1131 1039 1186 ἐγχείρησιν.
1091 1130 1195 1173 ἔπλει
1219 1132 1293 1184 μὲν
1313 1132 1390 1187 γὰρ
1412 1131 1457 1173 τὸ
1478 1129 1686 1184 Ῥωμαίων

237 1195 423 1238 ναυτικὸν
457 1195 525 1252 ἐφ)
567 1189 600 1252 ᾧ
637 1199 692 1246 εἷς
723 1197 792 1239 τὸν
821 1199 997 1240 Μαλέαν
1020 1199 1178 1254 γεγονὸς
1214 1198 1490 1256 (ἀκρωτήριον
1516 1200 1561 1241 δέ
1579 1201 1685 1241 ἔστιν

237 1258 354 1313 οὗτος
374 1261 532 1320 ἡμερῶν
556 1262 610 1313 ὡς
633 1266 825 1307 πλείστων
846 1270 918 1320 τῆς
939 1265 1062 1321 νήσου
1076 1268 1182 1308 Χίου
1205 1265 1298 1308 ὃὸὸν
1322 1268 1485 1321 διέχον),
1505 1268 1684 1309 ἐνταῦθα
1697 1271 1741 1306 15

237 1330 464 1386 ε’λλοχήσειν
490 1331 750 1383 Οὖεννέτους·
790 1333 867 1388 ἤδη
902 1334 979 1391 γὰρ
1018 1336 1205 1385 ἐπίδοξοι,
1228 1330 1332 1390 ἦσαν
1366 1335 1466 1391 πρὸς
1495 1339 1567 1377 τοῦ
1585 1333 1694 1379 Ῥω-,

233 1402 366 1453 μαίων
393 1399 714 1455 ἕξελαθήσεσθαι
744 1404 902 1453 πεζικοῦ
913 1435 926 1455 ,
966 1402 988 1444 ὃ
1013 1401 1199 1460 καθάπερ
1227 1404 1378 1459 εἴρηται
1400 1408 1449 1459 τῇ
1467 1402 1576 1460 νήσῳ
1602 1404 1685 1445 ἓνε-

233 1470 375 1525 δρεῦον
397 1466 701 1526 ἓξιῦπερδεξίων
725 1471 861 1520 αὐτοῖς
890 1472 1156 1513 συνεπλέκετο.
1226 1472 1320 1513 ἀλλ’
1360 1473 1496 1514 ἐκεῖνοι
1530 1471 1574 1512 τὸ
1612 1472 1686 1524 μὲν

183 1541 214 1576 C
236 1537 337 1592 πρὸς
359 1541 439 1578 τῶν
460 1529 507 1578 315
523 1541 573 1592 τῇ
593 1537 700 1594 νήσῳ
734 1541 1130 1594 καταπολεμηθέντες
1153 1537 1360 1593 (Ρωμαίων
1381 1537 1436 1588 ὥς
1457 1543 1515 1595 τῷ
1536 1541 1684 1581 πλείονι

230 1609 304 1646 τοῦ
328 1604 460 1646 αὗτῶν
482 1605 730 1659 ἐζημιῶσθαι
755 1611 930 1662 στρατοῦ
939 1639 951 1658 ,
988 1607 1034 1649 τὸ
1061 1609 1103 1649 δὲ
1131 1609 1196 1648 καὶ
1219 1608 1288 1649 τὸν
1311 1606 1453 1649 στόλον
1480 1608 1578 1649 ἴέναι
1603 1613 1742 1647 πυ-Ξῦ

230 1671 398 1725 θόμενοι
411 1705 426 1724 ,
452 1671 642 1723 λύσαντες
665 1679 735 1728 τῆς
750 1672 902 1731 ἡμέρας
923 1676 1001 1729 ὀψὲ
1019 1675 1091 1729 τὴν
1108 1680 1228 1729 νῆσον
1254 1675 1456 1717 ἀπέλιπον.
1525 1674 1682 1731 ὄρθρου

233 1742 276 1782 δὲ
309 1739 552 1794 ὃῬωμαίων
584 1740 726 1791 στόλος
751 1744 814 1783 ἐπὶ
837 1745 1006 1796 Λέσβον
1034 1738 1184 1797 ἦλθεν,
1220 1742 1354 1797 ἐπειδή
1386 1760 1427 1785 τε
1458 1742 1502 1783 τὸ
1525 1742 1684 1798 γεγονὸς

229 1808 399 1864 ἤκουσεν
406 1841 419 1860 ,
459 1809 585 1851 ὀπίσω
612 1811 781 1852 ἐδίωκεν.
852 1811 955 1853 ἀλλὰ
988 1812 1161 1870 σταδαία
1190 1812 1262 1865 μὲν
1285 1810 1396 1867 μάχῃ
1416 1810 1468 1852 ,τὸ
1492 1815 1571 1852 πᾶν
1591 1813 1680 1852 δια-

323 1894 378 1929 14.
410 1891 588 1938 Μαλέαν]
623 1895 710 1929 Cod.
733 1892 880 1930 Μάλεα.
1029 1897 1088 1931 23.
1123 1895 1282 1942 σταδαίᾳ
1312 1892 1434 1940 μάχῃ]
1465 1895 1518 1930 Ita
1548 1894 1694 1939 noym.-

319 1940 404 1973 Cod.
431 1940 588 1974 σταδαῖα
616 1938 726 1984 μάχη.

230 2008 295 2042 bus
321 2007 515 2048 subductis,
546 2007 591 2041 ad
614 2008 879 2053 depopulandam
905 2009 1077 2052 regionem
1101 2012 1236 2044 exeunt.
1283 2008 1342 2043 sed
1366 2009 1401 2042 in
1426 2008 1559 2053 copias,
1592 2017 1680 2052 quae

230 2053 442 2097 imperatoris
464 2054 674 2099 providentia
694 2055 726 2087 in
741 2055 880 2088 insulam
896 2055 1109 2089 transmissae
1124 2057 1275 2097 fuerant,
1297 2055 1500 2096 incidentes,
1524 2056 1678 2087 conserto

229 2099 373 2133 invicem
387 2100 515 2144 praelio
528 2125 538 2142 ‚
563 2099 738 2144 caesisque
756 2100 908 2145 pluribus
923 2112 965 2134 ex
981 2101 1069 2143 suis,
1093 2106 1184 2135 retro
1202 2101 1244 2134 ad
1260 2112 1365 2134 naves
1380 2101 1571 2143 confugere.
1614 2098 1677 2131 im-

230 2149 371 2190 perator
390 2148 501 2178 autem
523 2145 655 2188 penitus
677 2157 734 2179 eos
758 2146 1060 2190 comprehendere,
1085 2152 1120 2180 et
1135 2152 1330 2180 terrestrem
1346 2146 1561 2189 navalemque
1576 2154 1676 2178 exer-

233 2190 335 2224 citum
350 2189 384 2222 in
399 2189 474 2223 illos
490 2190 624 2223 mittere
640 2191 879 2225 constituerat:
903 2191 962 2225 sed
980 2197 1054 2225 erat
1069 2192 1203 2237 quidam
1220 2203 1259 2225 ea
1274 2195 1491 2236 tempestate,
1514 2189 1570 2234 qui
1596 2199 1676 2222 aco—

232 2235 319 2269 luthi
341 2235 504 2279 dignitate
528 2236 753 2279 fungebatur,
781 2240 893 2270 Aaron
913 2237 1061 2278 nomine,
1084 2238 1136 2271 vir
1159 2238 1250 2272 elato
1266 2241 1302 2270 et
1316 2235 1486 2280 arroganti
1500 2234 1676 2268 admodum

230 2281 353 2314 animo.
400 2280 428 2314 is
448 2280 660 2325 imperatoris
681 2283 781 2315 rebus
799 2283 1042 2316 adversabatur
1057 2295 1206 2328 semper,
1230 2293 1400 2328 praveque
1413 2281 1598 2324 legationes
1614 2280 1675 2313 ob-

227 2326 308 2360 iisse
340 2326 567 2371 deprehensus
594 2327 723 2369 fuerat,
767 2331 870 2372 atque
892 2328 1011 2362 artium
1033 2329 1169 2374 insuper
1190 2328 1390 2372 magicarum
1409 2326 1674 2360 insimulabatur.

228 2372 288 2407 scd
311 2372 354 2406 de
376 2372 415 2405 iis
437 2377 572 2417 postea,
597 2383 669 2406 cum
692 2373 793 2415 digno
817 2374 996 2407 scelestum
1017 2375 1104 2407 hunc
1120 2374 1280 2419 supplicio
1294 2373 1421 2406 iustitia
1435 2372 1559 2405 affecit.
1606 2375 1675 2405 tum

227 2422 341 2451 autem
355 2418 509 2451 Venetae
535 2418 628 2461 genti
649 2418 784 2463 prodito
810 2419 967 2463 principis
992 2420 1128 2453 consilio
1146 2425 1284 2454 conatus
1301 2418 1387 2452 illius
1401 2417 1563 2462 impediit.
1609 2417 1674 2450 inm

228 2463 313 2496 enirn
330 2463 407 2497 vela
424 2465 552 2497 fecerat
570 2463 685 2497 classis
704 2464 864 2506 Romana,
887 2469 926 2498 ut
942 2470 1118 2509 postquam
1133 2465 1176 2499 ad
1193 2465 1333 2498 Maleam
1350 2463 1560 2518 pervenisset
1576 2464 1674 2507 (pro-

226 2509 428 2542 montorium
442 2509 475 2542 id
493 2513 546 2542 est
558 2509 736 2542 multorum
752 2509 878 2543 dierum
892 2509 1014 2544 itinere
1029 2522 1049 2543 a
1065 2511 1149 2544 Chio
1163 2510 1269 2544 insula
1283 2509 1452 2552 dissitum)
1476 2507 1612 2541 insidias
1627 2507 1675 2542 ibi

225 2554 368 2587 Venetis
385 2556 526 2588 faceret.
575 2560 670 2588 certa
695 2555 792 2589 etiam
817 2561 1014 2600 pervaserat
1038 2556 1171 2600 opinio,
1195 2567 1254 2590 eos
1279 2567 1298 2588 a
1323 2554 1436 2599 pedite
1452 2553 1602 2587 Romano
1618 2565 1674 2587 re-

226 2600 358 2645 pulsum
372 2600 430 2641 iri,
451 2600 525 2644 qui,
549 2604 587 2633 ut
602 2600 700 2633 modo
716 2601 877 2643 diximus,
901 2602 1035 2635 structis
1050 2601 1083 2635 in
1098 2602 1205 2636 insuia
1219 2600 1355 2642 insidiis,
1380 2599 1544 2644 superiori
1561 2599 1675 2633 Marte

228 2654 303 2679 cum
324 2645 365 2679 iis
391 2645 619 2681 dimicaverat,
665 2658 783 2680 verum
808 2646 873 2688 illi,
898 2651 968 2680 tum
988 2647 1077 2691 quod
1099 2658 1119 2680 a
1135 2645 1293 2680 Romanis
1314 2645 1370 2690 qui
1395 2645 1429 2678 in
1450 2645 1556 2678 insula
1578 2647 1675 2678 erant

228 2689 358 2735 magna
371 2701 505 2724 suorum
529 2696 625 2736 parte
650 2691 778 2725 multati
794 2696 928 2733 essent,
949 2697 1020 2725 tum
1036 2693 1125 2736 quod
1143 2692 1281 2725 classem
1298 2691 1396 2724 etiam
1414 2702 1528 2724 eorum
1544 2690 1674 2724 adven-

227 2739 304 2771 tare
339 2736 570 2781 perciperent,
609 2736 767 2770 inclinato
801 2737 866 2771 iam
896 2737 950 2771 die
976 2737 1094 2771 solutis
1118 2737 1249 2771 ancoris
1278 2736 1320 2770 ab
1347 2736 1454 2770 insula
1488 2747 1674 2770 recessere.

228 2787 366 2828 postero
392 2786 502 2816 autem
535 2793 630 2815 mane
660 2782 775 2816 classis
802 2784 953 2818 Romana
973 2783 1118 2816 Lesbum
1141 2782 1286 2827 appulit,
1318 2794 1359 2816 ac
1379 2782 1437 2816 ubi
1462 2793 1548 2826 quae
1575 2785 1674 2826 gesta

230 2832 326 2863 erant
345 2827 494 2875 accepit,
515 2838 605 2873 pone
619 2827 770 2862 insecuta
783 2833 848 2863 est.
893 2833 1044 2864 ceterum
1066 2828 1208 2863 stataria
1229 2839 1341 2874 pugna
1354 2827 1403 2863 rei
1418 2838 1578 2863 summam
1592 2827 1691 2867 durh.
1747 2829 1750 2833 '

1104 2962 1123 2982 f
