1878 3262
655 212 1051 257 HISTORIARUM
1084 213 1132 255 L.
1160 212 1234 255 111.
1612 212 1676 258 91

216 329 583 386 eqpovwrofimg.
651 325 749 370 ὅθεν
775 327 936 386 ἀθυμίᾳ
961 329 1175 382 συσχεθεὶς
1201 325 1222 371 ὅ
1247 324 1474 384 Λουτῆρης
1492 333 1679 384 πυρετοῖς

213 415 255 440 τε
282 395 450 453 λάβροις
476 397 543 439 διὰ
568 401 686 439 τοῦτο
714 395 838 446 ἁλούς
846 429 860 447 ,
904 396 1023 452 ὀλίγῳ
1048 396 1217 454 ὕστερον
1242 397 1285 447 ἐξ
1311 394 1542 454 ἀνθρώπων
1565 394 1678 453 ἠφά-

213 482 337 509 νιστο.
406 463 624 522 Κορράδος
650 466 717 518 δέ,
754 463 942 520 καθάπερ
970 464 1148 520 εἴρηται,
1182 465 1256 520 τὴν
1284 465 1413 522 ἀρχὴν
1439 465 1679 519 διαδέχεται.

352 533 398 576 2.
468 538 613 576 Ταῦτα
638 534 713 588 μὲν
735 535 830 590 τῇδε
854 533 1015 587 ἐγένετο.
1079 531 1276 589 Ῥογέριος
1302 535 1346 576 δὲ
1370 535 1682 590 Λογγιβαρδιάς

181 608 206 644 5
216 603 283 644 καὶ
319 600 440 644 πάλιν
478 603 599 659 ἀπρὶξ
633 603 772 656 εἴχετο.
854 600 950 658 ὅπερ
987 600 1034 642 οὗ
1063 601 1198 657 φέρων
1233 600 1254 643 ὅ
1288 600 1446 657 Ῥώμης
1471 602 1680 659 ἀρχιερεὺς

213 668 436 725 ὁμαιχμίαν
462 672 503 721 ἐξ
522 671 759 724 Ἀλαμανῶν
785 667 917 727 ἑαυτῷ
943 668 1245 723 συστησάμενος
1256 702 1270 721 ,
1304 674 1431 728 θυμῷ
1455 675 1594 728 πολλῷ
1606 688 1682 712 κα-

213 739 266 782 τά
297 738 497 795 Ῥογερίου
532 740 708 796 ἐφέρετο.
778 738 874 781 ἀλλ’
914 736 1154 794 ὅῬογέριος
1181 738 1297 795 ἄφνω
1324 739 1681 795 ἔνεστρατοπεδευ-

213 809 320 866 μένῳ
355 806 486 864 τούτῳ
512 808 718 865 ἐπιφανεὶς
751 805 847 857 τούς
871 824 912 849 τε
940 806 1047 863 ἄμφ’
1078 806 1201 849 αὐτὸν
1238 807 1437 864 ἐτρέψατο
1465 810 1531 848 καὶ
1559 808 1683 849 αὐτὸν

215 877 405 933 ζωγρειάν
431 873 543 918 εἷλεν.
612 873 747 930 ἐπειδή
771 893 814 918 τε
838 874 917 930 ἤδη
943 876 986 916 ἓν
1006 877 1145 928 χερσὶν
1171 874 1268 930 εἶχε,
1306 874 1456 930 σκηνήν
1481 893 1571 917 τινα
1596 881 1676 917 τῶν
1699 885 1731 919 D

163 952 208 986 10
221 945 299 987 ἀπὸ
336 946 446 986 λίνου
483 946 757 999 πεποιημένων
791 942 1038 993 διαπετάσας
1062 946 1218 996 καθίζει
1244 946 1307 986 ἐπὶ
1333 943 1484 999 ταύτης
1509 944 1578 986 τὸν
1605 944 1681 1000 ἀρ-

210 1014 374 1070 χιερέα,
423 1014 464 1063 ἔς
497 1012 650 1069 ἴδαφός
680 1030 722 1055 τε
758 1012 1002 1066 καταβαλών
1036 1010 1181 1054 ἑαυτὸν
1215 1013 1371 1070 πρηνὴς
1401 1014 1523 1068 χερσί
1543 1030 1585 1055 τε
1612 1014 1679 1054 καὶ

214 1084 333 1124 ποσὶν
365 1080 613 1138 ἐρειδόμενος
645 1079 839 1138 προσῄει,
875 1081 922 1123 τὸ
947 1081 1021 1135 μὲν
1046 1081 1119 1136 τὴν
1145 1079 1367 1138 ἁμαρτάδα
1395 1084 1521 1136 δῆθεν
1547 1083 1680 1131 ἐξιλα-

215 1147 408 1204 σκόμενος
432 1149 477 1192 τὸ
505 1151 549 1192 δὲ
575 1152 642 1192 καὶ
676 1149 750 1206 ῥὴξ
785 1154 1097 1207 προβεβλῆσθαι
1135 1150 1269 1200 ἀξιῶν.
1339 1148 1360 1192 ὅ
1388 1151 1432 1192 δὲ
1458 1151 1618 1203 δέχεταί
1640 1167 1680 1192 τε

214 1216 433 1275 προσιόντα
459 1219 560 1274 (καὶ
585 1220 627 1261 τί
654 1219 733 1276 γὰρ
761 1217 811 1260 ἂν
836 1218 1041 1274 ἕδρασες)
1070 1221 1136 1261 καὶ
1169 1219 1272 1276 ρῆγα
1307 1219 1447 1261 λοιπὸν
1482 1218 1681 1273 ὀνομάζει.

163 1292 205 1329 15
217 1288 259 1338 ἐξ
297 1288 446 1329 ἐκείνου
482 1304 523 1329 τε
559 1287 634 1344 ῥὴξ
658 1289 971 1343 Λογγιβαρδίας
1002 1285 1253 1342 ’ἡγεμονεύων
1287 1292 1511 1343 κεκλῆσθαι
1546 1287 1680 1330 εἴωθε.

208 1354 409 1412 Ῥογέριος
433 1356 476 1397 δὲ
501 1356 635 1410 ἐπειδὴ
661 1360 735 1398 τοῦ
759 1356 864 1397 κατὰ
889 1355 1039 1398 σκοπὸν
1064 1356 1198 1410 ἔτυχε,
1233 1357 1420 1414 πρέσβεις
1445 1358 1486 1407 ἒς
1508 1357 1682 1410 βασιλέα

209 1423 397 1478 Ἰωάννην
431 1423 488 1466 ἔτι
521 1423 711 1481 περιόντα
742 1425 910 1478 πέμψας
943 1424 1074 1481 ᾗτεῖτο
1108 1424 1259 1479 κήδους
1290 1430 1364 1467 τοῦ
1397 1426 1440 1467 ἐκ
1465 1427 1682 1479 βασιλείων
1704 1434 1733 1468 P
1759 1434 1803 1468 53

215 1491 398 1548 αἱμάτων
424 1493 487 1534 ἐπὶ
512 1495 626 1535 παιδὶ
651 1492 867 1543 τεύξεσθαι
901 1498 959 1551 τῷ
985 1493 1123 1535 αὐτοῦ.
1192 1493 1285 1535 ἀλλ’
1315 1493 1428 1536 οὕπω
1454 1495 1568 1543 τέλος
1594 1494 1683 1548 ἴσχε

213 1562 266 1604 τὰ
290 1566 363 1616 τῆς
387 1563 614 1617 πρεσβείας,
648 1563 715 1604 καὶ
732 1559 921 1616 Ἰωάννης
941 1561 1012 1603 τὸν
1032 1563 1124 1615 βιόν
1146 1563 1326 1604 κατέλυε.
1393 1562 1498 1616 μετὰ
1524 1563 1570 1604 δέ
1593 1579 1684 1604 τινα

159 1636 206 1670 20
211 1628 360 1686 χρόνον
396 1631 602 1686 Μανουὴλ
637 1629 716 1685 ἤδη
749 1630 822 1684 τὴν
858 1630 1178 1686 αὖτοκρατοριάν
1218 1632 1422 1681 διέποντος
1458 1631 1589 1673 ταῦτιὶ
1616 1634 1683 1673 καὶ

214 1697 336 1739 πάλιν
370 1699 538 1752 πέμψας
571 1699 699 1754 ἠξίου.
769 1697 867 1740 ὅθεν
891 1700 959 1741 καὶ
985 1697 1200 1749 Βασίλειός
1225 1717 1286 1749 τις
1311 1698 1520 1754 ἐπώνυμον
1546 1698 1686 1756 Ξηρός

216 1768 273 1817 εἷς
307 1767 492 1809 Σικελίαν
527 1767 674 1825 ἀφῖκτο
702 1765 889 1825 Ῥογερίῳ
925 1769 1016 1824 περὶ
1042 1766 1188 1810 τούτου
1216 1767 1509 1823 διαλεξόμενος.
1581 1769 1680 1810 ἀλλ’

307 1887 342 1922 7.
366 1882 783 1967 ἐνέστρατοπεδευμὲνῳ]
809 1885 896 1921 eod.
911 1878 1338 1932 ἕνστρατοπαιδευμένῲ.
1374 1886 1509 1920 Tollius
1533 1884 1681 1931 ἐνστρα-

306 1943 398 1966 τοπε
424 1943 574 1979 ευμενῳ.

218 2045 280 2068 nus
296 2033 544 2069 dilabebantur.
588 2036 661 2067 tum
678 2043 762 2066 vero
786 2032 970 2067 Lotharius
985 2045 1141 2067 moerore
1167 2034 1366 2076 confectus,
1388 2033 1422 2067 in
1449 2033 1683 2077 gravissimam

217 2080 337 2114 incidit
360 2081 511 2122 febrem,
546 2090 610 2113 nec
631 2079 736 2112 multo
763 2084 844 2122 post
864 2079 951 2112 diem
977 2080 1099 2114 clausit
1127 2086 1325 2115 extremum.
1378 2079 1622 2126 principatum,
1648 2087 1686 2116 ut

217 2126 362 2160 diximus
375 2150 385 2167 ,
412 2130 532 2171 postea
549 2124 727 2159 conradus
742 2124 887 2169 adeptus
902 2129 968 2158 est.

311 2173 346 2207 2.
392 2171 458 2205 His
483 2171 534 2206 ita
562 2171 727 2204 confectis
748 2171 875 2212 rebus,
895 2169 1169 2214 Langobardiam
1190 2170 1319 2216 recepit
1340 2180 1473 2205 rursum
1498 2171 1683 2215 Rogerius.

219 2217 312 2262 quod
329 2228 402 2251 cum
427 2218 520 2251 serre
536 2217 624 2251 haud
648 2220 764 2262 posset
787 2216 958 2249 Romanus
976 2216 1148 2261 pontifeX‚
1181 2216 1370 2250 Alemannis
1393 2217 1428 2250 in
1443 2218 1603 2253 auxilium
1625 2230 1686 2252 ac·

221 2264 321 2307 citis,
348 2274 476 2297 summo
493 2263 591 2296 animi
614 2263 735 2296 ardore
757 2262 790 2295 in
814 2261 1000 2306 Rogerium
1025 2262 1264 2306 proficiscitur.
1312 2267 1350 2296 at
1375 2262 1403 2296 is
1419 2270 1532 2297 castra
1555 2268 1686 2298 metan-

219 2315 290 2343 tem
314 2309 489 2353 inopinate
504 2308 688 2351 invadens,
724 2307 845 2342 ceteris
859 2307 892 2340 in
907 2308 1022 2352 fugam
1039 2308 1219 2349 coniectis,
1242 2308 1349 2354 ipsum
1373 2309 1474 2343 etiam
1498 2309 1612 2343 vivum
1626 2322 1685 2344 ca-

218 2355 282 2401 pit.
328 2366 402 2388 cum
425 2355 491 2389 iam
512 2355 606 2388 illum
628 2354 663 2388 in
679 2354 830 2387 manibus
846 2354 1008 2395 haberet,
1033 2365 1181 2399 expanso
1206 2366 1249 2388 ex
1262 2355 1376 2388 linteis
1389 2355 1628 2400 tabernaculo,
1650 2357 1687 2390 in

221 2413 262 2435 eo
283 2401 454 2434 sedentem
469 2401 662 2446 pontificem
681 2400 836 2441 collocat,
858 2399 932 2444 ipse
948 2400 1036 2433 humi
1051 2405 1254 2444 prostratus,
1280 2412 1386 2446 prono
1403 2412 1546 2445 corpore
1559 2413 1600 2435 ac
1614 2413 1686 2435 ma—

221 2446 319 2480 nibus
340 2446 552 2492 pedibusque
579 2447 772 2480 incumbens
796 2445 840 2478 ad
862 2444 955 2479 illum
970 2445 1129 2491 adreph,
1153 2446 1274 2491 partim
1291 2446 1406 2480 delicti
1421 2447 1605 2491 implorans
1622 2459 1687 2481 ve—

220 2491 330 2532 niam,
354 2491 476 2537 partim
500 2499 538 2526 ut
562 2492 692 2536 regium
711 2491 777 2525 sibi
800 2502 920 2525 nomen
945 2491 1052 2525 vellet
1075 2491 1239 2537 impertiri
1254 2498 1426 2536 precatus,
1471 2493 1688 2527 accedentem

221 2538 359 2582 excepit
382 2538 537 2583 pontifex
563 2538 670 2583 (quid
694 2537 782 2571 enim
808 2538 991 2581 faceret‘Z)
1026 2542 1061 2571 et
1089 2549 1203 2582 regem
1227 2537 1421 2582 appellavit.
1474 2544 1577 2583 atque
1610 2540 1690 2574 inde

220 2581 482 2627 Longobardiae
506 2583 662 2629 princeps
687 2595 750 2617 rex
776 2582 892 2617 vocari
915 2583 1103 2618 consuevit.
1148 2583 1321 2626 Rogerius
1337 2583 1442 2627 igitur
1456 2595 1532 2618 cum
1548 2597 1591 2619 ex
1606 2593 1690 2619 voto

222 2629 465 2663 successissent
487 2629 621 2672 omnia,
651 2629 785 2673 legatos
807 2629 851 2662 ad
875 2629 1114 2674 imperatorem
1137 2629 1315 2669 Ioannem,
1346 2629 1403 2673 qui
1427 2629 1539 2663 adhuc
1561 2637 1635 2665 erat
1656 2632 1688 2665 in

226 2673 332 2717 vivs,
364 2675 452 2709 misit
476 2675 534 2720 qui
557 2687 600 2709 ex
627 2675 844 2720 imperatorio
868 2674 1034 2719 sanguine
1058 2686 1196 2708 uxorem
1224 2686 1285 2719 pro
1301 2675 1371 2708 filio
1397 2686 1459 2709 suo
1475 2682 1687 2721 expeterent.

225 2718 287 2751 sed
302 2719 440 2754 necdum
459 2720 617 2766 expedita
633 2727 709 2755 erat
722 2721 848 2765 legatio
858 2745 870 2759 ,
908 2732 982 2754 cum
999 2720 1141 2753 Ioannes
1156 2720 1230 2754 vita
1246 2721 1381 2754 functus
1398 2726 1464 2755 est.
1508 2722 1688 2756 interiecto

224 2763 346 2798 deinde
360 2765 472 2810 aliquo
487 2770 660 2812 tempore,
685 2778 758 2801 cum
773 2767 840 2801 iam
855 2766 995 2800 ManuEl
1009 2766 1182 2811 imperium
1195 2771 1289 2800 esset
1302 2767 1446 2811 adeptus
1457 2795 1467 2811 ‚
1491 2768 1608 2801 eadem
1625 2780 1686 2812 per

226 2808 359 2850 legatos
371 2810 490 2844 iterum
505 2812 714 2856 postulavit:
741 2824 885 2857 eumque
898 2812 932 2846 in
948 2813 1048 2846 finem
1066 2812 1208 2846 Basilius
1220 2840 1230 2855 ‚
1254 2819 1476 2856 cognomento
1494 2814 1607 2847 Xerus
1619 2841 1628 2855 ‚
1653 2813 1686 2846 in

226 2853 376 2889 Siciliam
393 2856 544 2902 traiecit,
566 2862 606 2892 ut
619 2857 662 2893 iis
677 2859 721 2893 de
734 2859 837 2894 rebus
852 2869 926 2893 cum
942 2857 1094 2904 Roget-io
1109 2869 1280 2894 semones
1294 2859 1476 2894 conferret.
1521 2865 1558 2892 at
1572 2858 1686 2892 Xerus
