1878 3262
525 174 1063 245 conmmrimonum
1094 202 1143 245 L.
1170 200 1250 244 lv.
1525 200 1620 249 147

173 312 526 369 κατεπέμφθησαν.
595 315 759 368 κατέσχε
787 316 830 357 δὲ
857 317 925 357 καὶ
958 315 1031 370 τὴν
1061 316 1103 357 ἓν
1133 315 1339 374 Θεσσαλίᾳ
1363 315 1623 373 μητρόπολιν,
1645 323 1677 358 D

171 381 221 436 ἢν
249 379 544 436 Θεσσαλονίκην
568 381 842 436 ὀνομάζουσιν.
908 381 930 424 ὅ
953 385 1026 437 μὲν
1057 379 1128 429 οὖν
1149 384 1365 439 Κομνηνὸς
1391 386 1550 441 βαρέως
1575 386 1622 429 τὸ
1644 393 1678 427 V
1702 395 1743 428 71

173 449 384 492 κελευσθὲν
417 449 578 507 ἔφερεν·
617 450 716 508 ᾤετο
748 451 825 508 γὰρ
854 452 975 505 τιμὰς
1006 453 1049 494 ἐκ
1077 441 1276 505 ΙΒασιλέως
1308 454 1374 494 καὶ
1398 454 1494 509 γέρα
1515 454 1626 511 αὐτῷ

171 521 358 573 γενέσθαι
389 523 462 560 τοῦ
494 518 814 576 κατορθώματος
842 519 958 571 ἄξια,
986 518 1042 570 ὥς
1062 521 1110 562 οὗ
1131 522 1371 578 τυραννίδα,
1405 525 1561 574 μᾶλλον
1585 524 1629 565 δὲ

138 588 380 640 δβασιλείαν
416 589 628 642 μεγίστην,
677 590 743 629 καὶ
792 587 1061 645 στρατεύματι
1094 588 1274 647 τοσούτῳ
1309 591 1376 631 καὶ
1407 589 1628 648 τηλικούτῳ

171 655 465 710 κρατυνομένην
493 657 560 697 καὶ
593 661 804 713 στρατηγῷ
833 656 1001 714 τοιούτῳ
1032 657 1269 716 περιωνύμῳ
1297 660 1365 700 καὶ
1387 657 1529 714 χώρας
1555 676 1626 701 το-

172 722 323 777 σαύτης
357 725 615 782 δασμοφορίᾳ
646 726 713 765 καὶ
747 724 921 777 πόλεων,
968 725 1238 768 καταλύσαντι
1274 728 1341 768 καὶ
1369 724 1627 778 ὑποτάξαντι.

170 792 273 845 πλὴν
297 789 400 833 ἀλλὰ
421 793 488 833 καὶ
511 794 670 849 βαρέως
689 793 822 849 φέρων
842 795 963 836 ἐποίει
984 794 1029 836 τὸ
1052 795 1278 836 κελευσθέν.

308 900 384 949 17.
455 900 538 946 Τὸν
561 906 603 946 ὁὲ
626 906 841 963 Βρυὲννιον
863 904 883 947 ὃ
903 907 1083 962 Βορίλας
1098 906 1350 964 παραλαβὼν
1372 910 1439 949 καὶ
1460 909 1561 965 πρὸς
1579 908 1626 951 τὸ
1649 914 1679 950 Ρ
1702 916 1747 949 98

116 978 161 1011 10
173 968 419 1014 Φιλοπάτιον
447 970 656 1028 λεγόμενον
686 974 903 1030 ἀπαγαγὼν
936 976 1147 1032 ἔκτυφλοΐ,
1192 973 1322 1031 ἄνδρα
1350 974 1547 1032 στερήσας
1579 982 1630 1033 τῇ

162 1037 372 1094 Ῥωμαίων
403 1041 510 1098 ἀρχῇ
543 1044 609 1083 καὶ
629 1044 806 1101 πολιτείᾳ
828 1040 913 1084 οἷον
935 1043 1072 1085 οὔτινα
1095 1043 1217 1085 ἄλλον
1239 1044 1420 1098 ἐκέκτητο
1444 1044 1537 1086 ἄνευ
1557 1050 1630 1087 τοῦ

168 1107 297 1166 τούτῳ
313 1107 663 1166 ὖπερισχύσαντος.
733 1109 754 1152 ὃ
777 1111 990 1165 Κομνηνὸς
1007 1112 1049 1153 δ’
1073 1113 1137 1152 ἐπὶ
1160 1113 1287 1168 τρισὶν
1308 1109 1477 1168 ἡμέραις
1489 1113 1629 1166 μείνας

167 1175 246 1226 ἔξω
277 1181 349 1232 τῆς
384 1175 537 1228 πόλεως
569 1180 636 1220 καὶ
665 1179 760 1229 τοὺς
782 1181 908 1229 ἰδίους
929 1179 1030 1236 πρὸς
1055 1178 1178 1221 αὐτὸν
1201 1178 1439 1230 ἐξελθόντας
1464 1179 1561 1222 ῗὸών
1586 1198 1628 1223 τε
1670 1227 1673 1229 ,

167 1247 234 1286 καὶ
256 1244 550 1298 συνταξάμενος
570 1244 708 1303 ἐχώρει
731 1244 833 1304 πρὸς
849 1247 923 1302 τὴν
940 1245 1269 1304 Ἀδριανούπολιν
1278 1280 1292 1299 ,
1326 1247 1465 1302 λαβὼν
1484 1250 1527 1290 ἐκ
1548 1254 1629 1303 βα-

113 1316 155 1352 15
167 1314 308 1363 σιλέως
330 1315 396 1354 καὶ
419 1313 688 1371 συγχωρήσας
709 1314 935 1372 ἐγγράφους
951 1320 1177 1370 βασιλικοῖς
1197 1315 1430 1372 γράμμασιν
1448 1318 1630 1374 ἐρυθρᾶς

167 1383 235 1422 καὶ
254 1388 447 1438 σφραγῖσι
458 1389 632 1439 χρυσαῖς
646 1383 958 1437 βεβαιουμὲνας,
987 1381 1098 1425 ὥσθ’
1133 1384 1300 1426 ἕκαστον
1322 1389 1402 1426 τῶν
1423 1383 1628 1442 ἀρχόντων

166 1448 268 1503 ἔχειν
293 1451 360 1491 καὶ
382 1449 454 1503 τὴν
474 1451 594 1505 τιμὴν
613 1450 663 1505 ἢν
685 1449 761 1505 εἶχε
785 1453 850 1493 καὶ
881 1450 955 1501 τὰς
984 1450 1140 1507 κτήσεις
1167 1450 1328 1502 ἁπάσας
1349 1452 1455 1496 ὅσων
1480 1452 1626 1496 δεσπό-

165 1534 238 1572 της
262 1519 444 1575 ἔφαίνετο
471 1517 675 1575 πρότερον.

262 1682 317 1718 17.
343 1677 461 1727 ὅσων]
483 1682 536 1716 Ita
558 1682 602 1718 P.
625 1693 687 1727 pro
710 1679 749 1716 ἐκ
773 1678 874 1716 ὅσον.
922 1683 1003 1716 fort.
1027 1680 1080 1722 εἰς
1104 1677 1206 1717 ὅσον.

163 1823 257 1861 iussu
282 1825 376 1860 eunti
400 1826 603 1870 attributos,
645 1826 862 1860 formidolose
884 1828 1006 1870 potens
1029 1825 1223 1858 imminebat
1248 1824 1413 1870 imperio,
1455 1830 1628 1871 occupata

164 1872 344 1916 metropoli
375 1871 577 1906 Thessaliae
605 1883 703 1916 quam
732 1870 1006 1905 Thessalonicam
1036 1875 1173 1904 vocant.
1229 1882 1337 1913 grave
1367 1871 1402 1903 id
1434 1872 1626 1907 mandatum

165 1918 286 1952 Alexio
309 1917 385 1951 fuit.
431 1921 686 1963 exspectaverat
705 1917 791 1950 enim
806 1916 861 1949 ille
876 1916 990 1960 potius
1004 1915 1198 1960 praesentia
1214 1916 1361 1960 praemia
1377 1927 1504 1960 operae
1518 1929 1625 1952 nava-

166 1970 245 2005 tae,
276 1964 420 1996 honores
439 1974 480 1996 ac
501 1962 685 2006 dignitates
698 1963 742 1995 ab
757 1961 980 2006 imperatore,
1011 1972 1100 2005 quae
1115 1972 1190 1995 cum
1207 1962 1425 2006 proportione
1439 1963 1626 2008 responde-

164 2014 243 2042 rent
265 2005 487 2052 magnitudini
511 2019 623 2041 rerum
638 2019 660 2041 a
674 2018 713 2040 se
728 2012 899 2051 gestarum
910 2029 920 2046 ‚
951 2011 1072 2050 utpote
1090 2006 1148 2051 qui
1170 2017 1236 2040 non
1251 2007 1467 2040 rebellionem
1483 2008 1625 2053 aliquam

165 2054 366 2088 mediocrem
391 2053 599 2096 domuisset,
631 2053 692 2086 sed
718 2052 938 2097 principatum
959 2052 1136 2086 maximum
1158 2056 1252 2085 tanto
1277 2052 1429 2086 exercitu
1443 2053 1626 2097 firmatum,

166 2104 202 2133 et
229 2099 311 2133 clari
332 2099 571 2143 fortissimique
592 2097 803 2142 imperatoris
828 2102 883 2130 tot
906 2097 968 2130 sibi
994 2097 1164 2131 subiectas
1180 2102 1215 2130 et
1228 2098 1414 2141 vectigales
1430 2100 1624 2143 provincias

166 2145 322 2179 habentis
336 2144 506 2189 praesenti
521 2143 724 2178 auctoritate
739 2143 914 2176 subnixum
940 2150 1006 2176 uno
1015 2143 1150 2222 (praelio
1166 2143 1369 2177 debellasset
1386 2149 1491 2188 atque
1505 2145 1624 2180 subiu-

166 2195 295 2236 gasset.
341 2196 454 2224 tamen
474 2190 555 2224 licet
572 2200 674 2234 aegre
687 2199 729 2223 ac
743 2188 930 2222 subinvitus
946 2199 1011 2233 quo
1050 2188 1232 2224 iubebatur
1247 2198 1429 2234 aggressus
1444 2195 1509 2225 est.

259 2281 314 2316 17.
360 2281 575 2326 Assumptum
599 2287 702 2324 porro
726 2278 936 2322 Bryennium
956 2279 1088 2314 Bon‘las
1112 2290 1187 2314 cum
1202 2279 1237 2313 in
1251 2279 1360 2314 locum
1380 2280 1556 2325 quemdam
1571 2281 1624 2315 di-

168 2329 258 2360 ctum
284 2324 506 2371 Philopatium
530 2326 681 2359 duxisset
702 2324 917 2369 excaecavit,
948 2325 1084 2369 privans
1112 2325 1297 2359 Romanum
1313 2326 1486 2370 imperium
1502 2331 1538 2360 et
1550 2338 1622 2360 rem

166 2372 332 2417 publicam
356 2373 430 2405 viro
440 2397 458 2414 ‚‚
481 2372 535 2406 cui
558 2381 675 2416 parem
698 2369 786 2404 haud
811 2369 910 2405 alium
933 2370 1081 2405 habebat
1102 2382 1200 2415 quam
1228 2382 1303 2404 eum
1318 2382 1338 2404 a
1353 2382 1419 2415 quo
1435 2371 1547 2405 victus
1564 2383 1623 2405 ca-

165 2423 313 2462 ptusque
334 2418 459 2461 fuerat.
505 2417 695 2451 Comnenus
718 2420 830 2450 autem
854 2427 922 2450 non
941 2416 1017 2460 plus
1045 2416 1164 2451 diebus
1187 2416 1297 2450 tribus
1321 2416 1356 2449 in
1380 2416 1501 2450 castris
1525 2421 1621 2452 extra

166 2462 491 2508 Constantinopolim
513 2467 662 2496 moratus
676 2489 686 2505 ‚
717 2461 957 2506 colloquiisque
970 2461 1106 2496 interim
1121 2467 1156 2495 et
1169 2461 1425 2495 salutationibus
1440 2462 1622 2497 amicorum

167 2509 553 2553 consanguineorumque
576 2512 769 2550 recreatus,
800 2506 857 2551 qui
879 2507 1030 2541 certatim
1055 2507 1126 2541 eius
1150 2507 1279 2541 visendi
1300 2508 1412 2550 gratia
1427 2508 1621 2552 prodibant,

167 2554 245 2587 vale
269 2554 350 2599 ipsis
376 2554 466 2588 dicto
488 2554 663 2599 profectus
687 2557 740 2586 est
762 2552 1013 2596 Adrianopolim
1031 2563 1166 2594 versus,
1197 2552 1344 2596 acceptis
1359 2553 1402 2586 ab
1417 2554 1622 2598 imperatore

168 2598 400 2643 diplomatibus
411 2600 547 2634 rubrica
562 2598 694 2643 scriptis
710 2603 746 2631 et
759 2598 824 2631 rite
839 2595 972 2631 munitis
984 2623 994 2637 ,
1025 2599 1121 2642 regia
1135 2597 1381 2643 subscriptione
1395 2610 1435 2632 ac
1450 2600 1542 2633 bulla
1556 2611 1620 2634 au-

168 2655 227 2677 rea
254 2643 411 2687 firmatis,
442 2646 562 2690 quibus
593 2644 772 2688 unicuique
800 2643 918 2677 ducum
941 2640 998 2687 qui
1018 2643 1181 2688 Bryennii
1203 2647 1317 2689 partes
1339 2645 1449 2678 secuti
1471 2645 1618 2680 nondum

166 2700 258 2723 arma
280 2689 526 2735 deposuerant,
555 2690 642 2724 fides
667 2690 774 2723 fiebat
795 2689 1057 2723 conservandum
1076 2689 1251 2734 unicuique
1263 2694 1442 2734 postquam
1457 2691 1617 2725 rebellio-

168 2743 243 2768 nem
259 2734 460 2779 durassent,
489 2747 587 2781 quem
603 2736 695 2781 prius
709 2734 851 2779 quisque
865 2734 1058 2768 obtinuerat
1070 2735 1229 2769 honorem
1239 2763 1248 2779 ‚
1279 2746 1389 2779 neque
1405 2747 1448 2771 ex
1462 2737 1503 2772 iis
1519 2737 1617 2772 bonis

167 2791 308 2824 quorum
322 2780 460 2826 legitimi
471 2793 686 2827 possessores
702 2785 804 2816 antea
816 2780 959 2816 fuissent
973 2780 1152 2826 quidquam
1167 2780 1384 2827 eripiendum.
