1878 3262
364 240 423 284 IN
448 239 768 284 HISTORIAM
786 239 1014 285 IOANNIS
1039 239 1272 286 GINNAMI
1292 241 1491 285 NOTAE.
1563 242 1661 287 321

303 363 343 402 p.
351 352 406 394 33
416 363 454 390 v.
465 353 530 393 10.
559 351 725 405 χρυσίου
736 346 1014 404 κεντηνᾶριον]
1029 350 1126 390 Auri
1136 351 1360 390 centenaria
1370 349 1663 393 habentTheo-

191 406 340 460 phanes
359 420 400 459 p.
423 409 478 451 99
496 407 578 449 147
599 407 678 452 148
693 408 775 450 335
790 412 877 457 ete„
906 407 1120 460 Procopius
1137 409 1162 450 l.
1183 412 1204 451 1
1226 409 1275 447 de
1285 409 1393 448 Bello
1404 410 1545 448 Persic.
1563 410 1662 448 etin

191 463 294 503 Hist.
324 463 493 511 Arcana,
535 464 691 503 Nicetas
720 465 761 502 in
780 464 884 504 Man.
914 463 990 507 l.‘2
1017 478 1055 503 n.
1075 465 1147 507 71.
1168 465 1195 508 5
1224 480 1263 504 n.
1279 466 1363 514 ult„
1388 468 1429 506 S.
1450 466 1662 518 Gregorius

190 521 219 563 l.
238 524 267 564 2
285 520 368 559 ind.
390 525 418 563 2
436 521 549 572 epist.
576 524 674 571 130,
715 521 876 560 Gruter.
902 520 1019 558 inscr.
1046 524 1156 563 1120
1181 525 1232 564 17
1256 528 1296 560 et
1317 523 1383 561 alii
1401 536 1501 574 quos
1518 523 1662 576 passim

189 577 357 616 laudant
383 578 552 629 Scaliger
583 578 652 616 lib.
677 577 726 616 de
751 590 796 616 re
817 577 1059 627 nummaria,
1098 576 1294 618 Meursius
1323 586 1364 618 et
1392 580 1591 619 Fabrotus
1618 581 1662 619 in

189 634 396 685 glossariis,
455 637 551 672 auri
571 633 711 686 pondo
738 635 1027 685 interpretatur
1048 634 1305 676 Alamannus.
1363 636 1539 676 Isidorus
1566 650 1663 676 cen.-

189 696 276 730 tum
294 691 484 730 librarum
503 691 623 730 fuisse
642 691 909 730 centenarium
928 690 1083 738 scribit,
1122 697 1242 742 atque
1260 705 1310 730 ex
1331 706 1377 732 eo
1399 693 1663 761 appellatum.

189 748 319 799 quod,
349 756 503 800 praeter
527 749 787 820 Procopium,
823 753 1022 786 testantur
1042 748 1204 786 Glossae
1227 748 1361 788 BasiL:
1387 746 1664 804 κεντηνᾶριον,

190 805 318 859 λίτραι
336 802 381 858 ρ’.
440 804 581 845 κέντον
607 801 684 859 γὰρ
699 803 891 858 Ῥωμαῖοι
916 820 965 845 τα
995 801 1028 857 ρ’
1048 805 1161 856 φασί.
1220 805 1365 844 Paulus
1388 807 1664 846 warnefridus

189 861 216 899 1.
228 862 316 904 3de
328 861 633 927 GestisLangob.
651 875 686 903 ο.
700 864 772 903 12;
799 863 1015 899 inveniunt
1033 875 1230 913 magnum
1252 862 1489 901 thesaurum
1511 863 1663 902 habm-

190 925 268 956 tem
285 919 397 956 mille
415 921 511 956 auri
530 920 771 957 centenaria.
804 918 1027 957 Chronicon
1048 917 1445 971 Reicherspergense:
1475 922 1514 957 si
1531 922 1666 972 impe-

189 982 304 1013 rator
322 983 357 1013 et
381 977 574 1014 exercitus
593 974 710 1014 claret
724 977 762 1013 ei
778 978 1026 1013 centenarios
1044 977 1154 1016 auri.
1185 975 1386 1015 Arnoldus
1397 976 1541 1015 Lubec.
1565 976 1593 1015 l.
1611 979 1664 1020 13

189 1045 224 1073 c.
244 1035 319 1074 37:
354 1032 510 1084 Cyprus
526 1040 585 1070 est
603 1035 712 1084 regio
730 1034 838 1070 mari
856 1032 1137 1083 circumdata,
1179 1035 1266 1085 regi
1290 1033 1664 1086 Constantinopoli-

188 1095 285 1126 tano
306 1088 490 1141 subdita,
514 1091 748 1141 persolvens
769 1091 805 1126 ei
823 1092 1041 1127 annuatim
1062 1096 1209 1140 septem
1228 1092 1325 1128 auri
1337 1089 1538 1143 pondera,
1559 1104 1665 1142 quae

187 1153 387 1183 centenere
405 1145 611 1187 dicuntur.
667 1147 710 1184 in
729 1145 869 1185 charta
888 1147 1054 1188 A.1208
1074 1146 1180 1198 apud
1191 1146 1399 1198 Ughellum
1417 1153 1514 1186 tom.
1532 1150 1559 1189 7
1575 1146 1665 1187 Ital.

187 1203 330 1240 Sacrae
346 1216 384 1254 p.
403 1201 506 1245 274:
535 1211 693 1241 centum
710 1205 1016 1255 quinquaginta
1042 1205 1214 1241 Parenos
1237 1204 1498 1255 Amalplziae‚
1527 1210 1564 1241 et
1583 1203 1663 1242 duo

187 1261 416 1297 centenaria
435 1274 547 1298 cerae
564 1265 638 1301 etc.
672 1261 764 1298 vide
777 1261 987 1311 Georgium
1004 1259 1228 1312 Agricolam
1246 1261 1274 1298 l.
1292 1261 1320 1303 4
1339 1260 1389 1299 de
1407 1260 1532 1300 Pond.
1546 1260 1663 1299 Rom.

187 1329 229 1367 p.
254 1316 330 1365 95,
367 1317 644 1356 casaubonum
667 1323 707 1356 et
724 1317 956 1355 Salmasium
983 1316 1035 1355 ad
1054 1317 1203 1356 Histor.
1226 1316 1391 1369 August.
1413 1325 1453 1357 et
1472 1322 1586 1357 notas
1612 1316 1665 1356 ad

189 1372 389 1411 Alexiadis
408 1387 448 1424 p.
467 1373 562 1417 414.

301 1443 340 1469 v.
364 1430 429 1471 14.
488 1426 696 1483 δεύτερον]
727 1431 818 1479 Quo
843 1431 916 1469 sibi
943 1431 1093 1470 clerum
1117 1431 1388 1470 demereretur
1413 1430 1594 1481 Manuel,
1625 1436 1667 1469 et

187 1486 232 1525 in
249 1499 339 1524 suas
355 1491 486 1538 partes
510 1487 767 1538 perduceret,
798 1501 975 1526 annuum
994 1488 1120 1526 eidem
1143 1488 1318 1527 duorum
1343 1488 1665 1527 centenariorum

187 1542 364 1581 reditum
390 1543 555 1594 largitus
584 1550 662 1593 est,
701 1557 802 1595 quae
831 1544 1015 1595 quidem,
1052 1545 1199 1595 inquit,
1230 1559 1486 1585 nummorum
1505 1544 1667 1596 species,

187 1599 397 1652 δευτέρου,
436 1613 506 1638 seu
533 1600 725 1651 secundi,
765 1602 1026 1653 appellatione
1057 1602 1174 1653 vulgo
1205 1602 1432 1646 innotescit.
1507 1601 1667 1640 Nicetas

185 1656 287 1695 illud
313 1657 441 1709 ipsum
461 1670 670 1708 ananam,
709 1655 874 1712 γράμμα
897 1657 1257 1728 ἐρυθροσήμαντον
1280 1681 1337 1687 -
1358 1662 1416 1714 τῷ
1434 1655 1568 1714 κλήρῳ
1590 1659 1667 1698 τοῦ

187 1709 360 1767 μεγαλου
387 1711 466 1754 veui
497 1713 729 1764 ἐπιδίδωσι,
768 1717 925 1756 τυποῦν
953 1711 1092 1763 αυτοῖς
1115 1712 1291 1769 αργύρεα
1312 1701 1452 1768 ἐτήσια
1474 1715 1662 1768 κέρματα,

189 1770 247 1818 εἰς
264 1772 370 1822 μνᾶς
387 1769 450 1818 δις
469 1769 605 1812 §navem
624 1770 925 1824 κορυφούμενα.
983 1785 1083 1823 quae
1105 1772 1228 1812 verba
1253 1772 1360 1811 idem
1376 1778 1539 1822 sonant,
1572 1784 1664 1810 cum

188 1826 461 1864 centenarium
483 1827 535 1865 sit
552 1834 712 1866 centum
732 1828 926 1866 librarum
950 1829 1104 1880 pondo,
1142 1830 1249 1867 mina
1272 1842 1390 1879 vero,
1420 1829 1526 1867 idem
1554 1827 1664 1878 quod

187 1883 284 1922 libra
297 1913 307 1933 ‚
338 1883 452 1921 iuxta
471 1883 673 1923 Budaeum
688 1913 698 1933 ‚
728 1885 802 1923 etsi
821 1885 982 1936 quidam
1004 1886 1233 1924 reclamant.
1288 1891 1330 1923 at
1346 1885 1455 1935 quod
1475 1890 1664 1923 centena-

187 1940 293 1978 rium
312 1941 483 1991 argenti,
514 1940 737 1979 secandum
757 1942 931 1991 dicatur,
959 1942 1005 1980 id
1020 1942 1182 1980 videtur
1200 1942 1305 1980 forte
1319 1947 1504 1994 respectu
1526 1946 1663 1981 cente-

187 1996 290 2035 narii
307 1996 417 2044 auri,
443 1997 553 2047 quod
570 1997 742 2049 primum
763 2004 951 2037 vocatum
970 1999 1092 2037 fuerit
1113 2011 1162 2036 ex
1182 1998 1332 2036 metalli
1352 1998 1569 2050 dignitate:
1598 1997 1665 2037 vel

189 2059 295 2091 certe
312 2082 323 2103 ,
353 2052 464 2104 quod
487 2053 680 2092 eiusmodi
700 2055 873 2104 nummi,
910 2068 994 2093 non
1018 2068 1068 2092 ex
1091 2055 1260 2107 probato
1283 2061 1323 2093 et
1345 2055 1572 2094 examinato
1595 2067 1664 2092 ar-

187 2115 327 2161 gento,
367 2109 477 2161 quod
492 2112 700 2162 primam,
730 2111 800 2149 sed
819 2125 869 2149 ex
891 2111 1102 2161 deteriori,
1133 2111 1242 2162 quod
1262 2110 1484 2150 secundum
1501 2110 1664 2149 diceba-

188 2173 276 2215 tur,
312 2166 475 2205 conflati
495 2173 636 2206 essent.
694 2168 899 2219 utriusque
926 2168 1077 2220 argenti
1100 2168 1280 2207 meminit
1299 2174 1442 2207 auctor
1461 2167 1664 2206 narratio·
1687 2169 1716 2205 P
1740 2172 1809 2208 436

189 2224 250 2262 nis
268 2223 318 2262 de
340 2224 555 2263 Salvatoris
570 2224 740 2275 Imagine
761 2225 866 2263 dicta
885 2224 1195 2276 Antiphonetes‚
1225 2224 1357 2263 editus
1376 2238 1398 2263 a
1411 2224 1665 2266 combefisio:

189 2279 215 2322 o‘
221 2278 307 2350 μὲν
326 2277 408 2348 γὰρ
422 2282 654 2335 κασσίτερος
673 2280 824 2334 ευρὲθη
851 2281 1115 2334 μεταβληθεὶς
1134 2281 1190 2330 εἰς
1211 2277 1406 2335 αργύριον
1424 2293 1661 2336 πρωτιστον,

188 2333 261 2378 τόν
280 2332 533 2390 καλουμενον
554 2338 949 2407 πεντασφράγιστον·
989 2354 1010 2379 ο
1036 2336 1079 2378 δὲ
1097 2335 1308 2404 μόλυβδος
1315 2338 1373 2387 εἰς
1392 2338 1554 2380 ἔλαττον
1574 2337 1662 2391 μέν,

190 2389 359 2447 δόκιμον
379 2393 441 2444 δέ,
479 2411 585 2447 ομως
609 2393 652 2435 δὲ
678 2391 802 2443 αὐτός
828 2395 1136 2447 μεταπεποίηται
1161 2395 1218 2443 εἰς
1238 2391 1426 2448 δευτερον
1453 2410 1663 2447 αργυριον.

189 2450 245 2488 sic
270 2464 392 2502 porro
423 2457 540 2490 antea
573 2451 722 2490 clerum
755 2459 795 2489 et
822 2450 1092 2503 patriarcham
1124 2452 1196 2490 sibi
1228 2451 1466 2490 devinxerat
1494 2450 1663 2490 ΜὶοὴαὲΙ

190 2505 426 2557 Rhmgabe,
466 2509 556 2559 qui,
596 2515 643 2547 ut
671 2514 812 2547 auctor
841 2514 899 2546 est
920 2507 1205 2560 Theophanes,
1236 2509 1367 2546 statim
1397 2513 1516 2559 atque
1540 2521 1564 2545 a
1587 2521 1663 2559 pa-

191 2563 365 2602 triarcha
384 2571 598 2603 coronatus
617 2572 696 2616 est,
737 2567 791 2620 τῷ
811 2562 1033 2629 πατριάρχῃ
1055 2566 1222 2619 χρυσίου
1247 2565 1380 2617 λίτρας
1399 2560 1662 2616 πεντήκοντα,

193 2618 263 2660 και
287 2635 342 2660 τω
367 2618 504 2676 κλήρῳ
526 2622 652 2663 εἴκοσι
672 2620 788 2662 πέντε
809 2622 1011 2660 concessit.
1069 2636 1184 2673 rogas
1209 2622 1329 2660 etiam
1359 2636 1381 2659 a
1405 2622 1661 2673 pontificibus

191 2661 378 2715 Romanis
395 2678 500 2717 clero
519 2679 772 2727 distributas,
802 2693 892 2717 cum
913 2691 1049 2717 recens
1067 2678 1180 2718 electi
1196 2684 1348 2730 essent,
1384 2693 1467 2718 non
1488 2693 1570 2718 uno
1595 2685 1660 2718 te-

192 2737 319 2772 statur
339 2733 426 2773 loco
451 2734 677 2775 Anastasius
696 2735 1031 2777 bibliothecarius

305 2802 345 2828 V·
374 2793 438 2832 16
495 2791 578 2835 ὅδὲ
594 2792 886 2847 ““Ραὶμοῦνδον]
916 2793 1121 2832 Nicetasl.
1147 2796 1169 2835 1
1194 2806 1232 2831 n.
1252 2796 1293 2836 2

303 2857 343 2897 P·
356 2844 410 2886 34
423 2860 463 2887 V·
478 2852 545 2891 21.
575 2848 783 2904 Προσουχ]
813 2851 908 2889 Fuit
922 2849 1148 2889 Prosuchus
1166 2849 1240 2888 iste
1258 2849 1407 2902 origine
1425 2849 1591 2896 Tamus,
1612 2852 1658 2884 ut

193 2901 329 2997 scrzbit
347 2901 450 2941 infra
470 2905 701 2958 Cinnamus,
731 2914 792 2959 et,
821 2913 869 2947 ut
892 2907 1054 2961 opinor,
1086 2906 1275 2947 Prosuchi
1293 2907 1474 2954 alterius,
1504 2903 1658 2957 praeci-

278 2974 446 2999 annamus.
1327 2966 1379 3004 21
