1878 3262
243 203 308 251 78
729 204 955 249 IOANNIS
990 203 1222 252 CINNAMI

124 321 151 355 P
174 322 222 357 44
247 319 389 373 σμένος
404 323 482 361 τιῦν
504 316 720 374 γεγονότων
733 318 910 375 σοβαρὸς
930 317 987 361 ἔτι
1005 323 1189 374 καθῆστο
1200 323 1267 363 καὶ
1283 321 1344 364 ἐπὶ
1356 330 1533 381 μακραῖς
1553 322 1696 378 ὠχεῖτο

239 390 402 430 ἐλπίσιν.
471 384 492 427 ὃ
522 388 653 429 τοίνυν
687 387 878 441 βασιλεὺς
909 392 981 442 τῆς
1009 388 1206 446 προτέρας
1235 390 1359 432 αὐτὸν
1388 392 1696 449 ἐπικερτομῆσαι

237 458 370 498 θέλων
388 453 614 511 ὑπεροψίας
634 455 835 499 ἀπέστειλε
854 455 1002 499 τοιάδε.
1073 455 1099 471 “
1113 456 1190 500 ἔδει
1206 459 1279 511 μὲν
1295 456 1403 512 ῥμᾶς
1419 461 1542 502 ἐκεῖνο
1563 464 1696 510 καλῶς

237 523 416 573 εἰδότας,
453 520 508 573 ὥς
540 522 628 566 οὔτε
656 526 781 574 ἵππος
810 525 996 582 κρείττων
1023 524 1244 582 φερόμενος
1256 531 1427 580 χαλινοῦ
1447 527 1622 583 ὀνήσειεν
1643 527 1694 571 ἂν

235 592 304 635 τὸν
334 589 549 646 ἐπιβάτην,
586 594 621 634 εἷ
647 593 705 647 μὴ
739 594 805 635 καὶ
837 593 940 636 κατὰ
968 598 1149 649 κρημνοῦ
1168 599 1310 636 τοῦτον
1331 593 1522 646 πολλάκις
1542 609 1728 652 συγκα-5

236 662 427 716 τενέγκοι,
473 663 540 702 καὶ
567 660 798 718 στράτευμα
835 663 878 704 δὲ
909 663 1057 714 ἐκεῖνο,
1105 661 1127 704 ὃ
1156 663 1214 717 μὴ
1249 667 1330 705 τῶν
1367 663 1697 720 στρατηγούντων

235 731 390 780 ἓπαῖὀι,
422 727 617 779 κινδύνοις
646 729 898 787 περιβάλλειν
927 728 982 780 ὥς
1011 731 1154 772 ἓπίπαν
1173 730 1254 773 οἶδε
1271 731 1365 781 τοὺς
1385 731 1603 789 ἄρχοντας,
1637 733 1695 787 μὴ

237 797 342 840 οὕτω
361 796 656 854 στρατεύμασιν
678 798 839 855 ἓφήσειν
862 806 946 849 τοῖς
967 798 1120 841 ἑαυτῶν
1138 800 1238 857 πρὸς
1256 800 1330 850 τὰς
1357 802 1505 850 οἲκείας
1527 799 1696 858 ἑκάτερα

238 867 436 923 ([έρεσθαι
466 865 608 923 ὁρμάς.
678 869 760 909 ἐπεὶ
791 867 831 909 δ’
868 868 940 909 οὐκ
969 866 1048 909 οἶδ’
1078 867 1099 909 ὅ
1117 885 1154 909 τι
1184 868 1332 910 παθῶν
1359 867 1409 911 σύ
1438 886 1479 911 τε
1502 868 1696 925 πρότερον

122 941 150 974 V
174 940 218 976 35
242 933 576 992 κατωλιγώρηκας
604 934 747 978 τούτου
780 938 845 977 καὶ
875 936 920 977 τὸ
949 934 1140 993 ἡμέτερον
1163 937 1207 978 δὲ
1227 935 1374 993 κράτος
1398 935 1475 979 ὅσα
1492 939 1559 978 καὶ
1590 939 1701 995 φίλῳ
1708 949 1752 984 10

237 1002 564 1061 προσφερόμενον
593 1009 664 1059 τῆς
693 1005 816 1059 αὐτῆς
847 1005 1042 1060 γεγονέναι
1077 1021 1141 1046 σοι
1174 1003 1334 1060 γνώμης
1371 1005 1580 1055 ἀνέπεισας
1617 1005 1695 1060 ἤδη

191 1083 222 1117 Β
246 1072 477 1130 στλλόγισαι
499 1075 587 1115 τίνα
604 1072 699 1127 ὑμῖν
717 1071 742 1128 ἦ
760 1077 832 1115 τοῦ
853 1071 1038 1127 πλήθους
1058 1073 1320 1129 προύξένησεν
1338 1074 1560 1130 ἐλευθερία.
1595 1091 1695 1115 πυν-

238 1142 420 1197 θάνομαι
450 1142 527 1198 γὰρ
560 1140 615 1192 ὡς
634 1140 984 1197 ὂλίγοςῬωμαίων
1005 1141 1173 1198 στρατὸς
1187 1142 1423 1195 Ἀλαμανῶν
1452 1140 1599 1196 πλήθει
1623 1141 1696 1183 οὒκ

240 1209 574 1269 εὐκαταφρονήτῳ
594 1210 815 1267 περιτυχών
843 1214 976 1259 κακῶς
996 1210 1093 1251 αὐτὸ
1113 1211 1283 1252 διέθετο.
1326 1210 1372 1251 τὸ
1392 1209 1469 1267 γὰρ
1492 1209 1696 1264 αὖτόχθον

239 1283 305 1323 καὶ
332 1278 521 1336 ἐγχώριον
549 1280 874 1334 ἒπικρατέστερον
902 1276 956 1328 ὡς
985 1279 1128 1320 ἐπίπαν
1152 1283 1232 1319 τῶν
1250 1276 1458 1333 ἐπηλύδων
1486 1280 1552 1319 καὶ
1575 1279 1694 1328 ξένων
1707 1287 1749 1323 15

239 1353 352 1406 φιλεῖ
375 1350 571 1404 γίνεσθαι.
640 1345 736 1401 ἡμῖν
768 1347 811 1388 δὲ
831 1347 923 1388 οὐδὲ
944 1345 1121 1399 κολάζειν
1147 1347 1299 1396 ἐξέσται
1320 1353 1403 1396 τοῖς
1429 1345 1602 1400 πλήθεσι
1622 1346 1696 1400 τὴν

212 1439 215 1441 ·
238 1419 436 1472 ἀσέβειαν.
505 1420 591 1466 πῶς
615 1414 717 1473 γάρ;
752 1413 813 1465 οἷς
842 1413 1036 1465 καθάπαξ
1065 1414 1166 1471 πρὸς
1193 1413 1353 1470 γνώμην
1373 1415 1554 1468 ἓνέδομεν
1576 1415 1694 1472 φέρε-

234 1491 336 1528 σθαι
357 1485 429 1540 τὴν
458 1483 604 1526 αὑτῶν.
674 1487 708 1526 εἷ
734 1484 867 1526 τοίνυν
893 1485 959 1525 καὶ
986 1482 1083 1526 αὐτό
1113 1500 1176 1525 σοι
1205 1485 1334 1534 δοκεῖ,
1382 1483 1595 1525 ἀνθεκτέον
1627 1485 1696 1525 καὶ

233 1553 353 1595 πάλιν
368 1552 482 1608 ἡνίας
502 1553 757 1609 ἀμφοτέρους
776 1556 847 1606 τῆς
865 1552 1031 1607 ἀρχικῆς
1053 1553 1119 1594 καὶ
1139 1552 1445 1608 ἀνασειραστέον
1465 1558 1548 1600 τοῖς
1568 1567 1694 1608 στρα-

229 1621 400 1677 τεύμασι
430 1621 503 1670 τὰς
526 1618 667 1676 ὁρμάς.
736 1620 794 1674 μὴ
829 1622 973 1662 δοκοῦν
1007 1621 1052 1662 δέ
1070 1634 1154 1670 σοι,
1185 1623 1313 1661 ταῦτα
1341 1620 1414 1672 μὲν
1429 1620 1610 1672 μενετέον
1629 1621 1749 1667 enlm

228 1695 310 1733 τιῦν
331 1688 554 1746 παρόντων.
597 1687 642 1730 τό
665 1705 707 1744 γε
731 1688 812 1743 μὴν
831 1689 1104 1745 πεπραγμένον
1127 1692 1271 1744 σαφῶς
1289 1685 1384 1740 ἡμῖν
1405 1676 1691 1741 δεδηλώσθω.”

181 1756 212 1790 C
377 1758 451 1803 16.
524 1757 591 1799 Τὰ
607 1757 679 1810 μὲν
700 1757 749 1810 δὴ
775 1761 847 1798 τοῦ
867 1758 1065 1811 βασιλέως
1085 1758 1125 1797 ἓν
1142 1754 1298 1805 τούτοις
1315 1754 1509 1797 ἐτελεύτα.
1579 1757 1694 1812 Κορ-

233 1825 357 1884 ράδος
387 1827 429 1868 δὲ
450 1824 562 1867 οὔπω
591 1830 671 1867 τῶν
685 1826 926 1878 Ἀλαμανοῖς
956 1823 1240 1878 συμπεσόντων
1269 1821 1554 1876 ε’νωτισάμενος
1577 1824 1693 1865 οὐδὲν

326 1912 359 1946 3.
385 1907 495 1954 ἡμᾶς]
523 1909 608 1943 cod.
633 1905 745 1952 ὑμᾶς.
841 1911 896 1945 18.
920 1906 1015 1944 αὐτό
1033 1908 1114 1955 σοι]
1139 1908 1252 1943 Malim
1263 1903 1371 1955 ἀὐτῷ
1392 1917 1460 1943 σοι.
1553 1909 1610 1942 20.
1625 1904 1692 1951 μὲν

325 1956 515 2001 μενετέον]
538 1953 604 1999 μὲν
619 1952 775 1989 ἐοιτεόνίΡ
1504 1960 1511 1966 ·

237 2026 367 2070 dusque
383 2028 418 2059 et
433 2036 553 2068 magna
569 2036 628 2069 spe
645 2024 762 2068 plenus
781 2020 979 2057 consederat
999 2023 1033 2057 in
1058 2022 1190 2057 castris.
1237 2025 1274 2057 at
1291 2022 1490 2068 imperator,
1515 2032 1580 2066 quo
1598 2020 1692 2066 prio-

236 2084 306 2105 rem
323 2071 410 2104 illius
424 2071 613 2115 superbiam
631 2070 827 2103 retunderet
840 2069 1080 2114 sugillaretque
1093 2094 1103 2111 ,
1125 2069 1241 2103 literas
1257 2069 1346 2102 misit
1360 2079 1401 2102 eo
1417 2070 1595 2102 verborum
1611 2078 1692 2100 cou-

235 2124 345 2151 textu.
391 2121 453 2159 „ut
472 2128 568 2149 nemo
595 2122 743 2149 nostrum
765 2116 918 2158 ignorat,
947 2126 1089 2159 equum.
1115 2115 1171 2159 qui
1193 2116 1346 2149 fraenum
1362 2125 1428 2148 non
1443 2113 1588 2159 patitur,
1611 2112 1692 2146 nihil

235 2163 399 2209 prodesse
423 2162 547 2195 sessori
568 2172 649 2203 suo,
671 2162 737 2194 imo
764 2160 914 2194 crebrius
938 2161 982 2194 ad
1008 2166 1190 2206 praerupta
1214 2161 1304 2194 illum
1320 2160 1471 2199 deferre3
1495 2157 1690 2200 exercitum,

235 2209 294 2253 qui
316 2207 547 2253 imperantium
572 2207 728 2240 mandata
753 2206 921 2240 detrectat
945 2206 1001 2240 vel
1025 2206 1184 2250 negligit,
1214 2206 1306 2250 ipsos
1331 2210 1369 2239 ut
1393 2204 1568 2249 plurimum
1586 2202 1691 2237 duces

236 2254 385 2288 obiicere
408 2252 580 2298 periculis:
605 2252 652 2285 ita
673 2251 804 2285 minime
826 2264 888 2297 par
911 2257 986 2285 erat
999 2252 1175 2295 indulgere
1191 2252 1346 2285 militibus
1369 2249 1516 2291 nostris,
1540 2254 1578 2282 ut
1598 2249 1690 2283 inter

235 2300 430 2334 seinvicem
456 2309 519 2343 pro
544 2297 681 2331 arbitrio
707 2297 815 2330 collidi
839 2302 1039 2342 pateremur.
1087 2303 1124 2332 at
1138 2302 1314 2343 postquam
1329 2295 1417 2330 aliud
1432 2296 1522 2328 forte
1536 2295 1689 2338 cogitans

234 2352 272 2380 tu
297 2346 382 2379 haec
405 2343 587 2388 neglexisti
613 2342 776 2387 primum,
807 2348 1023 2387 nostramque
1049 2343 1257 2377 maiestatem
1281 2352 1367 2386 quae
1389 2345 1425 2374 te
1440 2346 1478 2374 ut
1493 2340 1630 2373 amicum
1645 2340 1690 2374 de

233 2392 274 2426 iis
292 2391 522 2432 admonuerat,
544 2388 715 2431 induxisti,
739 2393 779 2421 ut
793 2387 911 2422 eadem
929 2393 1098 2422 uteremur
1110 2388 1333 2432 indulgentia:
1357 2397 1443 2420 nunc
1459 2386 1598 2421 tandem
1607 2397 1689 2430 per—

233 2438 328 2482 cipe,
353 2436 430 2482 quid
452 2435 608 2469 utilitatis
629 2434 729 2467 vobis
752 2433 931 2468 contulerit
954 2434 1115 2468 eiusmodi
1137 2434 1273 2468 licentia
1294 2431 1525 2466 multitudiuis.
1571 2430 1689 2476 accepi

233 2483 320 2518 enim
345 2483 498 2527 exiguam
523 2481 750 2514 Romanorum
774 2490 922 2523 manum,
947 2490 1020 2513 cum
1044 2479 1132 2514 haud
1157 2477 1404 2513 contemnendis
1433 2477 1688 2511 Alamannorum

234 2529 339 2574 copiis
362 2538 596 2572 congressam,
622 2526 708 2560 male
736 2536 794 2559 eas
816 2525 998 2570 accepisse.
1045 2525 1117 2558 sere
1141 2525 1227 2558 enim
1241 2534 1370 2569 semper
1385 2523 1527 2564 accidit,
1549 2526 1590 2556 ut
1600 2520 1688 2555 indi-

234 2585 343 2619 genae
363 2574 505 2619 ipsoque
528 2572 633 2606 innati
658 2571 751 2613 solo,
774 2570 913 2605 advenis
934 2575 969 2604 et
985 2570 1153 2604 extraneis
1168 2571 1235 2604 siut
1249 2571 1348 2613 longe
1363 2568 1532 2602 fortiores.
1577 2578 1688 2611 neque

231 2619 328 2655 nobis
353 2619 447 2662 vulgi
473 2618 690 2664 petulantiam
717 2617 885 2661 castigare
908 2615 1000 2650 licet.
1047 2616 1103 2661 qui
1118 2617 1204 2650 enim
1220 2613 1417 2661 poterimus,
1439 2613 1560 2658 quibus
1582 2623 1690 2656 agere

231 2677 295 2713 pro
310 2665 406 2699 libitu
422 2664 643 2698 indulsimus?
666 2674 783 2697 verum
803 2662 832 2697 si
848 2667 883 2696 et
897 2661 960 2696 tibi
981 2661 1030 2695 ita
1051 2662 1206 2706 videtur,
1231 2661 1362 2695 discant
1385 2659 1502 2704 copiae
1520 2669 1608 2692 nunc
1622 2669 1687 2703 pa-

232 2722 310 2746 rere
335 2710 455 2745 ducum
477 2709 644 2754 imperiis,
677 2714 712 2743 et
737 2719 852 2743 earum
874 2712 1069 2741 coerceatur
1090 2708 1246 2752 impetus.
1292 2706 1344 2740 sin
1358 2705 1426 2740 alia
1441 2709 1494 2739 est
1507 2704 1687 2747 sententia,

236 2762 364 2792 stemus
383 2755 641 2803 praesentibus3
666 2755 852 2799 saltemque
865 2753 1006 2797 vulgare
1020 2752 1123 2787 liceat
1137 2752 1226 2798 quod
1241 2762 1262 2786 a
1276 2751 1372 2786 nobis
1390 2755 1522 2794 gestum
1539 2749 1624 2786 est.''
1659 2777 1662 2781 Α

330 2803 384 2838 16.
429 2800 603 2836 Eiusmodi
634 2800 699 2835 fuit
723 2800 863 2846 epistola
889 2798 1111 2844 imperatoris.
1158 2798 1334 2833 conradus
1360 2797 1510 2838 interea,
1541 2795 1686 2829 nondum

237 2851 399 2895 percepto
425 2847 470 2882 de
492 2846 746 2883 Alemannorum
772 2845 869 2882 clade
889 2844 1027 2888 nuntio,
1049 2844 1092 2880 de
1107 2843 1210 2890 priori
1230 2844 1358 2880 ferocia
1371 2844 1537 2880 remisisse
1551 2855 1618 2880 non
1632 2844 1686 2879 vi-
