1878 3262
305 209 368 255 92
787 206 1012 249 IOANNIS
1047 206 1276 250 CINNAMI

304 324 449 371 ἐκεῖνος
472 320 626 377 χρυσίῳ
652 321 814 369 κλαπεὶς
839 319 943 376 παρ’
973 319 1099 361 αὐτοῦ
1125 316 1325 362 ἀλλόκοτά
1349 337 1437 363 τινα
1463 319 1670 377 ὡμολόγει,
1702 315 1758 364 ὧν

306 392 355 444 δὴ
381 388 600 445 κεφάλαιον
625 383 674 443 ἧν
693 389 738 430 τὸ
765 390 806 430 ἓν
833 388 907 445 ἴσῳ
931 389 1141 444 μεγαλειόυ
1167 388 1338 442 βασιλέα
1358 406 1400 431 τε
1425 394 1498 431 τοῦ
1523 394 1666 432 λοιποῦ
1690 391 1759 431 καὶ

298 458 495 513 Ῥογέριον
521 457 699 500 ἔσεσθαι.
768 455 865 499 ὅθεν
902 456 952 511 δὴ
989 457 1062 506 τὰς
1096 455 1274 511 μεγάλας
1308 456 1580 514 ἀναρραγῆναι
1606 458 1756 512 ξυμβέ-

302 531 399 580 βηκε
437 523 586 579 μάχας.
655 525 789 581 ἐπειδὴ
825 525 902 581 γὰρ
940 523 960 567 ὃ
995 525 1068 578 μὲν
1101 522 1242 581 Ξηρὸς
1275 526 1316 574 ἐς
1341 523 1561 576 Βυζάντιον
1586 526 1757 568 ἐπανιών

251 598 281 631 Β
309 595 373 636 τὸν
398 595 489 647 βίον
514 593 783 650 κατέστρεψε,
820 595 932 648 δίκην
958 592 1069 635 οὔπω
1094 598 1174 634 τῶν
1200 594 1499 647 τετολμημένων
1525 592 1641 646 δούς,
1673 598 1789 648 βα-5

305 662 437 712 σιλεὺς
471 660 548 704 ὅσα
583 664 650 704 καὶ
677 661 890 719 ἄθύρμασι
926 668 1014 711 ταῖς
1049 663 1196 703 ἐκείνου
1223 662 1452 718 πρεσβείαις
1477 662 1759 718 προσεσχηκώς

299 730 496 787 Ῥογέριον
535 730 657 772 αὐτὸν
678 732 832 787 χαίρειν
870 729 956 772 εἴα·
990 728 1295 784 θυμομαχήσας
1321 730 1364 772 δὲ
1389 731 1535 779 ἐκεῖνος
1559 728 1759 784 ἓξαπάτην

305 800 349 841 τέ
380 816 470 841 τινα
506 798 551 841 τὸ
586 803 754 856 πρᾶγμα
790 797 887 841 εἶναι
922 800 1101 852 οἰηθείς,
1146 796 1289 840 στόλον
1325 796 1682 853 ναυπηγησάμενος
1718 799 1759 840 ἐν

304 872 538 924 παρασκευῇ
563 865 653 920 εἶχε,
681 871 991 924 καιροφυλακῶν
1024 864 1159 923 τρόπῳ
1197 865 1276 922 ὅτῳ
1313 867 1363 920 δὴ
1394 865 1618 919 Ῥωμαίους
1651 864 1759 920 ἀμύ-

303 939 460 978 νεσθαι.
504 978 507 981 ⁴
528 938 594 977 καὶ
621 936 735 989 ἔτυχέ
757 952 799 991 γε
825 940 898 977 τοῦ
922 934 1026 976 κατὰ
1051 934 1200 976 σκοπὸν
1225 932 1246 976 ὃ
1270 933 1494 991 βάρβαρος.
1572 936 1613 976 ἐν
1650 934 1760 990 ἀκμῇ
1772 941 1815 976 120

302 1004 379 1060 γὰρ
406 1008 477 1058 τῆς
502 1008 581 1045 τῶν
607 1006 811 1057 δυσμικῶν
837 1005 968 1045 ἐθνῶν
993 1005 1034 1052 ἐς
1054 1003 1106 1045 τὰ
1123 1001 1331 1056 Ῥωμαίων
1356 1004 1531 1056 ἐμβολῆς
1553 1001 1760 1059 Κόρινθόν

265 1107 268 1110 .
304 1090 345 1115 τε
381 1074 448 1114 καὶ
486 1071 665 1126 Εὔβοιαν
695 1074 762 1114 καὶ
793 1071 936 1126 Θήβας
961 1073 1148 1125 ε’ληΐσατο
1182 1071 1255 1121 τὰς
1281 1068 1517 1120 Βοιωτικάς.
1587 1069 1656 1112 ἅτε
1682 1070 1760 1127 γὰρ

305 1145 378 1183 τοῦ
398 1139 605 1194 Ῥωμαίων
630 1144 806 1197 στρατοῦ
831 1141 894 1182 ἐπὶ
920 1147 1003 1189 τοῖς
1028 1140 1106 1181 ἀνὰ
1127 1146 1267 1196 χεῖρας
1292 1139 1383 1181 κατ’
1413 1140 1558 1180 ἐκεῖνον
1583 1139 1759 1193 ἠσχολη-

306 1210 426 1263 μένου
461 1209 530 1251 τὸν
558 1207 729 1265 χρόνον,
766 1208 869 1250 κατὰ
905 1213 1040 1250 πᾶσαν
1065 1207 1203 1249 ἄδειαν
1228 1215 1317 1257 ταῖς
1342 1207 1566 1263 εἷρημέναις
1591 1207 1628 1248 οἱ
1652 1205 1759 1263 βάρ-

303 1282 426 1334 βαροι
452 1278 737 1333 ε’γκαθίσαντες
761 1275 898 1318 πόλεσι
924 1274 1118 1332 λαφύρων
1143 1275 1217 1325 τὰς
1241 1280 1339 1325 ναῦς
1365 1273 1602 1328 ἔπλήσαντο.
1659 1276 1758 1316 ε’κεῖ-
1773 1278 1814 1320 15

252 1358 282 1390 C
304 1347 378 1388 θ’έν
416 1363 457 1388 τε
492 1347 555 1387 ἐπὶ
582 1345 796 1401 Κέρκυραν
830 1343 1062 1398 διαβάντες,
1108 1344 1212 1385 κατὰ
1237 1342 1386 1400 κράτος
1411 1343 1536 1397 αὐτὴν
1563 1340 1667 1384 εἷλον
1691 1345 1759 1384 καὶ

301 1413 357 1464 ὡς
381 1413 459 1469 ἤδη
487 1415 634 1463 οἰκείας
658 1417 936 1467 μετεποιοῦντο
963 1413 1080 1454 παντὶ
1103 1410 1393 1469 κρατυνάμενοι
1413 1409 1564 1468 τρόπῳ.
1632 1409 1655 1453 ὃ
1675 1429 1759 1465 μα-

299 1482 390 1524 θών
414 1483 606 1536 βασιλεὺς
638 1483 680 1524 ἐν
707 1483 869 1540 ἀθυμία
902 1485 1032 1537 πολλῇ
1057 1475 1119 1535 ἦν.
1190 1481 1326 1534 ἀμέλει
1351 1481 1418 1522 καὶ
1444 1480 1648 1521 ἐσκέπτετο
1675 1482 1760 1529 πῶς

299 1550 349 1592 ἂν
376 1551 445 1592 τὸν
464 1549 662 1607 Ῥογέριον
689 1548 888 1603 ἀμύνηται
914 1551 981 1590 καὶ
1008 1550 1121 1602 δίκην
1146 1553 1226 1590 τῶν
1250 1548 1551 1602 τετολμημένων
1576 1546 1760 1602 ἐπιθήσει

298 1619 371 1672 τὴν
398 1620 580 1660 δέουσαν.
650 1616 793 1660 στόλον
821 1612 891 1659 οὖν
916 1620 1015 1671 νεῶν
1048 1614 1240 1672 τριήρεων
1265 1617 1339 1669 μὲν
1364 1617 1655 1666 πεντακοσίων,
1692 1615 1817 1658 irc-20

298 1692 494 1742 παγωγῶν
532 1688 574 1728 δὲ
607 1688 675 1728 καὶ
709 1690 981 1743 φορταγωγιῦν
1018 1686 1059 1734 ἐς
1078 1684 1285 1738 χιλιοστὺν
1311 1682 1407 1738 ὅλην
1433 1681 1760 1736 ἑτοιμασάμενος,

299 1756 420 1805 αὐτὸς
444 1756 517 1808 μὲν
542 1755 603 1811 ᾔει
631 1755 701 1797 διὰ
726 1758 798 1809 τῆς
823 1755 1011 1809 ἠπείρου,
1058 1751 1078 1794 ὃ
1107 1753 1150 1795 δὲ
1177 1750 1320 1803 στόλος
1346 1750 1572 1802 διαπόντιος
1597 1751 1760 1809 ἐφέρετο

300 1825 471 1874 ἐξαίσιος
497 1821 594 1874 οἷος.

395 1954 449 1989 15.
472 1951 702 1997 ἕπλήσαντο]
732 1951 818 1985 Cod.
843 1948 1084 1995 ἐπλήσσαντο.

300 2077 383 2100 auro
404 2066 447 2100 ab
470 2065 527 2099 illo
554 2068 751 2109 corruptus,
782 2064 915 2108 ineptas
939 2064 1052 2098 nescio
1071 2073 1157 2108 quas
1181 2063 1420 2097 conventiones
1442 2063 1592 2109 pepigit,
1619 2073 1760 2107 quarum

303 2115 405 2156 caput
421 2116 494 2144 erat
504 2136 513 2152 ‚
539 2111 672 2155 aequali
686 2112 719 2144 in
734 2117 907 2155 posterum
923 2110 1101 2144 maiestate
1112 2109 1349 2153 imperatorem
1365 2115 1400 2143 et
1414 2109 1599 2153 Rogerium
1613 2110 1760 2146 futuros.

302 2162 404 2201 atque
426 2156 503 2189 inde
529 2156 679 2199 ingentia
706 2168 864 2190 exarsere
885 2156 983 2190 bella.
1029 2166 1169 2189 reverso
1202 2155 1328 2200 quippe
1351 2155 1551 2198 Byzantium
1572 2154 1666 2187 Xero
1682 2181 1692 2198 ,
1725 2158 1762 2189 et

302 2209 381 2236 ante
397 2213 497 2246 quam
512 2212 593 2235 suae
609 2201 760 2235 dedisset
775 2213 902 2246 poenas
917 2200 1078 2234 audaciae
1094 2201 1268 2235 demortuo
1278 2227 1288 2242 ‚
1311 2200 1514 2245 posthabitis
1533 2199 1761 2243 neglectisque

301 2248 434 2294 penitus
450 2247 492 2280 iis
511 2258 598 2291 quae
613 2247 646 2280 in
661 2247 725 2280 hac
739 2247 905 2289 legatione
923 2252 1116 2291 peregerat,
1141 2246 1321 2290 Rogerium
1336 2245 1450 2279 valere
1463 2245 1571 2278 iussit.
1603 2245 1660 2278 ille
1674 2256 1760 2279 vero

303 2298 397 2328 totus
413 2293 560 2326 Martem
575 2293 707 2337 spirans
719 2318 727 2331 ‚
751 2293 882 2325 illusum
898 2304 936 2325 se
962 2293 1005 2326 ab
1020 2293 1221 2337 imperatore
1236 2296 1340 2333 ratus,
1363 2290 1504 2324 classem
1520 2290 1682 2324 aedificat
1697 2301 1762 2335 pa-

302 2345 479 2383 ratamque
495 2339 606 2379 habet,
626 2338 835 2372 occasionem
850 2342 990 2381 captans
1006 2349 1074 2382 qua
1086 2338 1212 2371 illatam
1226 2337 1291 2371 sibi
1305 2336 1494 2370 aRomanis
1507 2335 1660 2370 iniuriam
1676 2347 1761 2381 qua-

250 2382 254 2388 “
305 2385 355 2419 vis
377 2385 508 2418 ratione
523 2383 721 2417 vindicaret.
767 2395 830 2416 nec
847 2383 1021 2416 aberravit
1042 2395 1062 2416 a
1077 2394 1180 2427 scopo
1195 2382 1369 2416 barbarus.
1415 2393 1482 2425 quo
1499 2381 1584 2415 enim
1608 2387 1762 2426 tempore

298 2431 333 2464 in
348 2430 541 2475 provincias
557 2430 725 2463 Romanas
739 2429 899 2463 fervebat
915 2428 1180 2462 occidentalium
1195 2428 1363 2462 nationum
1377 2426 1531 2471 irruptio,
1549 2427 1762 2469 Corinthum,

299 2477 472 2510 Euboeam
488 2481 524 2509 et
541 2475 681 2510 Thebas
700 2474 876 2509 Boeoticas
891 2473 1115 2517 depraedatus
1133 2479 1195 2507 est.
1242 2473 1284 2507 iis
1301 2472 1426 2518 quippe
1440 2473 1661 2517 temporibus,
1681 2473 1759 2506 dum

298 2522 400 2555 rebus
423 2521 657 2566 praesentibus
681 2521 890 2554 detineretur
915 2519 1143 2552 Romanorum
1172 2519 1340 2552 exercitus
1353 2545 1363 2562 ‚
1395 2517 1522 2563 oppida
1555 2518 1614 2551 illa
1625 2545 1636 2561 ‚
1667 2517 1760 2551 obsi·-

298 2571 409 2601 stente
424 2567 554 2600 nemine
567 2593 576 2609 ‚
602 2572 836 2612 oppugnantes
852 2564 1012 2605 barbari,
1035 2575 1141 2598 naves
1158 2565 1284 2609 praeda
1298 2563 1531 2608 impleverunt.
1578 2563 1655 2596 inde
1670 2563 1759 2596 Cor-

299 2623 416 2656 cyram
445 2612 611 2656 digressi,
636 2613 715 2646 totis
737 2613 866 2646 viribus
891 2616 1116 2656 expugnatam
1129 2636 1139 2652 ‚
1163 2615 1201 2643 ut
1214 2609 1383 2655 propriam
1398 2608 1560 2653 deinceps
1574 2607 1759 2645 munivere.

301 2659 352 2692 his
368 2657 491 2691 auditis
502 2685 512 2701 ,
537 2662 772 2692 consternatus
786 2658 980 2702 imperator,
1004 2655 1108 2689 multa
1123 2667 1236 2688 secum
1251 2654 1359 2688 animo
1374 2654 1547 2695 volvebat,
1572 2665 1639 2698 quo
1656 2659 1758 2699 pacto

301 2703 486 2748 Roget-ium
511 2703 744 2746 ulcisceretur,
776 2708 812 2738 et
826 2703 942 2747 dignas
957 2700 1087 2735 delictis
1110 2712 1237 2746 poenas
1250 2699 1465 2745 rependeret.
1483 2739 1486 2743 ¹
1511 2699 1675 2733 instructa
1691 2700 1758 2734 ita-

301 2761 368 2794 que
383 2748 640 2794 quingentarum
656 2749 840 2783 triremium
857 2748 977 2790 classe,
992 2747 1254 2791 hippagogarum
1268 2756 1351 2778 vero
1367 2749 1401 2778 et
1417 2744 1641 2778 onerariarum
1659 2745 1758 2788 mille,

301 2795 375 2874 {pse
395 2794 527 2840 quidem
553 2806 616 2840 per
640 2796 863 2829 continentem
886 2793 954 2828 iter
977 2791 1148 2837 instituit,
1169 2791 1299 2826 interea
1325 2789 1403 2825 dum
1417 2790 1577 2826 immensa
1591 2797 1628 2825 et
1642 2789 1757 2826 formi-

326 2840 414 2876 anda
429 2840 546 2877 classis
559 2851 621 2886 per
634 2841 739 2877 maria
754 2841 874 2876 fertur.
