1878 3262
242 217 338 264 292
723 213 950 257 IOANNIS
985 212 1214 258 clNNAMI

192 339 223 373 C
246 333 312 374 καὶ
336 332 499 384 βασιλεῖ
514 326 587 381 μὲν
610 325 705 369 οὖδέ
726 343 814 369 τινα
843 323 995 368 πόλεων
1018 324 1228 378 ἀπεδίδου,
1269 321 1324 370 ὧν
1354 325 1404 371 ἂν
1435 327 1694 387 περιγεγονώς

240 398 378 452 τύχοι·
419 396 514 438 οὐδέ
536 413 573 437 τι
598 399 678 437 τῶν
701 394 834 437 ἄλλων
845 426 860 447 ,
900 393 1000 452 ἅπερ
1025 395 1136 452 αὐτῷ
1160 395 1546 451 (διομολογησάμενος
1567 397 1693 454 ἔφθη,

241 466 413 514 ἐπιτελὲς
432 470 556 506 ποιεῖν
579 463 713 518 ἤθελε.
779 461 1114 519 μεγαλοφροσύνῃ
1142 464 1184 504 δὲ
1209 464 1250 512 ἒς
1274 461 1429 514 πάντας
1453 466 1594 522 ἐχρῆτο
1619 465 1691 507 ἀν-

240 532 434 590 θρώπους
457 534 523 574 καὶ
547 532 618 586 τὴν
641 530 769 589 ὁρμὴν
791 531 952 586 οὐδαμῆ
975 530 1172 580 καθεκτὸς
1192 526 1254 586 ἦν.
1294 531 1321 572 ἃ
1340 533 1528 584 βασιλεὺς
1548 534 1693 575 ἐννοῶν

240 601 471 655 ἐχαλέπαινε
492 601 565 654 μὲν
588 602 655 641 καὶ
681 600 731 642 τὰ
757 598 930 656 πρότερα
952 601 1018 640 καὶ
1041 600 1082 641 ἓν
1109 601 1224 656 δεινῷ
1250 599 1294 641 τὸ
1322 604 1487 656 πρᾶγμα
1510 601 1724 653 ἓποιεῖτο,5

240 670 341 726 πρὸς
365 670 408 710 δὲ
430 673 509 711 τῶν
531 667 720 725 ἑσπερίων
745 666 1037 721 ἀνθελκόμενος
1055 666 1302 725 πραγμάτοιν
1322 668 1423 723 πρὸς
1447 666 1602 719 τούτοις
1625 671 1693 711 καὶ

237 738 290 780 τὰ
311 739 352 787 ἐξ
368 737 504 787 Ἀσίας
527 737 721 778 ἀνακινεῖν
742 735 884 790 ἥκιστα
907 734 1064 790 ἤθελεν.
1131 737 1212 778 ἐπεὶ
1238 737 1281 777 δὲ
1302 736 1432 785 οὐδεὶς
1463 735 1694 790 οὐδαμόθεν

238 807 280 856 ἐξ
302 804 472 861 ἑσπέρας
492 805 602 862 αὖτιιὸ
625 803 796 857 πόλεμος
825 804 1056 861 ἀνεφαίνετο
1088 808 1162 846 τοῦ
1182 808 1324 846 λοιποῦ
1348 803 1415 846 ἅτε
1440 803 1594 854 πάντας
1615 804 1692 860 ἤδη

237 871 526 930 κατιορθωκότι
538 904 551 924 ,
579 871 808 929 στράτευμα
834 873 993 928 ἀγείρας
1007 872 1142 914 ἱκανὸν
1154 875 1247 928 τῇδε
1263 874 1480 926 διαβαίνειν
1494 875 1694 916 διενοεῖτο.

237 941 532 993 Κλιτζιεσθλὰν
555 942 598 982 δὲ
619 941 752 996 ἐπειδὴ
773 939 925 982 τούτων
946 940 1089 995 ἤκουσε
1102 973 1115 992 ,
1141 942 1325 996 πρέσβεις
1342 942 1382 990 ἒς
1401 942 1571 995 βασιλέα
1591 942 1692 995 πέμ-
1706 950 1749 984 10

191 1025 224 1059 1)
245 1023 332 1064 ψας
367 1009 471 1051 ἄλλα
506 1008 551 1051 τέ
583 1009 619 1050 οἱ
653 1013 731 1050 τῶν
764 1009 868 1050 κατὰ
892 1007 1052 1064 γνώμην
1078 1010 1235 1063 ἐπιτελῆ
1258 1016 1381 1051 ποιεῖν
1407 1007 1600 1065 ὡμολόγει
1627 1011 1694 1051 καὶ

232 1077 440 1131 Ῥωμαίων
465 1075 652 1130 δυνάμεις
670 1078 732 1118 ε’πὶ
751 1076 984 1130 κατασχέσει
1005 1075 1157 1119 πόλεων
1182 1071 1237 1118 ὧν
1259 1077 1308 1118 ἂν
1328 1077 1519 1131 βασιλεὺς
1541 1077 1693 1135 αἶροΐτο

238 1147 381 1188 αὐτίκα
419 1147 482 1187 ἐπὶ
509 1145 646 1187 Ἀσίαν
682 1149 875 1200 σταλῆναι
911 1145 1038 1200 ἠξίου.
1103 1144 1226 1187 πόνου
1263 1146 1341 1202 γὰρ
1376 1150 1450 1187 τοῦ
1480 1147 1542 1187 ἐπὶ
1565 1144 1694 1203 τούτῳ

237 1213 523 1268 συλλήψεσθαι
558 1215 672 1269 σφίσι
709 1215 775 1254 καὶ
813 1211 946 1254 αὐτόν.
1013 1217 1143 1255 ταῦτα
1175 1213 1365 1266 βασιλεὺς
1400 1213 1694 1267 ἀποδεξάμενος

231 1282 405 1332 Ἀλέξιον
446 1282 515 1323 τὸν
549 1283 837 1338 Πετραλοίφαν
887 1279 1155 1337 στρατεύματι
1204 1280 1290 1334 ἅμα
1329 1282 1369 1331 ἔς
1406 1279 1693 1336 ἑξακισχιλίους
1706 1288 1747 1322 15

237 1350 526 1407 ἀριθμουμένῳ
551 1349 725 1404 ἔπεμψε,
760 1347 954 1406 χρήματά
985 1350 1023 1391 οἱ
1055 1347 1341 1405 προσεπιδούς,
1381 1348 1481 1406 ἅπερ
1507 1350 1616 1406 αὐτῷ
1639 1352 1694 1400 εἷς

235 1417 410 1472 πόλεμον
434 1417 547 1460 τόνδε
571 1416 813 1474 ἀποχρήσειν
834 1416 947 1475 ᾤετο.
1008 1418 1181 1467 Ἀλέξιος
1199 1418 1273 1471 μὲν
1299 1403 1369 1459 οὖν
1402 1418 1464 1459 ἐπὶ
1499 1416 1696 1466 τοιούτοις

237 1489 293 1536 εἷς
316 1480 388 1541 τὴν
405 1486 541 1528 Ἀσίαν
564 1486 764 1528 ἐστέλλετο
781 1499 792 1509 ·
861 1486 1156 1537 Κλιτζιεσθλάν
1180 1486 1223 1527 δὲ
1244 1485 1377 1540 ἐπειδὴ
1403 1485 1472 1527 τὸν
1484 1483 1694 1540 Ῥωμαίων

93 1565 123 1599 Ρ
148 1565 212 1600 171
237 1554 411 1610 στρατὸν
431 1554 633 1610 προσιέναι
655 1552 845 1607 ἤκουσεν,
884 1556 939 1603 εἷς
958 1552 1091 1602 πόλεις
1111 1554 1342 1606 ἐκπέμπων,
1370 1552 1418 1602 ἃς
1439 1552 1496 1595 ἔτι
1522 1551 1693 1609 ἀχειρῶ-

235 1638 330 1672 τους
365 1622 475 1678 αὐτῷ’
505 1623 729 1676 ξυνέβαινεν
762 1619 882 1672 εἶναι,
932 1622 1020 1670 δεός
1047 1621 1093 1663 τὸ
1124 1621 1166 1662 ἔκ
1193 1626 1265 1675 τῆς
1293 1621 1492 1674 βασιλέως
1519 1619 1747 1664 ὖπέτεινεὲο

233 1692 350 1747 σφίσι
370 1694 572 1746 στρατιᾶς.
641 1689 683 1731 αἱ
714 1689 756 1731 δὲ
780 1689 881 1746 πρὸς
911 1689 1143 1746 ἀμφοτέρας
1167 1687 1241 1743 οὖχ
1263 1686 1349 1730 οἶαί
1367 1706 1407 1731 τε
1430 1684 1548 1731 οὖσαι
1567 1688 1691 1731 δυνά-

233 1776 323 1812 μεις
344 1759 539 1812 ἀντισχεῖν
557 1755 643 1799 οῧτι
667 1754 845 1800 ἓκούσιαι
867 1757 978 1814 αὐτῷ
1001 1755 1297 1814 προσεχώρουν.
1366 1755 1387 1798 ὃ
1407 1758 1450 1798 δὲ
1468 1757 1602 1812 ἐπειδὴ
1625 1759 1693 1800 καὶ

235 1827 368 1869 αὐτῶν
399 1825 591 1883 ἐγκρατὴς
618 1826 790 1881 γένοιτο,
842 1825 1031 1879 οὐδεμιᾶς
1067 1825 1206 1867 λοιπὸν
1239 1823 1452 1879 Ῥωμαίοις
1486 1826 1694 1883 ἐπιχωρεῖν

328 1913 383 1946 11.
409 1907 578 1966 ἐπιτελῆ]
602 1908 718 1944 Tollio
743 1909 898 1944 debetur.
945 1907 1032 1944 Cod.
1056 1905 1220 1955 ἡμιτελῆ.
1377 1910 1431 1944 21.
1454 1905 1668 1966 ἀμφοτέροις

326 1957 412 1992 Cod.
438 1953 510 1999 ἀφ’
535 1953 673 1999 ετέρας.
705 1956 853 1990 correxit
875 1955 1018 1990 Tollius.
1167 1956 1223 1990 23.
1249 1952 1448 2001 οὐδεμιᾶς]
1483 1956 1659 2000 ουδεμίαν

326 2002 390 2035 nisi
413 2003 504 2036 sorte
526 1998 733 2046 ἀποχωρεῖν
755 2001 968 2036 scribendum
991 2013 1053 2048 pro
1079 1998 1282 2045 ἐπιχωρεῖν.

236 2069 304 2104 ditz
335 2081 445 2114 neque
461 2069 637 2115 quicquam
654 2069 824 2114 praestitit
838 2081 966 2109 rerum,
989 2080 1073 2114 quas
1095 2068 1171 2114 ipse
1187 2068 1399 2103 iureiurando
1415 2071 1488 2103 erat
1508 2067 1689 2115 pollicitus.

234 2116 427 2158 arrogantia
451 2121 631 2159 praeterea
662 2127 703 2149 ac
728 2113 909 2149 ferocitate
934 2115 1078 2160 quadam
1104 2115 1139 2149 in
1163 2125 1313 2160 quosque
1335 2113 1500 2148 hominum
1516 2115 1689 2158 utebatur,

235 2173 298 2195 nec
314 2161 380 2194 ullo
396 2160 493 2193 modo
510 2164 645 2204 poterat
661 2160 760 2193 animi
776 2160 919 2205 impetus
934 2161 1119 2194 continere.
1166 2171 1254 2205 quae
1278 2160 1336 2194 ubi
1384 2159 1500 2204 rincipi
1515 2164 1689 2213 comperta

234 2211 314 2240 sunt
326 2231 335 2248 ,
368 2210 438 2239 tum
454 2205 566 2249 priora
581 2205 667 2238 illius
683 2206 832 2239 facinora
845 2232 855 2249 ,
885 2212 956 2240 tum
980 2205 1191 2240 insolentiam
1207 2217 1310 2250 aegre
1325 2210 1361 2239 tu
1375 2205 1420 2239 it:
1437 2205 1496 2239 sed
1515 2205 1689 2239 Occiden-

233 2252 359 2285 talibus
374 2247 515 2295 negotiis
531 2247 709 2294 impeditus
727 2262 937 2285 commovere
952 2251 1089 2297 insuper
1103 2252 1217 2285 Asiam
1231 2251 1426 2285 verebatur.
1458 2254 1495 2283 at
1509 2254 1688 2296 postquam

234 2297 358 2330 nullum
382 2297 416 2330 in
432 2295 618 2329 Occidente
641 2296 781 2340 amplius
809 2297 873 2330 sibi
897 2308 1074 2342 superesse
1096 2297 1220 2331 bellum
1244 2296 1349 2337 vidit,
1379 2296 1481 2329 rebus
1507 2300 1624 2340 utpote
1641 2296 1688 2330 ibi

233 2343 378 2376 feliciter
402 2340 585 2382 confectis,
617 2341 808 2385 conscripto
829 2342 950 2376 idoneo
979 2343 1129 2377 exercitu
1156 2341 1296 2376 transire
1316 2341 1350 2374 in
1365 2340 1475 2374 Asiam
1501 2341 1687 2376 constituit.

235 2388 356 2432 quibus
369 2387 547 2421 intellectis
564 2386 794 2420 Clitziesthlan
818 2399 880 2431 per
907 2388 1038 2432 legatos
1065 2398 1294 2432 quaecumque
1314 2386 1498 2431 imperaret
1511 2387 1619 2420 omnia
1634 2388 1687 2420 fa-

236 2439 365 2467 cturum
382 2445 419 2466 se
435 2431 575 2477 principi
594 2432 776 2476 respondit.
823 2432 864 2465 ad
881 2433 964 2466 haec
981 2433 1092 2478 copias
1109 2433 1274 2466 Romanas
1285 2457 1295 2472 ‚
1326 2436 1364 2464 ut
1385 2442 1469 2476 quas
1484 2432 1587 2466 vellet
1602 2432 1687 2466 civi-

235 2482 327 2512 tates
344 2482 546 2522 occupmet,
576 2477 610 2510 in
626 2476 737 2511 Asiam
766 2477 851 2511 mitti
877 2478 1082 2522 postulavit:
1113 2489 1151 2512 se
1167 2477 1291 2512 laboris
1305 2476 1399 2510 istius
1414 2474 1612 2522 participem
1628 2476 1686 2512 soss—

235 2524 388 2568 ciumque
412 2525 486 2557 fore
513 2522 693 2568 pollicitus.
753 2523 803 2557 his
828 2524 977 2568 acceptis
994 2523 1235 2558 conditionibus
1257 2522 1407 2557 Alexium
1431 2522 1686 2568 Petraloepham

234 2581 307 2602 cum
331 2579 391 2603 sex
417 2568 552 2602 millium
569 2568 719 2602 exercitu
734 2569 916 2614 imperator
932 2581 972 2602 eo
990 2569 1109 2611 mittit,
1140 2568 1226 2603 datis
1242 2567 1389 2612 pecuniis
1405 2577 1488 2612 quas
1504 2568 1547 2601 ad
1564 2569 1685 2604 bellum

232 2614 321 2648 istud
351 2614 591 2648 conficiendum
624 2613 782 2648 sufficere
805 2615 1029 2648 existimabat.
1075 2615 1139 2647 hoc
1166 2613 1298 2658 quidem
1326 2617 1489 2656 apparatu
1515 2613 1548 2647 in
1573 2614 1685 2649 Asiam

233 2660 326 2694 venit
351 2658 502 2694 Alexius.
549 2659 779 2694 Clitziesthlan
806 2664 936 2703 autem,
968 2665 1006 2693 ut
1035 2659 1218 2693 adventare
1240 2658 1466 2692 Romanorum
1502 2659 1684 2695 exercitum

233 2704 409 2751 percepit,
440 2703 546 2738 missis
562 2704 605 2738 ad
622 2705 795 2748 civitates,
825 2715 908 2749 quas
924 2705 1069 2738 nondum
1085 2705 1156 2750 ipse
1171 2708 1419 2748 occupaverat,
1447 2705 1569 2738 nuntiis
1581 2730 1592 2746 ,
1620 2716 1686 2750 pa-

233 2762 347 2785 vorem
362 2750 402 2783 iis
418 2761 460 2783 ex
475 2749 685 2794 imperatoris
701 2750 851 2784 exercitu
866 2750 1017 2783 incutere
1030 2749 1183 2784 intendit.
1233 2748 1291 2782 sed
1315 2759 1388 2782 cum
1413 2760 1472 2784 eae
1496 2751 1539 2785 ad
1556 2755 1685 2784 utram-

233 2808 300 2840 que
323 2795 391 2831 vim
416 2794 642 2829 sustinendam
667 2795 774 2829 minus
799 2800 911 2830 essent
923 2795 1087 2836 idoneae,
1117 2794 1205 2828 illius
1219 2793 1358 2839 imperio
1375 2794 1501 2829 invitae
1517 2807 1555 2830 se
1569 2796 1685 2830 subdi-

234 2842 328 2881 dere.
372 2839 505 2888 oppidis
529 2839 633 2887 igitur
655 2839 730 2875 istis
755 2841 883 2887 potitus
906 2840 1033 2876 nullum
1058 2841 1175 2876 horum
1199 2839 1341 2886 amplius
1369 2840 1508 2877 tradere
1524 2841 1686 2878 Romanis
1718 2865 1723 2867 -
