<?xml version="1.0" encoding="UTF-8"?>
<!DOCTYPE html PUBLIC "-//W3C//DTD XHTML 1.0 Transitional//EN"
    "http://www.w3.org/TR/xhtml1/DTD/xhtml1-transitional.dtd">
<html xmlns="http://www.w3.org/1999/xhtml" xml:lang="en" lang="en">
 <head>
  <title>
</title>
<meta http-equiv="Content-Type" content="text/html;charset=utf-8" />
  <meta name='ocr-system' content='tesseract 3.04.00' />
  <meta name='ocr-capabilities' content='ocr_page ocr_carea ocr_par ocr_line ocrx_word'/>
</head>
<body>
  <div class='ocr_page' id='page_1' title='image "./corpusscriptorum26niebuoft_0088.png"; bbox 0 0 1878 3262; ppageno 0'>
   <div class='ocr_carea' id='block_1_1' title="bbox 243 238 1218 289">
    <p class='ocr_par' dir='ltr' id='par_1_1' title="bbox 243 238 1218 289">
     <span class='ocr_line' id='line_1_1' title="bbox 243 238 1218 289; baseline -0.008 0"><span class='ocrx_word' id='word_1_1' title='bbox 243 242 320 289; x_wconf 84' lang='lat'><strong>56·</strong></span> <span class='ocrx_word' id='word_1_2' title='bbox 725 238 950 284; x_wconf 86' lang='lat' dir='ltr'><strong>IOANNIS</strong></span> <span class='ocrx_word' id='word_1_3' title='bbox 985 239 1218 282; x_wconf 85' lang='lat' dir='ltr'>CINNAMI</span> 
     </span>
    </p>
   </div>
   <div class='ocr_carea' id='block_1_2' title="bbox 128 348 1767 1913">
    <p class='ocr_par' dir='ltr' id='par_1_2' title="bbox 244 348 1708 548">
     <span class='ocr_line' id='line_1_2' title="bbox 244 348 1707 411; baseline -0.003 -11"><span class='ocrx_word' id='word_1_4' title='bbox 244 355 335 400; x_wconf 79' lang='grc' dir='ltr'><em>κατ’</em></span> <span class='ocrx_word' id='word_1_5' title='bbox 356 354 540 407; x_wconf 73' lang='grc' dir='ltr'><em>ἐξουσίαν</em></span> <span class='ocrx_word' id='word_1_6' title='bbox 557 371 598 397; x_wconf 85' lang='grc' dir='ltr'><strong>τε</strong></span> <span class='ocrx_word' id='word_1_7' title='bbox 617 353 686 397; x_wconf 86' lang='grc' dir='ltr'><strong>τὸν</strong></span> <span class='ocrx_word' id='word_1_8' title='bbox 699 351 865 411; x_wconf 86' lang='grc' dir='ltr'><em>χάρακα</em></span> <span class='ocrx_word' id='word_1_9' title='bbox 881 348 1072 407; x_wconf 77' lang='grc' dir='ltr'><em>πήξονται</em></span> <span class='ocrx_word' id='word_1_10' title='bbox 1091 354 1158 395; x_wconf 83' lang='grc' dir='ltr'><em>καὶ</em></span> <span class='ocrx_word' id='word_1_11' title='bbox 1177 350 1448 408; x_wconf 82' lang='grc' dir='ltr'><em>σκηνῶσουσιν</em></span> <span class='ocrx_word' id='word_1_12' title='bbox 1467 353 1539 396; x_wconf 74' lang='grc' dir='ltr'><strong>οὐκ</strong></span> <span class='ocrx_word' id='word_1_13' title='bbox 1557 353 1598 396; x_wconf 76' lang='grc' dir='ltr'><strong>ἓν</strong></span> <span class='ocrx_word' id='word_1_14' title='bbox 1616 370 1707 396; x_wconf 74' lang='grc' dir='ltr'><em>στε-</em></span> 
     </span>
     <span class='ocr_line' id='line_1_3' title="bbox 244 421 1706 482; baseline -0.003 -15"><span class='ocrx_word' id='word_1_15' title='bbox 244 430 302 482; x_wconf 77' lang='grc' dir='ltr'><strong>νῷ</strong></span> <span class='ocrx_word' id='word_1_16' title='bbox 315 423 453 481; x_wconf 80' lang='grc' dir='ltr'><em>χώρου</em></span> <span class='ocrx_word' id='word_1_17' title='bbox 474 424 708 480; x_wconf 75' lang='grc' dir='ltr'><em>εἰρχθέντες.</em></span> <span class='ocrx_word' id='word_1_18' title='bbox 776 425 906 464; x_wconf 74' lang='grc' dir='ltr'><em>ταῦτα</em></span> <span class='ocrx_word' id='word_1_19' title='bbox 924 422 1048 476; x_wconf 85' lang='grc' dir='ltr'><em>λέγων</em></span> <span class='ocrx_word' id='word_1_20' title='bbox 1066 421 1200 476; x_wconf 70' lang='grc' dir='ltr'><em>ἐπειδὴ</em></span> <span class='ocrx_word' id='word_1_21' title='bbox 1218 422 1276 476; x_wconf 85' lang='grc' dir='ltr'><strong>μὴ</strong></span> <span class='ocrx_word' id='word_1_22' title='bbox 1294 424 1360 464; x_wconf 85' lang='grc' dir='ltr'><em>καὶ</em></span> <span class='ocrx_word' id='word_1_23' title='bbox 1378 421 1531 473; x_wconf 80' lang='grc' dir='ltr'><em>πάντας</em></span> <span class='ocrx_word' id='word_1_24' title='bbox 1547 424 1706 476; x_wconf 73' lang='grc' dir='ltr'><em>ἐνδεχο-</em></span> 
     </span>
     <span class='ocr_line' id='line_1_4' title="bbox 245 488 1708 548; baseline -0.001 -14"><span class='ocrx_word' id='word_1_25' title='bbox 245 495 388 547; x_wconf 86' lang='grc' dir='ltr'><em>μένους</em></span> <span class='ocrx_word' id='word_1_26' title='bbox 404 491 474 534; x_wconf 86' lang='grc' dir='ltr'><strong>τὸν</strong></span> <span class='ocrx_word' id='word_1_27' title='bbox 491 490 608 548; x_wconf 90' lang='grc' dir='ltr'><em>λόγον</em></span> <span class='ocrx_word' id='word_1_28' title='bbox 628 489 735 548; x_wconf 67' lang='grc' dir='ltr'><em>ἑώρα</em></span> <span class='ocrx_word' id='word_1_29' title='bbox 746 521 760 543; x_wconf 84' lang='grc'>,</span> <span class='ocrx_word' id='word_1_30' title='bbox 797 488 1073 544; x_wconf 82' lang='grc' dir='ltr'><em>Τζικανδύλην</em></span> <span class='ocrx_word' id='word_1_31' title='bbox 1089 491 1162 544; x_wconf 77' lang='grc' dir='ltr'><strong>μὲν</strong></span> <span class='ocrx_word' id='word_1_32' title='bbox 1179 492 1245 532; x_wconf 85' lang='grc' dir='ltr'><em>καὶ</em></span> <span class='ocrx_word' id='word_1_33' title='bbox 1264 492 1509 545; x_wconf 79' lang='grc' dir='ltr'><em>Σινωπίτην,</em></span> <span class='ocrx_word' id='word_1_34' title='bbox 1544 491 1646 548; x_wconf 86' lang='grc' dir='ltr'><em>πρὸς</em></span> <span class='ocrx_word' id='word_1_35' title='bbox 1664 491 1708 532; x_wconf 78' lang='grc' dir='ltr'><strong>δὲ</strong></span> 
     </span>
    </p>

    <p class='ocr_par' dir='ltr' id='par_1_3' title="bbox 195 558 1706 616">
     <span class='ocr_line' id='line_1_5' title="bbox 195 558 1706 616; baseline -0.001 -15"><span class='ocrx_word' id='word_1_36' title='bbox 195 567 224 601; x_wconf 87' lang='lat' dir='ltr'>O</span> <span class='ocrx_word' id='word_1_37' title='bbox 247 563 312 603; x_wconf 85' lang='grc' dir='ltr'><em>καὶ</em></span> <span class='ocrx_word' id='word_1_38' title='bbox 332 558 565 616; x_wconf 87' lang='grc' dir='ltr'><em>Κριτόπλην</em></span> <span class='ocrx_word' id='word_1_39' title='bbox 583 562 650 602; x_wconf 83' lang='grc' dir='ltr'><em>καὶ</em></span> <span class='ocrx_word' id='word_1_40' title='bbox 668 563 749 602; x_wconf 92' lang='grc' dir='ltr'><strong>τῶν</strong></span> <span class='ocrx_word' id='word_1_41' title='bbox 767 558 900 601; x_wconf 73' lang='grc' dir='ltr'><em>ἄλλων</em></span> <span class='ocrx_word' id='word_1_42' title='bbox 927 558 1101 608; x_wconf 77' lang='grc' dir='ltr'><em>πολλοὺς</em></span> <span class='ocrx_word' id='word_1_43' title='bbox 1126 562 1359 615; x_wconf 77' lang='grc' dir='ltr'><em>στρατηγῶν</em></span> <span class='ocrx_word' id='word_1_44' title='bbox 1374 562 1433 616; x_wconf 75' lang='grc' dir='ltr'><strong>τῷ</strong></span> <span class='ocrx_word' id='word_1_45' title='bbox 1449 559 1706 616; x_wconf 80' lang='grc' dir='ltr'><em>στρατοπέδῳ</em></span> 
     </span>
    </p>

    <p class='ocr_par' dir='ltr' id='par_1_4' title="bbox 128 625 1740 686">
     <span class='ocr_line' id='line_1_6' title="bbox 128 625 1740 686; baseline 0 -17"><span class='ocrx_word' id='word_1_46' title='bbox 128 634 160 669; x_wconf 92' lang='lat' dir='ltr'><strong>V</strong></span> <span class='ocrx_word' id='word_1_47' title='bbox 182 636 226 671; x_wconf 72' lang='lat'><strong>25</strong></span> <span class='ocrx_word' id='word_1_48' title='bbox 251 630 417 686; x_wconf 80' lang='grc' dir='ltr'><em>ἐφίστα,</em></span> <span class='ocrx_word' id='word_1_49' title='bbox 455 626 476 669; x_wconf 83' lang='grc' dir='ltr'><strong><em>ὃ</em></strong></span> <span class='ocrx_word' id='word_1_50' title='bbox 504 629 548 670; x_wconf 77' lang='grc' dir='ltr'><strong>δὲ</strong></span> <span class='ocrx_word' id='word_1_51' title='bbox 576 627 696 678; x_wconf 71' lang='grc' dir='ltr'><em>αὐτὸς</em></span> <span class='ocrx_word' id='word_1_52' title='bbox 721 627 794 682; x_wconf 86' lang='grc' dir='ltr'><strong>τὴν</strong></span> <span class='ocrx_word' id='word_1_53' title='bbox 820 626 1033 681; x_wconf 80' lang='grc' dir='ltr'><em>βασιλικὴν</em></span> <span class='ocrx_word' id='word_1_54' title='bbox 1061 625 1296 682; x_wconf 77' lang='grc' dir='ltr'><em>ἀνελόμενος</em></span> <span class='ocrx_word' id='word_1_55' title='bbox 1322 628 1499 681; x_wconf 83' lang='grc' dir='ltr'><em>σημαίαν</em></span> <span class='ocrx_word' id='word_1_56' title='bbox 1525 627 1599 669; x_wconf 79' lang='grc' dir='ltr'><em>σὺν</em></span> <span class='ocrx_word' id='word_1_57' title='bbox 1622 633 1740 677; x_wconf 55' lang='lat' dir='ltr'><strong>‘cors-⁵</strong></span> 
     </span>
    </p>

    <p class='ocr_par' dir='ltr' id='par_1_5' title="bbox 239 693 1764 1367">
     <span class='ocr_line' id='line_1_7' title="bbox 244 693 1710 754; baseline -0.001 -16"><span class='ocrx_word' id='word_1_58' title='bbox 244 697 353 754; x_wconf 66' lang='grc' dir='ltr'><strong>ἀμφ’</strong></span> <span class='ocrx_word' id='word_1_59' title='bbox 385 696 507 738; x_wconf 74' lang='grc' dir='ltr'><em>αὐτὸν</em></span> <span class='ocrx_word' id='word_1_60' title='bbox 534 695 616 754; x_wconf 81' lang='grc' dir='ltr'><strong>ὅλῳ</strong></span> <span class='ocrx_word' id='word_1_61' title='bbox 642 696 782 754; x_wconf 79' lang='grc' dir='ltr'><em>ῥυτῆρι</em></span> <span class='ocrx_word' id='word_1_62' title='bbox 803 696 866 737; x_wconf 70' lang='grc' dir='ltr'><strong>ἐπὶ</strong></span> <span class='ocrx_word' id='word_1_63' title='bbox 891 695 987 745; x_wconf 79' lang='grc' dir='ltr'><em>τοὺς</em></span> <span class='ocrx_word' id='word_1_64' title='bbox 1004 696 1204 746; x_wconf 74' lang='grc' dir='ltr'><em>ἐναντίους</em></span> <span class='ocrx_word' id='word_1_65' title='bbox 1221 695 1382 750; x_wconf 72' lang='grc' dir='ltr'><em>ἤλαυνε.</em></span> <span class='ocrx_word' id='word_1_66' title='bbox 1451 693 1710 750; x_wconf 80' lang='grc' dir='ltr'><em>καταπλήξας</em></span> 
     </span>
     <span class='ocr_line' id='line_1_8' title="bbox 244 762 1709 822; baseline -0.002 -15"><span class='ocrx_word' id='word_1_67' title='bbox 244 782 283 807; x_wconf 90' lang='grc' dir='ltr'><strong>τε</strong></span> <span class='ocrx_word' id='word_1_68' title='bbox 303 769 361 822; x_wconf 77' lang='grc' dir='ltr'><strong>τῷ</strong></span> <span class='ocrx_word' id='word_1_69' title='bbox 380 763 523 822; x_wconf 71' lang='grc' dir='ltr'><em>ἀθρόῳ</em></span> <span class='ocrx_word' id='word_1_70' title='bbox 541 769 612 819; x_wconf 79' lang='grc' dir='ltr'><strong>τῆς</strong></span> <span class='ocrx_word' id='word_1_71' title='bbox 629 763 851 813; x_wconf 74' lang='grc' dir='ltr'><em>ἐπελάσεως</em></span> <span class='ocrx_word' id='word_1_72' title='bbox 869 765 925 814; x_wconf 81' lang='grc' dir='ltr'><em>εἷς</em></span> <span class='ocrx_word' id='word_1_73' title='bbox 942 764 1074 821; x_wconf 81' lang='grc' dir='ltr'><em>φυγὴν</em></span> <span class='ocrx_word' id='word_1_74' title='bbox 1091 765 1246 819; x_wconf 83' lang='grc' dir='ltr'><em>βλέψαι</em></span> <span class='ocrx_word' id='word_1_75' title='bbox 1264 762 1478 820; x_wconf 75' lang='grc' dir='ltr'><em>ἠνάγκασε.</em></span> <span class='ocrx_word' id='word_1_76' title='bbox 1519 767 1709 820; x_wconf 81' lang='grc' dir='ltr'><em>λαμπρᾶς</em></span> 
     </span>
     <span class='ocr_line' id='line_1_9' title="bbox 242 830 1708 889; baseline -0.001 -15"><span class='ocrx_word' id='word_1_77' title='bbox 242 835 374 875; x_wconf 87' lang='grc' dir='ltr'><em>τοίνυν</em></span> <span class='ocrx_word' id='word_1_78' title='bbox 391 833 601 889; x_wconf 76' lang='grc' dir='ltr'><em>γενομένης</em></span> <span class='ocrx_word' id='word_1_79' title='bbox 615 837 689 887; x_wconf 81' lang='grc' dir='ltr'><strong>τῆς</strong></span> <span class='ocrx_word' id='word_1_80' title='bbox 707 831 902 884; x_wconf 77' lang='grc' dir='ltr'><em>διώξεως,</em></span> <span class='ocrx_word' id='word_1_81' title='bbox 939 831 1105 874; x_wconf 85' lang='grc' dir='ltr'><em>κατόπιν</em></span> <span class='ocrx_word' id='word_1_82' title='bbox 1133 831 1384 886; x_wconf 72' lang='grc' dir='ltr'><em>ἐπισπόμενοι</em></span> <span class='ocrx_word' id='word_1_83' title='bbox 1397 830 1589 886; x_wconf 78' lang='grc' dir='ltr'><em>Ῥωμαῖοι</em></span> <span class='ocrx_word' id='word_1_84' title='bbox 1607 835 1708 889; x_wconf 80' lang='grc' dir='ltr'><em>πολ-</em></span> 
     </span>
     <span class='ocr_line' id='line_1_10' title="bbox 241 892 1709 957; baseline -0.001 -14"><span class='ocrx_word' id='word_1_85' title='bbox 241 902 337 951; x_wconf 74' lang='grc' dir='ltr'><em>λοὺς</em></span> <span class='ocrx_word' id='word_1_86' title='bbox 355 900 528 943; x_wconf 62' lang='grc' dir='ltr'><em>ἔκτειναν</em></span> <span class='ocrx_word' id='word_1_87' title='bbox 536 933 550 953; x_wconf 81' lang='grc'>,</span> <span class='ocrx_word' id='word_1_88' title='bbox 585 902 697 951; x_wconf 81' lang='grc' dir='ltr'><em>τινὰς</em></span> <span class='ocrx_word' id='word_1_89' title='bbox 715 892 842 943; x_wconf 54' lang='grc' dir='ltr'><em>δὲ’καὶ</em></span> <span class='ocrx_word' id='word_1_90' title='bbox 862 902 1050 957; x_wconf 81' lang='grc' dir='ltr'><em>ζωγρείαν</em></span> <span class='ocrx_word' id='word_1_91' title='bbox 1069 898 1174 943; x_wconf 76' lang='grc' dir='ltr'><em>εἶλον</em></span> <span class='ocrx_word' id='word_1_92' title='bbox 1186 933 1199 952; x_wconf 84' lang='grc'>,</span> <span class='ocrx_word' id='word_1_93' title='bbox 1237 902 1278 942; x_wconf 76' lang='grc' dir='ltr'><strong>ἒν</strong></span> <span class='ocrx_word' id='word_1_94' title='bbox 1297 898 1358 950; x_wconf 76' lang='grc' dir='ltr'><em>οἷς</em></span> <span class='ocrx_word' id='word_1_95' title='bbox 1375 902 1442 942; x_wconf 82' lang='grc' dir='ltr'><em>καὶ</em></span> <span class='ocrx_word' id='word_1_96' title='bbox 1464 903 1709 956; x_wconf 78' lang='grc' dir='ltr'><em>Φαρκουσᾶς</em></span> 
     </span>
     <span class='ocr_line' id='line_1_11' title="bbox 241 965 1764 1027; baseline -0.002 -16"><span class='ocrx_word' id='word_1_97' title='bbox 241 965 290 1023; x_wconf 72' lang='grc' dir='ltr'><strong>ἦν</strong></span> <span class='ocrx_word' id='word_1_98' title='bbox 309 969 409 1027; x_wconf 80' lang='grc' dir='ltr'><em>ἀνὴρ</em></span> <span class='ocrx_word' id='word_1_99' title='bbox 428 969 540 1026; x_wconf 79' lang='grc' dir='ltr'><em>παρὰ</em></span> <span class='ocrx_word' id='word_1_100' title='bbox 557 971 741 1027; x_wconf 75' lang='grc' dir='ltr'><em>Πέρσαις</em></span> <span class='ocrx_word' id='word_1_101' title='bbox 759 967 978 1026; x_wconf 75' lang='grc' dir='ltr'><em>ἐπιφανής,</em></span> <span class='ocrx_word' id='word_1_102' title='bbox 1010 968 1055 1019; x_wconf 84' lang='grc' dir='ltr'><em>ὃς</em></span> <span class='ocrx_word' id='word_1_103' title='bbox 1084 971 1303 1011; x_wconf 71' lang='grc' dir='ltr'><em>δειπνοῦντι</em></span> <span class='ocrx_word' id='word_1_104' title='bbox 1321 973 1379 1026; x_wconf 80' lang='grc' dir='ltr'><strong>τῷ</strong></span> <span class='ocrx_word' id='word_1_105' title='bbox 1396 968 1569 1010; x_wconf 85' lang='grc' dir='ltr'><em>σουλτὰν</em></span> <span class='ocrx_word' id='word_1_106' title='bbox 1587 970 1708 1010; x_wconf 75' lang='grc' dir='ltr'><em>ἐνετί-</em></span> <span class='ocrx_word' id='word_1_107' title='bbox 1721 971 1764 1006; x_wconf 87' lang='grc'><strong>10</strong></span> 
     </span>
     <span class='ocr_line' id='line_1_12' title="bbox 239 1036 1708 1094; baseline -0.001 -15"><span class='ocrx_word' id='word_1_108' title='bbox 239 1042 307 1080; x_wconf 74' lang='grc' dir='ltr'><em>θει</em></span> <span class='ocrx_word' id='word_1_109' title='bbox 335 1038 380 1079; x_wconf 85' lang='grc' dir='ltr'><strong>τὸ</strong></span> <span class='ocrx_word' id='word_1_110' title='bbox 411 1037 577 1091; x_wconf 66' lang='grc' dir='ltr'><em>ἔκπωμα</em></span> <span class='ocrx_word' id='word_1_111' title='bbox 605 1043 695 1080; x_wconf 80' lang='grc' dir='ltr'><em>ταῖν</em></span> <span class='ocrx_word' id='word_1_112' title='bbox 719 1043 879 1094; x_wconf 82' lang='grc' dir='ltr'><em>χεροῖν·</em></span> <span class='ocrx_word' id='word_1_113' title='bbox 915 1038 1126 1094; x_wconf 83' lang='grc' dir='ltr'><em>πιγκέρνην</em></span> <span class='ocrx_word' id='word_1_114' title='bbox 1143 1041 1286 1079; x_wconf 80' lang='grc' dir='ltr'><em>τοῦτον</em></span> <span class='ocrx_word' id='word_1_115' title='bbox 1296 1036 1487 1091; x_wconf 86' lang='grc' dir='ltr'><em>Ῥωμαῖοι</em></span> <span class='ocrx_word' id='word_1_116' title='bbox 1506 1040 1708 1078; x_wconf 83' lang='grc' dir='ltr'><em>καλοῦσιν.</em></span> 
     </span>
     <span class='ocr_line' id='line_1_13' title="bbox 241 1101 1710 1165; baseline -0.001 -17"><span class='ocrx_word' id='word_1_117' title='bbox 241 1101 292 1160; x_wconf 72' lang='grc' dir='ltr'><strong>ἦν</strong></span> <span class='ocrx_word' id='word_1_118' title='bbox 321 1106 367 1148; x_wconf 81' lang='grc' dir='ltr'><strong>δέ</strong></span> <span class='ocrx_word' id='word_1_119' title='bbox 393 1122 454 1156; x_wconf 88' lang='grc' dir='ltr'><strong>τις</strong></span> <span class='ocrx_word' id='word_1_120' title='bbox 481 1107 522 1148; x_wconf 78' lang='grc' dir='ltr'><strong>ἒν</strong></span> <span class='ocrx_word' id='word_1_121' title='bbox 540 1109 590 1162; x_wconf 87' lang='grc' dir='ltr'><em>τῇ</em></span> <span class='ocrx_word' id='word_1_122' title='bbox 607 1105 830 1163; x_wconf 85' lang='grc' dir='ltr'><em>βαρβάρων</em></span> <span class='ocrx_word' id='word_1_123' title='bbox 848 1111 1018 1165; x_wconf 75' lang='grc' dir='ltr'><em>στρατιᾷ</em></span> <span class='ocrx_word' id='word_1_124' title='bbox 1037 1109 1093 1156; x_wconf 81' lang='grc' dir='ltr'><em>εἷς</em></span> <span class='ocrx_word' id='word_1_125' title='bbox 1102 1104 1326 1159; x_wconf 86' lang='grc' dir='ltr'><em>Ῥωμαίους</em></span> <span class='ocrx_word' id='word_1_126' title='bbox 1341 1106 1414 1159; x_wconf 77' lang='grc' dir='ltr'><strong>μὲν</strong></span> <span class='ocrx_word' id='word_1_127' title='bbox 1432 1105 1646 1161; x_wconf 80' lang='grc' dir='ltr'><em>ἀναφέρων</em></span> <span class='ocrx_word' id='word_1_128' title='bbox 1663 1104 1710 1146; x_wconf 72' lang='grc' dir='ltr'><strong>τὸ</strong></span> 
     </span>
     <span class='ocr_line' id='line_1_14' title="bbox 241 1172 1709 1231; baseline -0.001 -16"><span class='ocrx_word' id='word_1_129' title='bbox 241 1175 374 1230; x_wconf 84' lang='grc' dir='ltr'><em>γένος,</em></span> <span class='ocrx_word' id='word_1_130' title='bbox 410 1174 452 1215; x_wconf 76' lang='grc' dir='ltr'><strong>ἐν</strong></span> <span class='ocrx_word' id='word_1_131' title='bbox 481 1175 525 1216; x_wconf 77' lang='grc' dir='ltr'><strong>δὲ</strong></span> <span class='ocrx_word' id='word_1_132' title='bbox 552 1175 735 1231; x_wconf 87' lang='grc' dir='ltr'><em>Πέρσαις</em></span> <span class='ocrx_word' id='word_1_133' title='bbox 761 1175 827 1215; x_wconf 86' lang='grc' dir='ltr'><em>καὶ</em></span> <span class='ocrx_word' id='word_1_134' title='bbox 855 1177 1024 1231; x_wconf 79' lang='grc' dir='ltr'><em>τραφεὶς</em></span> <span class='ocrx_word' id='word_1_135' title='bbox 1044 1176 1112 1216; x_wconf 85' lang='grc' dir='ltr'><em>καὶ</em></span> <span class='ocrx_word' id='word_1_136' title='bbox 1131 1175 1323 1229; x_wconf 72' lang='grc' dir='ltr'><em>αὐξηθεὶς</em></span> <span class='ocrx_word' id='word_1_137' title='bbox 1339 1172 1440 1230; x_wconf 82' lang='grc' dir='ltr'><em>τύχῃ</em></span> <span class='ocrx_word' id='word_1_138' title='bbox 1458 1175 1534 1215; x_wconf 82' lang='grc' dir='ltr'><em>τινὶ</em></span> <span class='ocrx_word' id='word_1_139' title='bbox 1554 1186 1709 1229; x_wconf 51' lang='grc' dir='ltr'><em>σατραὲ</em></span> 
     </span>
     <span class='ocr_line' id='line_1_15' title="bbox 242 1236 1708 1299; baseline -0.001 -16"><span class='ocrx_word' id='word_1_140' title='bbox 242 1243 356 1284; x_wconf 84' lang='grc' dir='ltr'><em>πείαν</em></span> <span class='ocrx_word' id='word_1_141' title='bbox 383 1242 477 1284; x_wconf 73' lang='grc' dir='ltr'><em>κατ’</em></span> <span class='ocrx_word' id='word_1_142' title='bbox 510 1243 631 1284; x_wconf 73' lang='grc' dir='ltr'><em>ἐκεῖνο</em></span> <span class='ocrx_word' id='word_1_143' title='bbox 664 1246 807 1299; x_wconf 79' lang='grc' dir='ltr'><em>καιροῦ</em></span> <span class='ocrx_word' id='word_1_144' title='bbox 833 1243 936 1299; x_wconf 72' lang='grc' dir='ltr'><em>παρ’</em></span> <span class='ocrx_word' id='word_1_145' title='bbox 966 1243 1102 1292; x_wconf 76' lang='grc' dir='ltr'><em>αὐτοῖς</em></span> <span class='ocrx_word' id='word_1_146' title='bbox 1128 1245 1272 1284; x_wconf 74' lang='grc' dir='ltr'><em>διεῖπε·</em></span> <span class='ocrx_word' id='word_1_147' title='bbox 1307 1243 1349 1283; x_wconf 95' lang='grc' dir='ltr'><em>Γ</em></span> <span class='ocrx_word' id='word_1_148' title='bbox 1345 1246 1477 1298; x_wconf 80' lang='grc' dir='ltr'><em>αβρᾶς</em></span> <span class='ocrx_word' id='word_1_149' title='bbox 1495 1241 1606 1298; x_wconf 74' lang='grc' dir='ltr'><em>αὐτῷ</em></span> <span class='ocrx_word' id='word_1_150' title='bbox 1623 1236 1708 1282; x_wconf 71' lang='grc' dir='ltr'><strong>ἐπί-</strong></span> 
     </span>
     <span class='ocr_line' id='line_1_16' title="bbox 244 1305 1762 1367; baseline -0.001 -15"><span class='ocrx_word' id='word_1_151' title='bbox 244 1314 382 1365; x_wconf 86' lang='grc' dir='ltr'><em>κλησις</em></span> <span class='ocrx_word' id='word_1_152' title='bbox 398 1305 460 1365; x_wconf 75' lang='grc' dir='ltr'><strong>ἦν.</strong></span> <span class='ocrx_word' id='word_1_153' title='bbox 528 1315 670 1352; x_wconf 80' lang='grc' dir='ltr'><em>τοῦτον</em></span> <span class='ocrx_word' id='word_1_154' title='bbox 689 1310 823 1364; x_wconf 72' lang='grc' dir='ltr'><em>ἐπειδὴ</em></span> <span class='ocrx_word' id='word_1_155' title='bbox 842 1311 934 1352; x_wconf 67' lang='grc' dir='ltr'><em>κατ’</em></span> <span class='ocrx_word' id='word_1_156' title='bbox 957 1312 1105 1365; x_wconf 73' lang='grc' dir='ltr'><em>ἐκείνην</em></span> <span class='ocrx_word' id='word_1_157' title='bbox 1123 1311 1195 1365; x_wconf 80' lang='grc' dir='ltr'><strong>τὴν</strong></span> <span class='ocrx_word' id='word_1_158' title='bbox 1212 1309 1367 1367; x_wconf 73' lang='grc' dir='ltr'><em>ἡμέραν</em></span> <span class='ocrx_word' id='word_1_159' title='bbox 1378 1308 1567 1363; x_wconf 81' lang='grc' dir='ltr'><em>Ῥωμαῖοι</em></span> <span class='ocrx_word' id='word_1_160' title='bbox 1586 1309 1706 1351; x_wconf 71' lang='grc' dir='ltr'><em>ἕκτει-</em></span> <span class='ocrx_word' id='word_1_161' title='bbox 1719 1315 1762 1351; x_wconf 83' lang='grc'><strong>15</strong></span> 
     </span>
    </p>

    <p class='ocr_par' dir='ltr' id='par_1_6' title="bbox 190 1373 1767 1913">
     <span class='ocr_line' id='line_1_17' title="bbox 190 1373 1710 1435; baseline -0.001 -15"><span class='ocrx_word' id='word_1_162' title='bbox 190 1381 222 1415; x_wconf 92' lang='lat' dir='ltr'>D</span> <span class='ocrx_word' id='word_1_163' title='bbox 244 1396 338 1430; x_wconf 84' lang='grc' dir='ltr'><em>ναν,</em></span> <span class='ocrx_word' id='word_1_164' title='bbox 375 1379 554 1435; x_wconf 82' lang='grc' dir='ltr'><em>κεφαλὴν</em></span> <span class='ocrx_word' id='word_1_165' title='bbox 591 1378 752 1434; x_wconf 75' lang='grc' dir='ltr'><em>ἄγοντες</em></span> <span class='ocrx_word' id='word_1_166' title='bbox 787 1378 860 1432; x_wconf 82' lang='grc' dir='ltr'><strong>τὴν</strong></span> <span class='ocrx_word' id='word_1_167' title='bbox 896 1379 1022 1420; x_wconf 77' lang='grc' dir='ltr'><em>αὐτοῦ</em></span> <span class='ocrx_word' id='word_1_168' title='bbox 1057 1379 1170 1434; x_wconf 78' lang='grc' dir='ltr'><em>παρὰ</em></span> <span class='ocrx_word' id='word_1_169' title='bbox 1194 1378 1239 1420; x_wconf 85' lang='grc' dir='ltr'><strong>τὸ</strong></span> <span class='ocrx_word' id='word_1_170' title='bbox 1269 1376 1540 1435; x_wconf 74' lang='grc' dir='ltr'><em>στρατόπεδον</em></span> <span class='ocrx_word' id='word_1_171' title='bbox 1565 1373 1710 1432; x_wconf 73' lang='grc' dir='ltr'><em>ἦλθον.</em></span> 
     </span>
     <span class='ocr_line' id='line_1_18' title="bbox 240 1442 1712 1505; baseline -0.001 -16"><span class='ocrx_word' id='word_1_172' title='bbox 240 1447 433 1501; x_wconf 79' lang='grc' dir='ltr'><em>βασιλεὺς</em></span> <span class='ocrx_word' id='word_1_173' title='bbox 461 1447 507 1489; x_wconf 80' lang='grc' dir='ltr'><strong>δέ</strong></span> <span class='ocrx_word' id='word_1_174' title='bbox 542 1445 712 1505; x_wconf 88' lang='grc' dir='ltr'><em>(πόρρω</em></span> <span class='ocrx_word' id='word_1_175' title='bbox 729 1447 806 1503; x_wconf 81' lang='grc' dir='ltr'><strong>γὰρ</strong></span> <span class='ocrx_word' id='word_1_176' title='bbox 825 1446 903 1501; x_wconf 71' lang='grc' dir='ltr'><strong>ἤδη</strong></span> <span class='ocrx_word' id='word_1_177' title='bbox 922 1442 971 1501; x_wconf 72' lang='grc' dir='ltr'><strong>ἦν</strong></span> <span class='ocrx_word' id='word_1_178' title='bbox 990 1451 1070 1489; x_wconf 87' lang='grc' dir='ltr'><strong>τῶν</strong></span> <span class='ocrx_word' id='word_1_179' title='bbox 1086 1447 1267 1501; x_wconf 80' lang='grc' dir='ltr'><em>νυκτῶν)</em></span> <span class='ocrx_word' id='word_1_180' title='bbox 1304 1449 1371 1488; x_wconf 83' lang='grc' dir='ltr'><em>καὶ</em></span> <span class='ocrx_word' id='word_1_181' title='bbox 1390 1446 1446 1488; x_wconf 69' lang='grc' dir='ltr'><strong>ἔτι</strong></span> <span class='ocrx_word' id='word_1_182' title='bbox 1465 1450 1538 1488; x_wconf 82' lang='grc' dir='ltr'><strong>τοῦ</strong></span> <span class='ocrx_word' id='word_1_183' title='bbox 1556 1444 1712 1488; x_wconf 75' lang='grc' dir='ltr'><em>διώκειν</em></span> 
     </span>
     <span class='ocr_line' id='line_1_19' title="bbox 244 1513 1713 1572; baseline -0.001 -15"><span class='ocrx_word' id='word_1_184' title='bbox 244 1513 519 1568; x_wconf 75' lang='grc' dir='ltr'><em>ἀποσχόμενος</em></span> <span class='ocrx_word' id='word_1_185' title='bbox 536 1516 610 1557; x_wconf 79' lang='grc' dir='ltr'><em>σὺν</em></span> <span class='ocrx_word' id='word_1_186' title='bbox 626 1517 834 1572; x_wconf 88' lang='grc' dir='ltr'><em>τροπαίοις</em></span> <span class='ocrx_word' id='word_1_187' title='bbox 852 1517 1003 1558; x_wconf 72' lang='grc' dir='ltr'><em>ἐκεῖθεν</em></span> <span class='ocrx_word' id='word_1_188' title='bbox 1020 1514 1266 1572; x_wconf 71' lang='grc' dir='ltr'><em>ὑπέστρεφεν</em></span> <span class='ocrx_word' id='word_1_189' title='bbox 1275 1547 1289 1567; x_wconf 83' lang='grc'>,</span> <span class='ocrx_word' id='word_1_190' title='bbox 1327 1516 1368 1557; x_wconf 76' lang='grc' dir='ltr'><strong>ἓν</strong></span> <span class='ocrx_word' id='word_1_191' title='bbox 1389 1513 1576 1570; x_wconf 78' lang='grc' dir='ltr'><em>συγχύσει</em></span> <span class='ocrx_word' id='word_1_192' title='bbox 1593 1532 1635 1557; x_wconf 81' lang='grc' dir='ltr'><strong>τε</strong></span> <span class='ocrx_word' id='word_1_193' title='bbox 1654 1514 1713 1557; x_wconf 66' lang='grc' dir='ltr'><em>ἔτι</em></span> 
     </span>
     <span class='ocr_line' id='line_1_20' title="bbox 243 1581 1712 1642; baseline 0 -17"><span class='ocrx_word' id='word_1_194' title='bbox 243 1585 310 1625; x_wconf 83' lang='grc' dir='ltr'><em>καὶ</em></span> <span class='ocrx_word' id='word_1_195' title='bbox 331 1584 476 1642; x_wconf 73' lang='grc' dir='ltr'><em>ἀταξίᾳ</em></span> <span class='ocrx_word' id='word_1_196' title='bbox 493 1587 622 1639; x_wconf 80' lang='grc' dir='ltr'><em>πολλῇ</em></span> <span class='ocrx_word' id='word_1_197' title='bbox 634 1582 858 1636; x_wconf 83' lang='grc' dir='ltr'><em>Ῥωμαίους</em></span> <span class='ocrx_word' id='word_1_198' title='bbox 887 1582 1014 1639; x_wconf 77' lang='grc' dir='ltr'><em>εὑρών</em></span> <span class='ocrx_word' id='word_1_199' title='bbox 1052 1585 1072 1638; x_wconf 87' lang='grc'>(</span> <span class='ocrx_word' id='word_1_200' title='bbox 1082 1583 1194 1625; x_wconf 75' lang='grc' dir='ltr'><em>οὔπω</em></span> <span class='ocrx_word' id='word_1_201' title='bbox 1212 1584 1288 1639; x_wconf 79' lang='grc' dir='ltr'><strong>γὰρ</strong></span> <span class='ocrx_word' id='word_1_202' title='bbox 1308 1583 1401 1625; x_wconf 73' lang='grc' dir='ltr'><strong>οὐδὲ</strong></span> <span class='ocrx_word' id='word_1_203' title='bbox 1417 1587 1491 1625; x_wconf 84' lang='grc' dir='ltr'><strong>τοῦ</strong></span> <span class='ocrx_word' id='word_1_204' title='bbox 1508 1583 1612 1625; x_wconf 78' lang='grc' dir='ltr'><em>κατὰ</em></span> <span class='ocrx_word' id='word_1_205' title='bbox 1629 1581 1712 1625; x_wconf 78' lang='grc' dir='ltr'><strong>νώ·</strong></span> 
     </span>
     <span class='ocr_line' id='line_1_21' title="bbox 243 1649 1767 1707; baseline 0.001 -14"><span class='ocrx_word' id='word_1_206' title='bbox 243 1668 323 1693; x_wconf 88' lang='grc' dir='ltr'><strong>των</strong></span> <span class='ocrx_word' id='word_1_207' title='bbox 360 1650 518 1704; x_wconf 77' lang='grc' dir='ltr'><em>ἄχθους</em></span> <span class='ocrx_word' id='word_1_208' title='bbox 551 1651 603 1696; x_wconf 73' lang='grc' dir='ltr'><strong>τὰ</strong></span> <span class='ocrx_word' id='word_1_209' title='bbox 633 1649 863 1707; x_wconf 75' lang='grc' dir='ltr'><em>σκευοφόρα</em></span> <span class='ocrx_word' id='word_1_210' title='bbox 892 1656 971 1694; x_wconf 83' lang='grc' dir='ltr'><strong>τῶν</strong></span> <span class='ocrx_word' id='word_1_211' title='bbox 1000 1650 1110 1703; x_wconf 83' lang='grc' dir='ltr'><em>ζώων</em></span> <span class='ocrx_word' id='word_1_212' title='bbox 1138 1650 1464 1706; x_wconf 78' lang='grc' dir='ltr'><em>ἀπηλλάττοντο)</em></span> <span class='ocrx_word' id='word_1_213' title='bbox 1477 1683 1490 1702; x_wconf 86' lang='grc'>,</span> <span class='ocrx_word' id='word_1_214' title='bbox 1528 1650 1635 1692; x_wconf 81' lang='grc' dir='ltr'><em>ἅπαν</em></span> <span class='ocrx_word' id='word_1_215' title='bbox 1663 1650 1767 1694; x_wconf 72' lang='grc' dir='ltr'><strong>τὸΞΟ</strong></span> 
     </span>
     <span class='ocr_line' id='line_1_22' title="bbox 244 1717 1712 1776; baseline -0.001 -14"><span class='ocrx_word' id='word_1_216' title='bbox 244 1718 515 1775; x_wconf 76' lang='grc' dir='ltr'><em>στρατόπεδον</em></span> <span class='ocrx_word' id='word_1_217' title='bbox 542 1721 698 1774; x_wconf 71' lang='grc' dir='ltr'><em>σπουδῇ</em></span> <span class='ocrx_word' id='word_1_218' title='bbox 718 1720 942 1775; x_wconf 69' lang='grc' dir='ltr'><em>περιελθὼν</em></span> <span class='ocrx_word' id='word_1_219' title='bbox 960 1724 1039 1761; x_wconf 87' lang='grc' dir='ltr'><strong>τῶν</strong></span> <span class='ocrx_word' id='word_1_220' title='bbox 1057 1718 1271 1774; x_wconf 87' lang='grc' dir='ltr'><em>ταγμάτων</em></span> <span class='ocrx_word' id='word_1_221' title='bbox 1291 1717 1445 1776; x_wconf 70' lang='grc' dir='ltr'><em>ἑκάστῳ</em></span> <span class='ocrx_word' id='word_1_222' title='bbox 1464 1719 1537 1773; x_wconf 79' lang='grc' dir='ltr'><strong>τὴν</strong></span> <span class='ocrx_word' id='word_1_223' title='bbox 1555 1717 1712 1775; x_wconf 82' lang='grc' dir='ltr'><em>προσή-</em></span> 
     </span>
     <span class='ocr_line' id='line_1_23' title="bbox 245 1786 1713 1844; baseline 0 -16"><span class='ocrx_word' id='word_1_224' title='bbox 245 1803 396 1829; x_wconf 81' lang='grc' dir='ltr'><em>κουσαν</em></span> <span class='ocrx_word' id='word_1_225' title='bbox 423 1788 602 1840; x_wconf 75' lang='grc' dir='ltr'><em>ἐνείματο</em></span> <span class='ocrx_word' id='word_1_226' title='bbox 625 1786 780 1843; x_wconf 82' lang='grc' dir='ltr'><em>χώραν.</em></span> <span class='ocrx_word' id='word_1_227' title='bbox 850 1788 955 1829; x_wconf 80' lang='grc' dir='ltr'><em>ἀλλὰ</em></span> <span class='ocrx_word' id='word_1_228' title='bbox 981 1790 1046 1829; x_wconf 83' lang='grc' dir='ltr'><em>καὶ</em></span> <span class='ocrx_word' id='word_1_229' title='bbox 1075 1788 1130 1838; x_wconf 72' lang='grc' dir='ltr'><em>ὣς</em></span> <span class='ocrx_word' id='word_1_230' title='bbox 1154 1792 1234 1829; x_wconf 85' lang='grc' dir='ltr'><strong>τῶν</strong></span> <span class='ocrx_word' id='word_1_231' title='bbox 1260 1792 1518 1844; x_wconf 80' lang='grc' dir='ltr'><em>στρατιωτῶν</em></span> <span class='ocrx_word' id='word_1_232' title='bbox 1535 1787 1607 1829; x_wconf 76' lang='grc' dir='ltr'><strong>οὐκ</strong></span> <span class='ocrx_word' id='word_1_233' title='bbox 1627 1787 1713 1829; x_wconf 83' lang='grc' dir='ltr'><em>ὀλί-</em></span> 
     </span>
     <span class='ocr_line' id='line_1_24' title="bbox 243 1854 1711 1913; baseline 0 -16"><span class='ocrx_word' id='word_1_234' title='bbox 243 1872 340 1911; x_wconf 89' lang='grc' dir='ltr'><em>γους</em></span> <span class='ocrx_word' id='word_1_235' title='bbox 369 1856 568 1913; x_wconf 73' lang='grc' dir='ltr'><em>ἔφίππους</em></span> <span class='ocrx_word' id='word_1_236' title='bbox 594 1857 919 1912; x_wconf 74' lang='grc' dir='ltr'><em>διανυκτερεῦσαι</em></span> <span class='ocrx_word' id='word_1_237' title='bbox 946 1857 1128 1906; x_wconf 78' lang='grc' dir='ltr'><em>ξυνέπεσε</em></span> <span class='ocrx_word' id='word_1_238' title='bbox 1155 1860 1211 1913; x_wconf 74' lang='grc' dir='ltr'><strong>τῷ</strong></span> <span class='ocrx_word' id='word_1_239' title='bbox 1235 1854 1527 1913; x_wconf 70' lang='grc' dir='ltr'><em>ὑπερβάλλοντι</em></span> <span class='ocrx_word' id='word_1_240' title='bbox 1545 1860 1618 1910; x_wconf 83' lang='grc' dir='ltr'><strong>τῆς</strong></span> <span class='ocrx_word' id='word_1_241' title='bbox 1634 1873 1711 1898; x_wconf 81' lang='grc' dir='ltr'><em>πυ·-</em></span> 
     </span>
    </p>
   </div>
   <div class='ocr_carea' id='block_1_3' title="bbox 335 1982 1022 2032">
    <p class='ocr_par' dir='ltr' id='par_1_7' title="bbox 335 1982 1022 2032">
     <span class='ocr_line' id='line_1_25' title="bbox 335 1982 1022 2032; baseline -0.001 -12"><span class='ocrx_word' id='word_1_242' title='bbox 335 1985 371 2020; x_wconf 90' lang='grc'><strong>9.</strong></span> <span class='ocrx_word' id='word_1_243' title='bbox 395 1983 594 2031; x_wconf 80' lang='grc' dir='ltr'><em>ζωγρείαν]</em></span> <span class='ocrx_word' id='word_1_244' title='bbox 617 1984 799 2032; x_wconf 64' lang='grc' dir='ltr'><em>ζωγρείᾳῒ</em></span> <span class='ocrx_word' id='word_1_245' title='bbox 821 1982 1022 2030; x_wconf 61' lang='lat' dir='ltr'><strong>gemosius?</strong></span> 
     </span>
    </p>
   </div>
   <div class='ocr_carea' id='block_1_4' title="bbox 237 2095 1714 2918">
    <p class='ocr_par' dir='ltr' id='par_1_8' title="bbox 237 2095 1714 2918">
     <span class='ocr_line' id='line_1_26' title="bbox 247 2095 1711 2144; baseline 0.002 -15"><span class='ocrx_word' id='word_1_246' title='bbox 247 2095 360 2130; x_wconf 85' lang='lat' dir='ltr'><strong>videri</strong></span> <span class='ocrx_word' id='word_1_247' title='bbox 374 2097 528 2131; x_wconf 82' lang='lat' dir='ltr'><strong>hostibus</strong></span> <span class='ocrx_word' id='word_1_248' title='bbox 545 2098 789 2132; x_wconf 88' lang='lat' dir='ltr'><strong>occurrendum</strong></span> <span class='ocrx_word' id='word_1_249' title='bbox 799 2124 809 2140; x_wconf 85' lang='lat'><strong><em>‚</em></strong></span> <span class='ocrx_word' id='word_1_250' title='bbox 839 2097 880 2130; x_wconf 91' lang='lat' dir='ltr'><strong>iis</strong></span> <span class='ocrx_word' id='word_1_251' title='bbox 898 2097 1002 2143; x_wconf 89' lang='lat' dir='ltr'><strong>pulsis</strong></span> <span class='ocrx_word' id='word_1_252' title='bbox 1017 2096 1194 2131; x_wconf 87' lang='lat' dir='ltr'><strong>habituros</strong></span> <span class='ocrx_word' id='word_1_253' title='bbox 1209 2097 1332 2132; x_wconf 85' lang='lat' dir='ltr'><strong>tutiora</strong></span> <span class='ocrx_word' id='word_1_254' title='bbox 1346 2107 1456 2133; x_wconf 83' lang='lat' dir='ltr'><strong>castra</strong></span> <span class='ocrx_word' id='word_1_255' title='bbox 1471 2102 1575 2144; x_wconf 84' lang='lat' dir='ltr'><strong>atque</strong></span> <span class='ocrx_word' id='word_1_256' title='bbox 1588 2098 1621 2132; x_wconf 87' lang='lat' dir='ltr'><strong>in</strong></span> <span class='ocrx_word' id='word_1_257' title='bbox 1636 2098 1711 2133; x_wconf 87' lang='lat' dir='ltr'><strong>loco</strong></span> 
     </span>
     <span class='ocr_line' id='line_1_27' title="bbox 250 2141 1712 2185; baseline 0.001 -9"><span class='ocrx_word' id='word_1_258' title='bbox 250 2141 408 2176; x_wconf 78' lang='lat' dir='ltr'>liberiore</span> <span class='ocrx_word' id='word_1_259' title='bbox 435 2154 660 2177; x_wconf 87' lang='lat' dir='ltr'><strong>consessuros.</strong></span> <span class='ocrx_word' id='word_1_260' title='bbox 710 2144 775 2177; x_wconf 88' lang='lat' dir='ltr'><strong>His</strong></span> <span class='ocrx_word' id='word_1_261' title='bbox 802 2143 923 2185; x_wconf 88' lang='lat' dir='ltr'><strong>dictis,</strong></span> <span class='ocrx_word' id='word_1_262' title='bbox 954 2143 1015 2176; x_wconf 90' lang='lat' dir='ltr'><strong>etsi</strong></span> <span class='ocrx_word' id='word_1_263' title='bbox 1040 2155 1106 2176; x_wconf 94' lang='lat' dir='ltr'><strong>non</strong></span> <span class='ocrx_word' id='word_1_264' title='bbox 1122 2154 1235 2177; x_wconf 86' lang='lat' dir='ltr'><strong>omnes</strong></span> <span class='ocrx_word' id='word_1_265' title='bbox 1250 2143 1315 2177; x_wconf 86' lang='lat' dir='ltr'><strong>sibi</strong></span> <span class='ocrx_word' id='word_1_266' title='bbox 1330 2144 1712 2178; x_wconf 75' lang='lat' dir='ltr'><strong>assentirianimadver‘-</strong></span> 
     </span>
     <span class='ocr_line' id='line_1_28' title="bbox 250 2188 1713 2234; baseline 0.001 -12"><span class='ocrx_word' id='word_1_267' title='bbox 250 2192 358 2230; x_wconf 85' lang='lat' dir='ltr'><strong>teret,</strong></span> <span class='ocrx_word' id='word_1_268' title='bbox 390 2188 634 2232; x_wconf 85' lang='lat' dir='ltr'><strong>Tzicandylem</strong></span> <span class='ocrx_word' id='word_1_269' title='bbox 648 2213 658 2229; x_wconf 92' lang='lat'>,</span> <span class='ocrx_word' id='word_1_270' title='bbox 690 2189 875 2233; x_wconf 88' lang='lat' dir='ltr'><strong>Sinopitem</strong></span> <span class='ocrx_word' id='word_1_271' title='bbox 901 2193 936 2223; x_wconf 88' lang='lat' dir='ltr'><strong>et</strong></span> <span class='ocrx_word' id='word_1_272' title='bbox 961 2188 1146 2233; x_wconf 81' lang='lat' dir='ltr'><strong>Critoplem</strong></span> <span class='ocrx_word' id='word_1_273' title='bbox 1169 2190 1319 2234; x_wconf 87' lang='lat' dir='ltr'><strong>aliosque</strong></span> <span class='ocrx_word' id='word_1_274' title='bbox 1334 2202 1353 2224; x_wconf 89' lang='lat' dir='ltr'><strong>e</strong></span> <span class='ocrx_word' id='word_1_275' title='bbox 1369 2190 1508 2224; x_wconf 83' lang='lat' dir='ltr'><strong>ducibus</strong></span> <span class='ocrx_word' id='word_1_276' title='bbox 1525 2191 1713 2234; x_wconf 84' lang='lat' dir='ltr'>complures</span> 
     </span>
     <span class='ocr_line' id='line_1_29' title="bbox 237 2233 1711 2279; baseline 0.001 -11"><span class='ocrx_word' id='word_1_277' title='bbox 237 2233 373 2268; x_wconf 77' lang='lat' dir='ltr'><strong>castris</strong></span> <span class='ocrx_word' id='word_1_278' title='bbox 397 2233 564 2278; x_wconf 85' lang='lat' dir='ltr'><strong>praeficit.</strong></span> <span class='ocrx_word' id='word_1_279' title='bbox 610 2234 683 2278; x_wconf 88' lang='lat' dir='ltr'><strong>ipse</strong></span> <span class='ocrx_word' id='word_1_280' title='bbox 709 2239 845 2279; x_wconf 87' lang='lat' dir='ltr'><strong>arrepto</strong></span> <span class='ocrx_word' id='word_1_281' title='bbox 870 2235 1085 2279; x_wconf 86' lang='lat' dir='ltr'><strong>imperatorio</strong></span> <span class='ocrx_word' id='word_1_282' title='bbox 1101 2235 1242 2276; x_wconf 81' lang='lat' dir='ltr'><strong>vexillo,</strong></span> <span class='ocrx_word' id='word_1_283' title='bbox 1270 2239 1345 2269; x_wconf 88' lang='lat' dir='ltr'><strong>toto</strong></span> <span class='ocrx_word' id='word_1_284' title='bbox 1360 2235 1486 2279; x_wconf 89' lang='lat' dir='ltr'><strong>impetu</strong></span> <span class='ocrx_word' id='word_1_285' title='bbox 1501 2246 1576 2269; x_wconf 86' lang='lat' dir='ltr'><strong>cum</strong></span> <span class='ocrx_word' id='word_1_286' title='bbox 1595 2236 1661 2269; x_wconf 84' lang='lat' dir='ltr'><strong>suis</strong></span> <span class='ocrx_word' id='word_1_287' title='bbox 1677 2236 1711 2270; x_wconf 90' lang='lat' dir='ltr'><strong>in</strong></span> 
     </span>
     <span class='ocr_line' id='line_1_30' title="bbox 250 2279 1712 2326; baseline 0.002 -14"><span class='ocrx_word' id='word_1_288' title='bbox 250 2279 381 2313; x_wconf 83' lang='lat' dir='ltr'><strong>hostem</strong></span> <span class='ocrx_word' id='word_1_289' title='bbox 397 2279 507 2312; x_wconf 87' lang='lat' dir='ltr'><strong>fertur</strong></span> <span class='ocrx_word' id='word_1_290' title='bbox 520 2307 530 2322; x_wconf 78' lang='lat'><strong>.,</strong></span> <span class='ocrx_word' id='word_1_291' title='bbox 562 2280 751 2323; x_wconf 88' lang='lat' dir='ltr'><strong>crebraque</strong></span> <span class='ocrx_word' id='word_1_292' title='bbox 767 2280 954 2324; x_wconf 75' lang='lat' dir='ltr'><strong>irruptione</strong></span> <span class='ocrx_word' id='word_1_293' title='bbox 969 2280 1142 2324; x_wconf 81' lang='lat' dir='ltr'><strong>fatigatum</strong></span> <span class='ocrx_word' id='word_1_294' title='bbox 1155 2305 1163 2321; x_wconf 89' lang='lat'><em>‚</em></span> <span class='ocrx_word' id='word_1_295' title='bbox 1194 2280 1329 2314; x_wconf 87' lang='lat' dir='ltr'><strong>tandem</strong></span> <span class='ocrx_word' id='word_1_296' title='bbox 1344 2280 1387 2313; x_wconf 85' lang='lat' dir='ltr'><strong>ad</strong></span> <span class='ocrx_word' id='word_1_297' title='bbox 1401 2281 1517 2323; x_wconf 79' lang='lat' dir='ltr'><strong>fugam</strong></span> <span class='ocrx_word' id='word_1_298' title='bbox 1532 2281 1712 2326; x_wconf 80' lang='lat' dir='ltr'><strong>compellit.</strong></span> 
     </span>
     <span class='ocr_line' id='line_1_31' title="bbox 249 2324 1712 2371; baseline 0.002 -14"><span class='ocrx_word' id='word_1_299' title='bbox 249 2328 425 2370; x_wconf 85' lang='lat' dir='ltr'><strong>protracta</strong></span> <span class='ocrx_word' id='word_1_300' title='bbox 454 2324 585 2368; x_wconf 83' lang='lat' dir='ltr'><strong>longius</strong></span> <span class='ocrx_word' id='word_1_301' title='bbox 614 2324 839 2367; x_wconf 76' lang='lat' dir='ltr'><strong>insecutione,</strong></span> <span class='ocrx_word' id='word_1_302' title='bbox 872 2326 1015 2358; x_wconf 84' lang='lat' dir='ltr'><strong>Romani</strong></span> <span class='ocrx_word' id='word_1_303' title='bbox 1045 2338 1066 2359; x_wconf 86' lang='lat' dir='ltr'><strong>a</strong></span> <span class='ocrx_word' id='word_1_304' title='bbox 1096 2331 1195 2369; x_wconf 85' lang='lat' dir='ltr'><strong>tergo</strong></span> <span class='ocrx_word' id='word_1_305' title='bbox 1215 2326 1379 2359; x_wconf 75' lang='lat' dir='ltr'><strong>instantes</strong></span> <span class='ocrx_word' id='word_1_306' title='bbox 1399 2326 1520 2359; x_wconf 84' lang='lat' dir='ltr'><strong>multos</strong></span> <span class='ocrx_word' id='word_1_307' title='bbox 1542 2327 1712 2371; x_wconf 84' lang='lat' dir='ltr'><strong>occidunt,</strong></span> 
     </span>
     <span class='ocr_line' id='line_1_32' title="bbox 252 2370 1713 2416; baseline 0.003 -14"><span class='ocrx_word' id='word_1_308' title='bbox 252 2370 414 2415; x_wconf 88' lang='lat' dir='ltr'><strong>quosdam</strong></span> <span class='ocrx_word' id='word_1_309' title='bbox 430 2375 465 2403; x_wconf 89' lang='lat' dir='ltr'><strong>et</strong></span> <span class='ocrx_word' id='word_1_310' title='bbox 480 2370 618 2415; x_wconf 85' lang='lat' dir='ltr'><strong>capiunt</strong></span> <span class='ocrx_word' id='word_1_311' title='bbox 632 2370 747 2411; x_wconf 87' lang='lat' dir='ltr'><strong>vivos,</strong></span> <span class='ocrx_word' id='word_1_312' title='bbox 775 2381 860 2414; x_wconf 90' lang='lat' dir='ltr'><strong>quos</strong></span> <span class='ocrx_word' id='word_1_313' title='bbox 873 2370 962 2404; x_wconf 87' lang='lat' dir='ltr'><strong>inter</strong></span> <span class='ocrx_word' id='word_1_314' title='bbox 976 2371 1042 2404; x_wconf 86' lang='lat' dir='ltr'><strong>fuit</strong></span> <span class='ocrx_word' id='word_1_315' title='bbox 1057 2372 1248 2405; x_wconf 83' lang='lat' dir='ltr'><strong>Pharcusas</strong></span> <span class='ocrx_word' id='word_1_316' title='bbox 1258 2397 1267 2413; x_wconf 87' lang='lat'><strong>‚</strong></span> <span class='ocrx_word' id='word_1_317' title='bbox 1290 2371 1401 2415; x_wconf 84' lang='lat' dir='ltr'><strong>magni</strong></span> <span class='ocrx_word' id='word_1_318' title='bbox 1414 2371 1468 2404; x_wconf 84' lang='lat' dir='ltr'><strong>vir</strong></span> <span class='ocrx_word' id='word_1_319' title='bbox 1483 2372 1573 2416; x_wconf 86' lang='lat' dir='ltr'><strong>apud</strong></span> <span class='ocrx_word' id='word_1_320' title='bbox 1589 2373 1713 2407; x_wconf 74' lang='lat' dir='ltr'><strong>Persas</strong></span> 
     </span>
     <span class='ocr_line' id='line_1_33' title="bbox 251 2415 1714 2462; baseline 0.003 -15"><span class='ocrx_word' id='word_1_321' title='bbox 251 2415 415 2460; x_wconf 81' lang='lat' dir='ltr'><strong>nominis,</strong></span> <span class='ocrx_word' id='word_1_322' title='bbox 452 2415 509 2460; x_wconf 92' lang='lat' dir='ltr'><strong>qui</strong></span> <span class='ocrx_word' id='word_1_323' title='bbox 540 2415 758 2449; x_wconf 78' lang='lat' dir='ltr'><strong>discumbenti</strong></span> <span class='ocrx_word' id='word_1_324' title='bbox 789 2416 931 2448; x_wconf 68' lang='lat' dir='ltr'><strong>Suitano</strong></span> <span class='ocrx_word' id='word_1_325' title='bbox 963 2417 1117 2460; x_wconf 88' lang='lat' dir='ltr'><strong>poculum</strong></span> <span class='ocrx_word' id='word_1_326' title='bbox 1148 2417 1353 2462; x_wconf 80' lang='lat' dir='ltr'><strong>porrigebat.</strong></span> <span class='ocrx_word' id='word_1_327' title='bbox 1400 2417 1592 2461; x_wconf 78' lang='lat' dir='ltr'><strong>pincernam</strong></span> <span class='ocrx_word' id='word_1_328' title='bbox 1624 2419 1714 2452; x_wconf 89' lang='lat' dir='ltr'><strong>hunc</strong></span> 
     </span>
     <span class='ocr_line' id='line_1_34' title="bbox 250 2460 1714 2508; baseline 0.002 -14"><span class='ocrx_word' id='word_1_329' title='bbox 250 2460 395 2494; x_wconf 86' lang='lat' dir='ltr'><strong>Romani</strong></span> <span class='ocrx_word' id='word_1_330' title='bbox 420 2466 554 2495; x_wconf 87' lang='lat' dir='ltr'><strong>vocant.</strong></span> <span class='ocrx_word' id='word_1_331' title='bbox 604 2466 679 2494; x_wconf 85' lang='lat' dir='ltr'><strong>erat</strong></span> <span class='ocrx_word' id='word_1_332' title='bbox 701 2465 811 2494; x_wconf 85' lang='lat' dir='ltr'><strong>autem</strong></span> <span class='ocrx_word' id='word_1_333' title='bbox 837 2461 970 2505; x_wconf 83' lang='lat' dir='ltr'><strong>quidam</strong></span> <span class='ocrx_word' id='word_1_334' title='bbox 985 2461 1017 2494; x_wconf 91' lang='lat' dir='ltr'><strong>in</strong></span> <span class='ocrx_word' id='word_1_335' title='bbox 1035 2463 1253 2496; x_wconf 83' lang='lat' dir='ltr'><strong>barbarorum</strong></span> <span class='ocrx_word' id='word_1_336' title='bbox 1268 2462 1419 2496; x_wconf 81' lang='lat' dir='ltr'><strong>exercitu</strong></span> <span class='ocrx_word' id='word_1_337' title='bbox 1434 2490 1442 2505; x_wconf 87' lang='lat'><strong>‚</strong></span> <span class='ocrx_word' id='word_1_338' title='bbox 1477 2463 1533 2508; x_wconf 91' lang='lat' dir='ltr'><strong>qui</strong></span> <span class='ocrx_word' id='word_1_339' title='bbox 1549 2475 1570 2497; x_wconf 87' lang='lat' dir='ltr'><strong>a</strong></span> <span class='ocrx_word' id='word_1_340' title='bbox 1586 2464 1714 2498; x_wconf 83' lang='lat' dir='ltr'><strong>Roma-</strong></span> 
     </span>
     <span class='ocr_line' id='line_1_35' title="bbox 253 2506 1711 2553; baseline 0.003 -14"><span class='ocrx_word' id='word_1_341' title='bbox 253 2506 304 2539; x_wconf 86' lang='lat' dir='ltr'><strong>nis</strong></span> <span class='ocrx_word' id='word_1_342' title='bbox 337 2506 522 2550; x_wconf 75' lang='lat' dir='ltr'><strong>oriundus,</strong></span> <span class='ocrx_word' id='word_1_343' title='bbox 556 2506 645 2551; x_wconf 91' lang='lat' dir='ltr'><strong>apud</strong></span> <span class='ocrx_word' id='word_1_344' title='bbox 676 2506 799 2539; x_wconf 81' lang='lat' dir='ltr'><strong>Persas</strong></span> <span class='ocrx_word' id='word_1_345' title='bbox 820 2517 904 2539; x_wconf 82' lang='lat' dir='ltr'><strong>vero</strong></span> <span class='ocrx_word' id='word_1_346' title='bbox 928 2507 1093 2540; x_wconf 83' lang='lat' dir='ltr'><strong>enutritus</strong></span> <span class='ocrx_word' id='word_1_347' title='bbox 1116 2513 1151 2542; x_wconf 85' lang='lat' dir='ltr'><strong>et</strong></span> <span class='ocrx_word' id='word_1_348' title='bbox 1175 2508 1356 2548; x_wconf 72' lang='lat' dir='ltr'><strong>educatus,</strong></span> <span class='ocrx_word' id='word_1_349' title='bbox 1387 2508 1476 2541; x_wconf 87' lang='lat' dir='ltr'><strong>forte</strong></span> <span class='ocrx_word' id='word_1_350' title='bbox 1504 2509 1711 2553; x_wconf 79' lang='lat' dir='ltr'><strong>provinciam</strong></span> 
     </span>
     <span class='ocr_line' id='line_1_36' title="bbox 253 2552 1710 2598; baseline 0.003 -13"><span class='ocrx_word' id='word_1_351' title='bbox 253 2552 431 2596; x_wconf 83' lang='lat' dir='ltr'><strong>quamdam</strong></span> <span class='ocrx_word' id='word_1_352' title='bbox 447 2552 509 2585; x_wconf 86' lang='lat' dir='ltr'><strong>sub</strong></span> <span class='ocrx_word' id='word_1_353' title='bbox 525 2552 609 2585; x_wconf 85' lang='lat' dir='ltr'><strong>haec</strong></span> <span class='ocrx_word' id='word_1_354' title='bbox 624 2556 778 2596; x_wconf 88' lang='lat' dir='ltr'><strong>tempora</strong></span> <span class='ocrx_word' id='word_1_355' title='bbox 793 2552 836 2585; x_wconf 84' lang='lat' dir='ltr'><strong>ab</strong></span> <span class='ocrx_word' id='word_1_356' title='bbox 856 2552 937 2596; x_wconf 85' lang='lat' dir='ltr'><strong>ipsis</strong></span> <span class='ocrx_word' id='word_1_357' title='bbox 961 2553 1139 2595; x_wconf 82' lang='lat' dir='ltr'><strong>regendam</strong></span> <span class='ocrx_word' id='word_1_358' title='bbox 1163 2557 1375 2598; x_wconf 78' lang='lat' dir='ltr'><strong>susceperat.</strong></span> <span class='ocrx_word' id='word_1_359' title='bbox 1407 2553 1537 2587; x_wconf 90' lang='lat' dir='ltr'><strong>nomine</strong></span> <span class='ocrx_word' id='word_1_360' title='bbox 1563 2555 1710 2589; x_wconf 72' lang='lat' dir='ltr'><strong>Gabrae.</strong></span> 
     </span>
     <span class='ocr_line' id='line_1_37' title="bbox 255 2597 1713 2643; baseline 0.002 -13"><span class='ocrx_word' id='word_1_361' title='bbox 255 2597 343 2630; x_wconf 84' lang='lat' dir='ltr'><strong>hunc</strong></span> <span class='ocrx_word' id='word_1_362' title='bbox 358 2601 574 2641; x_wconf 82' lang='lat' dir='ltr'><strong>posteaquam</strong></span> <span class='ocrx_word' id='word_1_363' title='bbox 590 2609 632 2631; x_wconf 86' lang='lat' dir='ltr'><strong>ea</strong></span> <span class='ocrx_word' id='word_1_364' title='bbox 647 2597 703 2631; x_wconf 87' lang='lat' dir='ltr'><strong>die</strong></span> <span class='ocrx_word' id='word_1_365' title='bbox 717 2597 911 2631; x_wconf 85' lang='lat' dir='ltr'><strong>occiderunt</strong></span> <span class='ocrx_word' id='word_1_366' title='bbox 925 2597 1085 2638; x_wconf 78' lang='lat' dir='ltr'><strong>Romani,</strong></span> <span class='ocrx_word' id='word_1_367' title='bbox 1109 2603 1315 2643; x_wconf 85' lang='lat' dir='ltr'><strong>amputatum</strong></span> <span class='ocrx_word' id='word_1_368' title='bbox 1329 2598 1417 2632; x_wconf 84' lang='lat' dir='ltr'><strong>illius</strong></span> <span class='ocrx_word' id='word_1_369' title='bbox 1433 2604 1535 2643; x_wconf 90' lang='lat' dir='ltr'><strong>caput</strong></span> <span class='ocrx_word' id='word_1_370' title='bbox 1548 2599 1581 2632; x_wconf 90' lang='lat' dir='ltr'><strong>in</strong></span> <span class='ocrx_word' id='word_1_371' title='bbox 1598 2604 1713 2634; x_wconf 86' lang='lat' dir='ltr'><strong>castra</strong></span> 
     </span>
     <span class='ocr_line' id='line_1_38' title="bbox 255 2642 1713 2688; baseline 0.002 -12"><span class='ocrx_word' id='word_1_372' title='bbox 255 2653 368 2676; x_wconf 87' lang='lat' dir='ltr'><strong>secum</strong></span> <span class='ocrx_word' id='word_1_373' title='bbox 397 2643 554 2676; x_wconf 84' lang='lat' dir='ltr'><strong>attulere.</strong></span> <span class='ocrx_word' id='word_1_374' title='bbox 597 2643 804 2688; x_wconf 86' lang='lat' dir='ltr'><strong>imperator,</strong></span> <span class='ocrx_word' id='word_1_375' title='bbox 834 2642 988 2687; x_wconf 80' lang='lat' dir='ltr'><strong>quoniam</strong></span> <span class='ocrx_word' id='word_1_376' title='bbox 1020 2643 1125 2677; x_wconf 88' lang='lat' dir='ltr'><strong>multa</strong></span> <span class='ocrx_word' id='word_1_377' title='bbox 1145 2645 1210 2678; x_wconf 83' lang='lat' dir='ltr'><strong>iam</strong></span> <span class='ocrx_word' id='word_1_378' title='bbox 1237 2655 1305 2678; x_wconf 87' lang='lat' dir='ltr'><strong>nox</strong></span> <span class='ocrx_word' id='word_1_379' title='bbox 1329 2649 1421 2684; x_wconf 87' lang='lat' dir='ltr'><strong>erat,</strong></span> <span class='ocrx_word' id='word_1_380' title='bbox 1450 2645 1619 2688; x_wconf 86' lang='lat' dir='ltr'><strong>fugientes</strong></span> <span class='ocrx_word' id='word_1_381' title='bbox 1643 2657 1713 2680; x_wconf 88' lang='lat' dir='ltr'><strong>non</strong></span> 
     </span>
     <span class='ocr_line' id='line_1_39' title="bbox 253 2688 1713 2734; baseline 0.002 -13"><span class='ocrx_word' id='word_1_382' title='bbox 253 2688 386 2732; x_wconf 82' lang='lat' dir='ltr'><strong>longius</strong></span> <span class='ocrx_word' id='word_1_383' title='bbox 416 2692 633 2732; x_wconf 78' lang='lat' dir='ltr'><strong>persecutus,</strong></span> <span class='ocrx_word' id='word_1_384' title='bbox 664 2700 737 2722; x_wconf 90' lang='lat' dir='ltr'><strong>cum</strong></span> <span class='ocrx_word' id='word_1_385' title='bbox 769 2689 918 2733; x_wconf 86' lang='lat' dir='ltr'><strong>tropaeis</strong></span> <span class='ocrx_word' id='word_1_386' title='bbox 945 2688 1023 2721; x_wconf 86' lang='lat' dir='ltr'><strong>inde</strong></span> <span class='ocrx_word' id='word_1_387' title='bbox 1048 2690 1250 2722; x_wconf 83' lang='lat' dir='ltr'><strong>revertitur:</strong></span> <span class='ocrx_word' id='word_1_388' title='bbox 1283 2689 1510 2734; x_wconf 85' lang='lat' dir='ltr'><strong>Romanisque</strong></span> <span class='ocrx_word' id='word_1_389' title='bbox 1532 2690 1565 2723; x_wconf 91' lang='lat' dir='ltr'><strong>in</strong></span> <span class='ocrx_word' id='word_1_390' title='bbox 1585 2701 1713 2725; x_wconf 82' lang='lat' dir='ltr'><strong>summa</strong></span> 
     </span>
     <span class='ocr_line' id='line_1_40' title="bbox 252 2733 1712 2778; baseline 0.003 -12"><span class='ocrx_word' id='word_1_391' title='bbox 252 2744 364 2767; x_wconf 87' lang='lat' dir='ltr'><strong>rerum</strong></span> <span class='ocrx_word' id='word_1_392' title='bbox 391 2734 645 2778; x_wconf 84' lang='lat' dir='ltr'><strong>perturbatione</strong></span> <span class='ocrx_word' id='word_1_393' title='bbox 668 2738 703 2767; x_wconf 89' lang='lat' dir='ltr'><strong>et</strong></span> <span class='ocrx_word' id='word_1_394' title='bbox 725 2735 852 2778; x_wconf 80' lang='lat' dir='ltr'><strong>absque</strong></span> <span class='ocrx_word' id='word_1_395' title='bbox 878 2733 946 2767; x_wconf 82' lang='lat' dir='ltr'><strong>ullo</strong></span> <span class='ocrx_word' id='word_1_396' title='bbox 970 2734 1086 2767; x_wconf 84' lang='lat' dir='ltr'><strong>ordine</strong></span> <span class='ocrx_word' id='word_1_397' title='bbox 1112 2734 1258 2768; x_wconf 85' lang='lat' dir='ltr'><strong>inventis</strong></span> <span class='ocrx_word' id='word_1_398' title='bbox 1288 2735 1455 2778; x_wconf 84' lang='lat' dir='ltr'><strong>(necdum</strong></span> <span class='ocrx_word' id='word_1_399' title='bbox 1472 2735 1555 2769; x_wconf 88' lang='lat' dir='ltr'><strong>enim</strong></span> <span class='ocrx_word' id='word_1_400' title='bbox 1571 2737 1712 2770; x_wconf 79' lang='lat' dir='ltr'><strong>sarcinis</strong></span> 
     </span>
     <span class='ocr_line' id='line_1_41' title="bbox 252 2778 1712 2824; baseline 0.002 -12"><span class='ocrx_word' id='word_1_401' title='bbox 252 2778 472 2812; x_wconf 88' lang='lat' dir='ltr'><strong>iumentorum</strong></span> <span class='ocrx_word' id='word_1_402' title='bbox 488 2779 587 2812; x_wconf 88' lang='lat' dir='ltr'><strong>dorsa</strong></span> <span class='ocrx_word' id='word_1_403' title='bbox 603 2780 815 2823; x_wconf 85' lang='lat' dir='ltr'><strong>exuerant),</strong></span> <span class='ocrx_word' id='word_1_404' title='bbox 844 2779 1001 2813; x_wconf 82' lang='lat' dir='ltr'><strong>universa</strong></span> <span class='ocrx_word' id='word_1_405' title='bbox 1029 2780 1207 2813; x_wconf 81' lang='lat' dir='ltr'><strong>confestim</strong></span> <span class='ocrx_word' id='word_1_406' title='bbox 1222 2780 1499 2824; x_wconf 78' lang='lat' dir='ltr'><strong>circumequitans</strong></span> <span class='ocrx_word' id='word_1_407' title='bbox 1515 2787 1626 2815; x_wconf 83' lang='lat' dir='ltr'><strong>castra</strong></span> <span class='ocrx_word' id='word_1_408' title='bbox 1642 2782 1712 2816; x_wconf 89' lang='lat' dir='ltr'><strong>sin-</strong></span> 
     </span>
     <span class='ocr_line' id='line_1_42' title="bbox 253 2824 1713 2871; baseline 0.002 -13"><span class='ocrx_word' id='word_1_409' title='bbox 253 2824 342 2867; x_wconf 76' lang='lat' dir='ltr'><strong>gulis</strong></span> <span class='ocrx_word' id='word_1_410' title='bbox 361 2824 531 2858; x_wconf 87' lang='lat' dir='ltr'><strong>ordinibus</strong></span> <span class='ocrx_word' id='word_1_411' title='bbox 546 2829 768 2869; x_wconf 87' lang='lat' dir='ltr'><strong>opportunum</strong></span> <span class='ocrx_word' id='word_1_412' title='bbox 787 2825 893 2859; x_wconf 87' lang='lat' dir='ltr'><strong>locum</strong></span> <span class='ocrx_word' id='word_1_413' title='bbox 909 2824 1076 2869; x_wconf 83' lang='lat' dir='ltr'><strong>adsignat.</strong></span> <span class='ocrx_word' id='word_1_414' title='bbox 1125 2825 1187 2859; x_wconf 85' lang='lat' dir='ltr'><strong>sed</strong></span> <span class='ocrx_word' id='word_1_415' title='bbox 1216 2836 1280 2858; x_wconf 92' lang='lat' dir='ltr'><strong>non</strong></span> <span class='ocrx_word' id='word_1_416' title='bbox 1305 2826 1403 2871; x_wconf 88' lang='lat' dir='ltr'><strong>pauci</strong></span> <span class='ocrx_word' id='word_1_417' title='bbox 1416 2826 1550 2860; x_wconf 87' lang='lat' dir='ltr'><strong>interim</strong></span> <span class='ocrx_word' id='word_1_418' title='bbox 1566 2840 1586 2860; x_wconf 91' lang='lat' dir='ltr'><strong>e</strong></span> <span class='ocrx_word' id='word_1_419' title='bbox 1600 2827 1713 2861; x_wconf 79' lang='lat' dir='ltr'><strong>militi-</strong></span> 
     </span>
     <span class='ocr_line' id='line_1_43' title="bbox 253 2870 1712 2918; baseline 0.003 -15"><span class='ocrx_word' id='word_1_420' title='bbox 253 2871 316 2903; x_wconf 90' lang='lat' dir='ltr'><strong>bus</strong></span> <span class='ocrx_word' id='word_1_421' title='bbox 332 2874 462 2904; x_wconf 84' lang='lat' dir='ltr'><strong>noctem</strong></span> <span class='ocrx_word' id='word_1_422' title='bbox 476 2870 510 2904; x_wconf 90' lang='lat' dir='ltr'><strong>in</strong></span> <span class='ocrx_word' id='word_1_423' title='bbox 526 2870 620 2916; x_wconf 86' lang='lat' dir='ltr'><strong>equis</strong></span> <span class='ocrx_word' id='word_1_424' title='bbox 635 2875 852 2915; x_wconf 86' lang='lat' dir='ltr'><strong>transegere,</strong></span> <span class='ocrx_word' id='word_1_425' title='bbox 883 2870 974 2916; x_wconf 89' lang='lat' dir='ltr'><strong>quod</strong></span> <span class='ocrx_word' id='word_1_426' title='bbox 1005 2870 1092 2905; x_wconf 88' lang='lat' dir='ltr'><strong>adeo</strong></span> <span class='ocrx_word' id='word_1_427' title='bbox 1121 2871 1301 2917; x_wconf 79' lang='lat' dir='ltr'><strong>compressi</strong></span> <span class='ocrx_word' id='word_1_428' title='bbox 1330 2872 1540 2917; x_wconf 81' lang='lat' dir='ltr'><strong>confertique</strong></span> <span class='ocrx_word' id='word_1_429' title='bbox 1567 2877 1712 2918; x_wconf 73' lang='lat' dir='ltr'><strong>starent,</strong></span> 
     </span>
    </p>
   </div>
  </div>
 </body>
</html>
