1878 3262
736 209 1055 254 PRAEFATIO.
1543 221 1619 252 xxr

162 323 331 377 indidit,
367 338 439 366 seu
462 323 516 366 de
534 326 654 367 rebus
672 325 799 378 gestis
818 325 951 366 Alexii
970 324 1173 368 Comneni
1190 323 1448 382 imperatoris
1466 337 1616 380 paren-

160 394 215 434 tis
237 394 323 445 sui,
369 393 439 448 qui
458 407 538 434 una
558 408 650 435 cum
666 393 824 436 Isaacio
844 392 1057 435 Comneno
1076 393 1290 436 decessore
1311 393 1615 436 Comnenorum

159 462 368 518 potentiae
387 462 499 505 viam
521 463 698 519 aperuit3
724 476 828 517 quos
848 461 1015 517 quidem
1033 464 1113 503 acri
1130 465 1310 520 profecto
1329 475 1451 519 supra
1469 476 1615 502 sexum

159 528 313 571 iudicio
349 543 396 570 ac
427 531 620 583 singulari
646 530 845 583 elegantia
878 531 1129 587 conscripsit.
1198 533 1368 588 quippe,
1418 538 1462 570 ut
1487 529 1616 570 fidem

160 600 312 639 faciunt
335 599 552 655 scriptores
575 600 663 640 eius
686 599 792 650 aevi,
827 599 1032 640 literarum
1054 598 1174 639 laude
1191 601 1375 658 apprime
1396 599 1546 650 floruit,
1569 612 1615 638 ac

161 668 267 708 cultu
295 668 536 723 praesertim
561 668 716 708 Atticae
743 668 989 722 limffiaeque
1019 666 1224 708 dictionis.
1301 667 1446 709 Alexio
1478 674 1617 707 autem

158 736 385 792 imperante
404 750 428 776 e
449 735 581 777 Gallia
602 736 831 778 Normaflni
847 737 891 776 in
915 737 1023 776 illius
1042 736 1281 792 principatu,
1305 743 1472 790 totoque
1484 735 1615 778 Grae-

160 819 299 845 corum
318 805 514 860 imperio,
551 819 642 845 cum
660 806 704 845 in
723 805 862 856 Italia,
898 812 1019 860 atque
1042 803 1147 845 adeo
1166 804 1211 844 in
1229 803 1460 853 Dalmatia,
1495 818 1616 860 prae-

159 873 276 913 claris
321 873 490 928 patratis
522 874 768 914 facinoribus
797 873 1015 929 plurimum
1048 874 1338 923 inclaruerunt,
1393 879 1480 912 tum
1514 886 1614 913 vero

158 941 421 997 potissimum
438 941 594 992 Franci,
616 956 708 981 cum
724 942 776 982 iis
799 941 1016 983 Gotefrido
1039 940 1140 982 duce
1161 942 1204 981 in
1223 940 1499 982 Palaestinam
1516 954 1614 995 pro-

156 1010 392 1066 perantibus
411 1010 577 1050 Alexius
599 1010 777 1061 obstitit,
810 1010 879 1065 qui
899 1025 983 1050 non
1005 1011 1134 1050 semel
1151 1024 1243 1049 cum
1261 1009 1418 1061 ingenti
1445 1022 1612 1049 suorum

158 1085 291 1130 strage
310 1079 494 1134 repulsus
514 1085 589 1119 est.
657 1079 777 1118 rebus
796 1077 968 1134 proinde
985 1079 1108 1135 ipsis,
1145 1091 1246 1134 quas
1273 1092 1366 1118 cum
1394 1075 1515 1117 laude
1538 1075 1613 1117 de-

159 1146 329 1201 scripsit,
360 1153 401 1185 et
421 1146 548 1188 variis
568 1147 771 1202 utrimque
793 1161 885 1187 cum
904 1147 1148 1204 imperatore
1166 1148 1283 1188 vafro
1300 1146 1414 1186 initis
1432 1143 1614 1186 foederi-

157 1215 232 1254 bus
253 1214 446 1266 interfuit,
476 1215 683 1270 oculisque
703 1216 806 1271 ipsis
828 1217 1044 1272 plerosque
1062 1215 1273 1271 usurpavit
1290 1229 1343 1255 ex
1360 1214 1510 1255 inclitis
1530 1214 1612 1254 iuis

156 1281 325 1323 ducibus
353 1296 398 1322 ac
426 1284 520 1324 belli
543 1284 801 1335 fulminibus,
837 1299 1010 1339 quorum
1030 1285 1200 1340 appulsu
1226 1282 1378 1325 Oriens
1403 1290 1513 1323 totns
1540 1297 1612 1323 co-

152 1351 324 1391 horruit.
370 1352 466 1406 quin
486 1359 527 1392 et
551 1353 802 1404 singulorum
823 1353 984 1394 notavit
1002 1353 1190 1403 nomina,
1221 1350 1462 1404 dignitatem
1485 1364 1612 1403 gene-

155 1420 211 1460 ris
233 1427 274 1460 et
295 1433 399 1474 quae
420 1420 613 1472 gerebant
640 1434 809 1461 munera
829 1419 1072 1473 designavit.
1137 1420 1507 1461 illustrissimorum
1531 1420 1611 1460 hoc

153 1502 229 1544 par
276 1489 492 1541 coniugum
535 1502 756 1544 eorumque
793 1491 960 1530 annales
998 1504 1022 1529 e
1049 1489 1228 1529 tenebris
1253 1489 1409 1545 primus
1440 1488 1544 1528 eruit
1569 1495 1612 1528 et

153 1556 344 1597 Romana
373 1557 537 1598 civitate
563 1555 733 1598 donavit
758 1557 901 1598 Petrus
926 1557 1125 1598 Possinus
1145 1557 1239 1599 Soc.
1266 1556 1362 1597 Iesu
1378 1556 1609 1609 Presbyter,

151 1625 217 1666 vir
245 1625 452 1680 utriusque
486 1626 647 1678 linguae
674 1626 946 1682 peritissimus
978 1634 1018 1666 et
1044 1626 1159 1667 omni
1186 1623 1427 1666 eruditionis
1459 1638 1608 1676 genere

151 1693 507 1745 instructissimus,
556 1694 646 1748 qui,
696 1702 741 1734 ut
779 1696 906 1734 multa
946 1695 1026 1735 alia
1061 1694 1300 1751 scriptorum
1327 1700 1607 1743 monumenta,

154 1760 321 1813 Georgii
341 1762 603 1815 Pachymeris
622 1763 840 1803 historiam
867 1777 890 1803 a
914 1777 959 1803 se
980 1764 1198 1803 luculenter
1217 1762 1477 1812 illustratam,
1514 1760 1607 1800 diu-

151 1843 232 1884 que
259 1830 310 1869 ab
341 1830 509 1871 eruditis
538 1839 838 1887 exspectatam,
873 1832 952 1872 hoc
977 1833 1069 1887 ipso
1099 1830 1269 1871 tandem
1290 1845 1370 1885 quo
1391 1830 1606 1870 scribimus

152 1911 260 1938 anno
279 1899 367 1939 luce
385 1899 544 1955 publica
566 1897 749 1940 donavit.
817 1899 1056 1940 Alexiatlem
1075 1899 1285 1940 Annaeam
1312 1898 1463 1954 excipit
1482 1897 1606 1938 Ioan-

151 1980 224 2006 nes
242 1964 463 2008 Cinnamus
482 1967 767 2023 imperatorius
788 1969 1088 2019 grammaticus,
1124 1968 1193 2022 qui
1214 1968 1265 2007 ab
1285 1980 1456 2007 excessu
1474 1965 1604 2005 Alexii

151 2032 353 2074 Comneni
373 2036 654 2091 imperatoris,
698 2036 838 2076 Annae
861 2037 1064 2092 parentis,
1098 2036 1315 2075 historiam
1340 2048 1458 2075 suam
1481 2048 1604 2074 exor-

150 2116 241 2153 sus,
276 2117 422 2158 resque
444 2104 495 2142 ab
511 2103 667 2144 Ioanne
695 2104 963 2160 imperatore,
997 2104 1129 2144 Alexii
1147 2104 1234 2144 filio
1253 2111 1293 2144 et
1314 2103 1453 2143 Annae
1469 2104 1604 2153 fratre,

149 2170 318 2226 carptim
336 2179 377 2211 et
395 2172 499 2211 libro
521 2172 640 2212 unico
660 2173 909 2227 complexus,
941 2186 1011 2213 eas
1031 2172 1292 2228 potissimum
1315 2169 1602 2212 describendas

149 2239 348 2296 suscepit,
391 2253 496 2295 quae
527 2239 719 2280 Manutile
748 2239 983 2291 comneno,
1025 2240 1193 2282 Ioannis
1220 2240 1330 2291 filio,
1373 2240 1600 2295 imperante

146 2305 351 2359 accidere,
385 2322 477 2349 cum
507 2315 548 2348 et
578 2309 632 2348 iis
658 2308 902 2360 interfuerit,
937 2309 1096 2365 ipsique
1116 2309 1299 2350 Manue‘li
1319 2309 1520 2357 militarit,
1557 2307 1600 2346 in

147 2377 338 2417 onmibus
358 2390 459 2431 quas
476 2377 546 2417 ille
567 2377 670 2418 obiit
687 2376 1016 2432 expeditionibus
1034 2376 1260 2418 fidissimus
1278 2391 1430 2417 comes.
1474 2390 1597 2416 nemo

146 2458 268 2500 porro
284 2458 339 2485 ex
358 2452 421 2485 tot
440 2446 687 2502 principibus
710 2446 779 2500 qui
802 2445 1154 2502 Constantinopoli
1170 2447 1432 2502 imperarunt,
1452 2444 1495 2483 in
1515 2444 1596 2484 La-

144 2513 256 2553 tinos
279 2527 408 2567 aeque
422 2528 627 2570 propenso
645 2514 721 2554 fuit
739 2515 890 2566 animo,
917 2522 1037 2569 atque
1055 2514 1222 2555 Manue‘l
1236 2545 1246 2565 ,
1271 2528 1362 2553 cum
1383 2520 1424 2553 et
1444 2525 1594 2552 uxores

145 2580 283 2621 Latini
300 2582 460 2633 generis
479 2583 597 2622 binas
626 2582 704 2622 sibi
721 2581 951 2623 adiunxerit
974 2590 1014 2623 et
1033 2597 1125 2622 cum
1143 2583 1299 2622 Latinis
1320 2580 1484 2622 foedera
1501 2581 1593 2636 plu-

143 2649 248 2688 rima
268 2650 469 2705 pepigerit
486 2658 527 2690 et
538 2649 769 2692 conradum
787 2652 1075 2708 imperatorem
1088 2650 1375 2692 Germanicum
1390 2650 1434 2689 in
1453 2648 1594 2688 castris

143 2717 343 2771 primum,
382 2717 531 2759 deinde
559 2718 878 2776 Hadrianopoli3
929 2734 975 2759 ac
1010 2733 1148 2772 regem
1188 2719 1363 2775 denique
1397 2718 1593 2758 Franciae

144 2783 399 2826 Ludovicum
416 2786 502 2828 Vll
520 2786 873 2844 Constantinopoli
890 2789 1094 2844 exceperit
1112 2789 1327 2842 magnifice
1338 2820 1349 2838 ,
1383 2787 1593 2842 ipsiusque

145 2850 348 2896 Ludovici
375 2855 505 2896 filiam
522 2857 720 2909 Agnetem
738 2857 881 2899 Alexio
914 2858 1000 2899 filio
1029 2858 1072 2899 in
1102 2871 1275 2900 uxorem
1304 2854 1520 2912 expetierit
1551 2859 1592 2892 et
