1878 3262
253 201 350 248 172
460 201 536 243 ΑΙ)
572 198 866 243 COMMENT.
901 198 1207 242 NICEPHORI
1235 200 1503 245 BRYENNII

248 310 467 374 perimenta
487 309 800 348 manifestissima
821 307 1164 360 deprehendimus.
1220 322 1303 348 non
1319 316 1379 350 est
1396 312 1520 363 igitur
1540 312 1716 351 incredi-

248 367 325 405 bile
352 366 544 417 scriptum
573 380 595 403 a
613 366 814 418 Bryennio
836 367 1128 419 παραπλαγείς,
1154 378 1273 417 quam
1292 378 1432 407 vocem
1455 369 1716 422 descriptores

248 422 421 461 deinde'
410 437 452 461 m
469 420 659 472 πολλάκις
678 422 1002 463 deformaverint

356 538 398 576 Ρ.
423 528 471 566 11
497 538 535 564 V.
560 527 626 567 16.
683 524 791 575 quod
809 538 883 564 nos
902 524 1194 577 rescripsimus:
1223 520 1323 566 move
1349 527 1405 581 τῷ
1429 528 1505 566 τοῦ
1533 522 1715 577 α’δελφου

243 577 389 636 θρόνῳ
406 596 478 622 τον
498 584 808 623 Κωνσταντῖνον
830 579 1138 635 ἔγκαθιδρύσαι,
1177 581 1220 619 in
1244 581 1355 620 hunc
1378 582 1542 621 modum
1560 583 1715 635 legeba-

244 644 313 676 tur
329 638 371 676 in
392 637 550 688 codice,
581 634 680 679 ὥστε
702 641 761 694 τῷ
780 654 852 679 του
876 637 1057 685 οἷδελφοῦ
1077 635 1218 692 θρόνῳ
1243 641 1388 680 τοῦτον
1414 637 1712 692 ἐγκαθιδρύσαι.

241 694 286 732 111
306 694 449 745 quibus
472 694 619 734 iterum
639 680 941 735 confunduntui
960 695 1211 734 Constantini
1237 695 1341 744 duo,
1382 702 1549 747 patruus
1570 702 1611 734 et
1629 696 1714 734 sra-

242 750 317 789 tris
335 751 451 791 filius.
510 765 633 803 quare
659 765 742 791 non
773 752 1000 791 dubitamus
1027 752 1124 804 quin
1149 752 1236 790 loco
1269 752 1379 791 vocis
1396 755 1540 793 τοῦτον
1568 753 1714 791 rescri-

241 807 419 846 bendum
445 809 588 859 fuerit,
624 814 671 847 ut
696 809 880 859 fecimus,
919 807 991 851 τὸν
1019 812 1349 849 Κωνσταντῖνον..
1400 815 1460 848 est
1488 814 1620 848 autem
1647 807 1714 848 hic

242 865 526 905 Constantinus
570 865 770 904 Michaelis
809 867 939 904 Ducae
972 865 1222 918 imperatoris
1254 866 1388 905 frater.
1468 866 1553 914 cui,
1604 866 1714 917 quod

243 921 466 973 Bryennius
489 923 668 973 superius
696 923 819 961 refert
842 937 927 975 pag.
946 926 985 965 7.
1017 922 1179 962 Alexius
1197 922 1407 973 imperium
1423 923 1577 961 deferre
1596 936 1713 961 cona-

245 984 312 1016 tus
331 985 426 1018 erat.
483 979 562 1017 hoc
585 993 682 1018 vero
709 979 798 1018 loco
827 980 998 1031 scriptor
1026 985 1163 1018 noster
1189 992 1241 1017 ex
1264 979 1340 1018 ista
1367 980 1449 1018 eius
1465 980 1507 1017 in
1525 979 1713 1019 familiam

244 1034 446 1074 Ducarum
479 1036 750 1075 demonstrata
777 1037 940 1075 caritate
968 1036 1180 1074 confirmat
1204 1036 1248 1073 id
1278 1036 1387 1087 quod
1415 1050 1523 1075 nunc
1545 1049 1713 1087 persua-

244 1091 339 1129 dere
362 1092 530 1141 nititur,
572 1092 621 1129 de
652 1093 786 1130 studio
808 1094 960 1131 sincero
983 1093 1110 1132 Alexii
1136 1093 1311 1131 eiusdem
1338 1094 1381 1132 in
1407 1093 1712 1132 Constantinum

242 1148 436 1187 minorem
456 1147 655 1187 Michaelis
676 1149 806 1187 Ducae
822 1150 962 1188 filium.

354 1263 395 1302 p.
415 1253 469 1292 20
488 1264 526 1289 v.
545 1253 612 1292 22.
671 1248 880 1303 βασιλικὸν
902 1248 1097 1292 εἰσελθων
1114 1251 1138 1291 δ
1140 1246 1322 1305 ρόμωνα,
1351 1252 1394 1289 in
1411 1252 1491 1291 MS.
1510 1260 1598 1292 erat
1615 1252 1711 1307 δρό-

239 1322 359 1358 μηνα.
418 1306 460 1345 id
489 1321 562 1345 nos
593 1307 838 1346 correximus
870 1322 921 1346 ex
944 1267 1320 1355 Α1οΧ13ᾶορ,Α1111ε10
1350 1309 1418 1346 ubi
1449 1311 1601 1362 saepius
1627 1325 1710 1350 vox

238 1359 398 1415 δρόμων
426 1377 500 1415 pro
523 1365 637 1404 navis
658 1378 798 1416 genere
816 1371 1058 1417 usurpatur,
1087 1364 1290 1404 interdum
1310 1366 1428 1404 etiam
1451 1380 1542 1405 cum
1563 1367 1709 1406 adiun—

238 1425 304 1458 cto
329 1418 544 1474 βασιλικός.

90 1520 120 1555 P
147 1522 214 1559 112
350 1536 388 1574 p.
407 1526 462 1565 23
481 1537 522 1565 v.
548 1527 612 1565 19.
667 1522 699 1577 ἦ
727 1522 874 1566 τούτου
904 1523 1098 1572 σύνοικος
1129 1520 1312 1564 Εὕδοκία
1338 1521 1414 1564 σΰν
1444 1521 1612 1576 Μιχαὴλ
1639 1524 1707 1566 καὶ

236 1580 504 1634 Κωνσταντίῳ
524 1584 607 1628 τοῖς
625 1582 752 1621 παισί.
810 1581 865 1619 sic
886 1580 983 1619 haec
1001 1581 1042 1619 in
1062 1581 1144 1619 MS.
1164 1581 1407 1632 legebantur.
1454 1594 1526 1619 nos
1547 1594 1637 1619 cum
1657 1595 1708 1620 ex

235 1635 312 1674 hac
327 1636 479 1686 reliqua
500 1636 668 1675 historia
692 1638 880 1675 sciremus
902 1643 985 1675 tres
1001 1637 1162 1675 relictos
1181 1637 1411 1689 superstites
1430 1636 1531 1675 filios
1558 1651 1580 1674 a
1599 1638 1708 1676 Con-

235 1693 412 1730 stantino
440 1693 570 1743 Duca,
611 1694 684 1731 sub
715 1708 810 1732 cura
841 1694 1040 1732 Eudociae
1072 1694 1230 1743 matris3
1278 1706 1352 1731 nec
1377 1693 1506 1732 ullum
1536 1708 1588 1732 ex
1613 1694 1707 1745 ipsis

236 1749 514 1788 Constantium
529 1756 736 1800 vocatum,
767 1757 807 1789 et
826 1749 1045 1788 Andronici
1062 1750 1326 1801 praetermissi
1348 1750 1589 1788 mentionem
1609 1763 1707 1803 sup-

233 1806 451 1856 plevimus,
481 1812 521 1844 et
540 1807 762 1845 Constantii
793 1807 1092 1858 appellationem
1121 1806 1173 1843 ad
1200 1819 1341 1845 verum
1373 1807 1481 1845 tertii
1511 1806 1708 1846 Eudociae

233 1862 305 1900 filii
332 1875 476 1901 nomen
504 1863 749 1902 reduximus.
807 1863 917 1914 quod
933 1862 1224 1914 reprehendere
1245 1863 1387 1914 opinor
1409 1876 1524 1901 nemo
1543 1864 1707 1915 poterit,

235 1920 305 1968 qui
323 1918 397 1957 hos
415 1921 719 1959 commentarios
742 1926 783 1959 et
805 1926 956 1958 ceteros
974 1921 1141 1959 istorum
1159 1926 1386 1972 temporum
1403 1921 1614 1973 scriptores
1635 1934 1705 1959 ac·—

236 1982 373 2014 curate
397 1977 545 2028 legerit.

94 2075 123 2109 P
149 2076 215 2111 113
351 2080 390 2118 Ρ
408 2070 460 2109 31
481 2080 520 2106 v.
540 2071 578 2109 3.
636 2067 844 2120 πατρίκιος
867 2064 1076 2117 Στέφανος
1097 2067 1406 2109 Κωνσταντίνου
1429 2083 1500 2108 του
1523 2068 1704 2134 παραδυ-

236 2120 503 2187 ναστεύοντος
531 2126 588 2179 τῷ
622 2121 710 2164 τότε
737 2125 908 2176 βασιλεῖ,
945 2121 991 2164 ὃν
1018 2124 1087 2165 καὶ
1104 2125 1351 2165 Λεικουδίαν
1379 2121 1570 2173 ἐκάλουν,
1597 2120 1702 2171 υἱός.

236 2179 292 2218 sic
316 2180 559 2218 restituimus
584 2180 693 2219 hunc
719 2181 852 2219 locum
871 2194 921 2219 ex
938 2180 1116 2220 cedreno
1134 2194 1218 2232 pag.
1237 2184 1333 2224 769.
1354 2181 1447 2220 edit.
1467 2194 1545 2232 reg.
1565 2186 1702 2219 noster

216 2236 363 2274 ‘codex
386 2237 441 2274 sic
460 2236 650 2275 habebat:
679 2236 890 2288 Στέφανος
913 2237 983 2278 καὶ
1009 2254 1032 2278 ο
1054 2241 1360 2286 Κωνσταντῖνος
1378 2253 1449 2278 του
1472 2238 1703 2289 παραδυνα·

235 2290 446 2341 στεύοντος
465 2296 520 2349 τῷ
536 2289 621 2334 τότε
641 2295 818 2346 βασιλεῖ,
848 2292 893 2335 ὃν
910 2294 980 2334 καὶ
998 2295 1244 2335 Λεικουδίαν
1265 2292 1454 2344 ἐκάλουν,
1483 2297 1611 2343 θεῖος.
1668 2294 1701 2332 si

229 2363 302 2401 per
327 2350 477 2388 librarii
509 2350 636 2388 nostri
665 2356 728 2388 tot
749 2351 1026 2402 experimentis
1054 2357 1296 2403 compertam
1323 2350 1567 2389 oscitantiam
1590 2356 1702 2389 certo

231 2406 329 2444 mihi
368 2407 606 2459 persuadere
638 2420 792 2458 possem
823 2421 961 2446 vocem
993 2412 1108 2455 θεῖος
1138 2422 1161 2445 a
1190 2408 1388 2459 Bryennio
1420 2406 1589 2459 positam
1621 2406 1700 2445 hoc

229 2463 341 2512 loco,
371 2477 454 2501 non
475 2463 698 2503 dubitarem
716 2463 836 2502 huius
857 2465 1135 2503 auctoritatem
1159 2464 1324 2503 Cedreni
1342 2464 1562 2502 testimonio
1579 2476 1696 2515 prae-

231 2520 352 2568 ferre,
384 2526 424 2558 et
443 2520 689 2572 Stephanum
715 2522 962 2559 Constantini
991 2528 1181 2573 patruum
1203 2528 1273 2559 aut
1289 2520 1527 2559 avunculum
1554 2521 1696 2559 dicere.

231 2575 439 2626 Xylander
465 2577 507 2615 in
535 2578 640 2616 notis
670 2577 722 2615 ad
749 2590 839 2616 eum
861 2578 1029 2616 Cedreni
1059 2579 1190 2616 locum
1208 2577 1447 2624 Λεικουδίας
1474 2590 1611 2616 vocem
1630 2576 1696 2616 hic

231 2632 401 2684 positam
417 2638 548 2672 terrae
570 2640 639 2672 aut
656 2627 816 2673 ditionis
833 2648 978 2674 nomen
995 2648 1075 2673 esse
1092 2640 1232 2687 putat,
1273 2634 1411 2671 merito
1436 2633 1696 2686 reprehensus

231 2703 255 2726 a
276 2689 424 2728 Goare:
454 2690 522 2740 qui
552 2696 684 2729 tamen
706 2693 809 2730 forte
839 2706 921 2730 non
940 2692 1089 2730 felicius
1108 2690 1337 2730 Lichudiam
1358 2690 1473 2728 fuisse
1491 2691 1695 2730 mulierem

233 2745 446 2797 existimat3
480 2746 639 2786 videtur
660 2748 763 2786 enim
783 2748 882 2787 nihil
902 2749 977 2788 nisi
996 2760 1209 2800 cognomen
1229 2747 1473 2787 Constantini
1491 2760 1583 2798 esse,
1601 2747 1693 2787 arti-
