1878 3262
389 700 824 747 ILLUSTRISSIMO
858 700 1006 744 VIRO
1040 698 1274 742 DOMINO
1309 700 1365 742 D.

134 811 491 884 IOANNI
515 806 1092 881 BAPTISTAE
1122 806 1612 893 COLBERT,

234 948 457 1009 'REGI
495 948 609 1007 AB
650 947 1009 1005 INTIMIs
1053 945 1504 1027 CONSILIIS

557 1071 675 1130 ET
715 1070 1194 1144 SECRETIS‚

132 1198 544 1253 GENERALI
611 1195 957 1247 AERARII
1022 1195 1611 1265 MODERATORI‚

279 1319 516 1365 SUMMO
550 1316 924 1375 RE'GIORUM
956 1314 1465 1362 AEDIFICIORUM

655 1421 1092 1467 PRAEFECTO,

131 1519 571 1572 REGIORUM
642 1515 1031 1566 ORDINUM
1102 1515 1613 1585 QUAESTORI,

484 1635 806 1681 MARCHIONI
838 1635 915 1678 DE
949 1632 1257 1680 SEIGNELAY

386 1745 756 1798 CAROLUS
799 1745 906 1795 DU
947 1745 1255 1797 FRESNE
1298 1748 1353 1797 F.

127 2065 294 2146 Exigit
325 2092 454 2134 officii
478 2092 565 2134 mei
594 2092 723 2146 ratio,
757 2093 824 2136 vir
852 2092 1152 2146 illustrissime,
1187 2100 1234 2134 ut
1260 2092 1510 2147 vulgandam
1539 2096 1604 2137 lu-

128 2163 411 2203 cubrationem
443 2162 550 2202 hanc
582 2175 722 2204 meam
749 2163 942 2220 auspiciis
971 2177 1058 2204 non
1088 2163 1180 2204 aliis
1203 2165 1460 2205 committam
1480 2179 1604 2221 quam

127 2230 253 2283 Tuis,
289 2231 403 2272 cuius
427 2230 706 2272 moderationi
722 2233 1032 2288 auctoritatique
1050 2233 1294 2290 praecipuae
1316 2232 1603 2290 quodcumque

124 2299 170 2340 in
200 2314 245 2340 re
282 2300 439 2341 aeraria
469 2315 620 2342 munus
651 2315 772 2353 gero,
809 2301 1036 2342 subiectum
1061 2310 1138 2343 est.
1207 2309 1329 2358 atque
1351 2302 1405 2343 ad
1421 2304 1603 2360 patroci-

124 2369 241 2409 nium
277 2367 446 2424 quidem
471 2369 609 2411 Tuum
641 2384 741 2427 prae
775 2370 920 2411 ceteris
944 2369 1212 2412 ambiendum
1236 2385 1329 2412 cum
1350 2370 1395 2412 id
1414 2386 1483 2413 me
1500 2373 1601 2414 satis

123 2451 199 2493 per
226 2451 272 2478 se
298 2452 499 2494 superque
520 2439 727 2495 impellat,
763 2446 851 2480 tum
869 2437 1052 2481 adducor
1073 2440 1262 2497 inprimis
1285 2454 1427 2482 amore
1450 2454 1496 2481 ac
1514 2449 1603 2482 stu-

124 2504 196 2546 dio
224 2507 306 2547 isto
335 2507 552 2559 singulari,
589 2521 669 2564 quo
703 2515 744 2549 et
767 2508 908 2549 literas
942 2516 983 2549 et
1013 2507 1197 2550 literatos
1227 2510 1343 2550 omni
1365 2508 1459 2551 data
1482 2524 1602 2552 occa-

123 2574 242 2615 sione
262 2576 537 2631 prosequeris.
606 2590 686 2632 qua
705 2576 818 2618 enim
836 2592 880 2619 es
898 2577 1168 2635 amplitudine
1187 2578 1337 2630 animi,
1358 2594 1444 2621 non
1463 2580 1602 2622 minus

121 2642 168 2682 in
188 2644 419 2684 liberalium
441 2659 566 2700 quam
584 2645 630 2686 in
650 2653 876 2687 ceterarum
895 2647 1022 2688 etiam
1044 2646 1288 2689 inferiorum
1308 2649 1458 2689 artium
1478 2663 1603 2689 reno-

123 2712 337 2753 vationem
364 2713 585 2756 incubuisti
613 2714 835 2756 hactenus:
885 2723 927 2757 et
965 2724 1163 2772 quantum
1191 2717 1399 2759 felicitatis
1430 2717 1602 2759 attulisti

123 2777 297 2821 advecta
320 2796 395 2838 per
422 2783 500 2825 has
526 2784 736 2826 restitutas
765 2798 903 2826 rerum
934 2785 1122 2826 omnium
1161 2786 1398 2839 affluentia,
1439 2793 1600 2828 tantum

123 2844 285 2891 decoris
302 2850 465 2894 illarum
482 2853 711 2911 patrocinio
733 2853 961 2897 conciliasti
980 2869 1108 2911 regno
1125 2855 1345 2909 universo,
1384 2855 1499 2897 cuius
1518 2870 1599 2899 no·-
