1878 3262
270 205 338 252 68
700 196 1010 245 NICEPHORI
1034 199 1303 243 BRYENNII
1345 231 1348 235 ,

272 323 433 362 νοῧνται
466 315 510 358 δὲ
538 314 651 373 παρὰ
677 318 842 372 σοφῶν,
876 314 1164 370 μακαρίζονται
1192 313 1236 355 δὲ
1255 311 1367 371 παρὰ
1388 310 1560 357 πάντων.
1629 312 1668 354 οἶ
1691 311 1736 354 δὲ

275 391 384 442 σφᾶς
409 385 555 435 αὖτοὺς
579 382 795 441 προδόντες
818 385 873 432 εἷς
898 384 1081 424 δουλείαν
1102 381 1128 436 ἢ
1149 383 1331 424 κίνδυνον
1350 380 1481 438 πάσης
1501 379 1737 438 συγγνώμης

275 453 413 510 πόρρω
435 448 688 509 τυγχάνουσι,
710 451 984 503 ταλανίζονται
1008 451 1051 492 δὲ
1073 451 1187 507 παρὰ
1210 449 1369 492 πάντων
1391 455 1462 505 τῆς
1482 449 1736 504 ἀθλιότητος.

275 522 368 563 ἀλλ’
394 521 420 576 ἢ
442 525 574 571 καλῶς
597 523 664 576 ζῆν
685 521 711 575 ἢ
738 524 871 570 καλῶς
896 520 1130 574 τεθνηκέναι
1150 520 1240 561 δέον
1262 525 1444 570 σκοπεῖν,
1479 523 1595 561 τοῦτο
1617 518 1666 573 δὴ
1689 517 1735 559 τὸ

275 595 349 632 τοῦ
378 588 512 646 λόγου.
582 591 623 632 εἷ’
636 607 674 631 τι
698 584 768 631 οὖν
786 590 873 643 ἐμοὶ
893 590 1109 639 πείθεσθε,
1146 586 1256 638 ὅσοις
1286 588 1358 641 μὲν
1390 586 1495 629 ὅπλα
1531 587 1769 642 ἀγχέμαχαό

276 657 465 715 πρόσεστι
495 657 689 713 λαβόντες
717 662 845 700 ταῦτα
876 657 977 714 πρὸς
1006 661 1056 713 τῇ
1079 654 1204 713 ἐξόδῳ
1226 661 1407 709 στῶμεν,
1442 654 1552 705 ὅσοις
1576 655 1619 696 δὲ
1639 653 1738 704 τόξα

225 724 255 759 Β
278 729 344 769 καὶ
373 724 472 782 βέλη
505 729 567 769 ἐπὶ
598 727 693 777 τοὺς
724 725 900 783 ὀρόφους
935 724 1147 767 ἄνι’τωσαν.
1215 725 1260 766 τὸ
1285 725 1327 766 δὲ
1349 724 1518 779 θητικὸν
1542 722 1650 765 ἅπαν.
1671 723 1739 764 καὶ

278 794 502 849 ἀπόλεμον,
538 798 605 838 καὶ
637 794 723 837 ὅσοι
757 796 964 848 πολεμικοὶ
994 795 1067 847 μέν
1099 796 1197 836 εἰσιν
1223 794 1358 835 ἵππων
1385 793 1427 834 δ’
1454 793 1650 849 ἀποροῦσι
1672 793 1741 832 καὶ

277 864 347 920 ἐφ’
385 862 562 918 ἡμιόνων
596 864 807 918 ὀχοῦνται,
856 861 1066 917 στήτωσαν
1094 860 1210 916 ἡμῶν
1245 860 1426 904 ὄπισθεν.
1495 859 1580 903 εἶτα
1609 859 1741 913 οἱμὲν

258 932 436 984 Υἄνωθεν
467 931 519 974 τὰ
545 931 644 987 βέλη
676 933 939 986 πεμπέτωσαν
974 932 1037 972 ἐπὶ
1068 930 1163 980 τοὺς
1192 932 1428 984 πολεμίους,
1465 930 1579 972 αὐτοὶ
1602 931 1645 971 δὲ
1665 928 1740 978 τὰς
1753 936 1797 970 10

277 999 408 1051 πύλας
431 1000 751 1051 ἀναπετάσαντες
765 1004 963 1057 χωρῶμεν
985 999 1078 1041 κατ’
1105 999 1237 1040 αὐτῶν
1258 996 1517 1056 σφοδροτάτῃ
1537 996 1643 1055 ῥύμῃ
1662 1001 1742 1040 τῶν

272 1069 420 1111 ἵππων.
491 1069 649 1111 ἐπειδὰν
668 1070 709 1110 δ)
737 1070 874 1110 ἕκεῒνοι
897 1064 1107 1125 φεύγοντες
1130 1066 1266 1123 πόρρω
1286 1072 1366 1109 τῶν
1390 1065 1577 1117 διεξόδων
1599 1067 1742 1122 γένων-

278 1155 369 1188 ται,
419 1137 459 1177 οἵ
488 1154 529 1178 τε
565 1136 723 1178 ἄνωθεν
754 1136 863 1185 ὄντες
894 1134 1142 1190 καταβάντες
1172 1138 1238 1177 καὶ
1265 1134 1533 1189 ἱππασάμενοι
1553 1137 1744 1185 ε’ξίτωσαν
1797 1175 1810 1181 ,

279 1207 346 1246 καὶ
367 1204 412 1247 τὸ
436 1204 574 1247 λοιπὸν
596 1205 907 1247 συνεπέσθωσαν
920 1207 1092 1259 πλῆθος.
1161 1204 1397 1246 ἄπέστωσαν
1423 1204 1466 1245 δὲ
1490 1208 1562 1258 τῆς
1586 1202 1685 1245 ὁδοῦ
1702 1204 1744 1244 ἐν

156 1278 190 1313 V
212 1278 258 1314 33
280 1272 388 1323 τάξει
411 1271 618 1330 φάλαγγος
639 1272 945 1327 καθιστάμενοι.
1014 1272 1118 1326 πλὴν
1148 1270 1296 1313 ἅπασιν
1317 1271 1419 1314 ἴστω
1438 1272 1587 1322 σκοπὸς
1608 1265 1664 1321 εἷς
1685 1272 1742 1325 μὴ
1757 1276 1799 1312 15

228 1348 259 1381 C
282 1345 470 1384 διαλῦσαι
511 1343 585 1397 τὴν
624 1341 737 1393 τάξιν
767 1343 871 1397 μηδὲ
903 1343 1263 1395 διασκεδασθῆναι.
1332 1340 1424 1381 ἀλλ’
1451 1341 1611 1382 ἐπειδὰν
1632 1338 1746 1394 ἡμεῖς

279 1411 385 1454 κατὰ
408 1416 488 1453 τῶν
512 1412 711 1464 πολεμίων
726 1414 944 1467 χωρῶμεν,
980 1409 1061 1451 οἵδ’
1092 1409 1297 1451 ἀπίτωσαν
1318 1407 1479 1463 βάδην,
1513 1408 1673 1451 ἐπειδὰν
1698 1408 1742 1450 δ’

280 1481 318 1522 οἷ
350 1480 532 1533 πολέμιοι
564 1480 668 1521 καθ’
703 1477 820 1533 ἡμῶν
848 1476 1146 1535 ἔξορμήσωσιν,
1201 1476 1487 1531 ἓστηκέτωσαν.
1555 1477 1670 1533 ἔγγὺς
1702 1477 1771 1526 δὲ,

279 1548 405 1589 ὄντων
424 1552 504 1589 τῶν
527 1551 760 1598 στενωπῶν,
796 1547 956 1589 ἐπειδὰν
989 1548 1030 1588 ἓν
1060 1546 1201 1596 αὐταῖς
1225 1542 1439 1601 γενώμεθα
1460 1544 1629 1597 πάντες,
1664 1550 1745 1587 τῶν

274 1614 409 1658 ἵππων
430 1614 751 1669 ἀποβησώμεθα.
799 1638 802 1642 ·
821 1617 888 1656 καὶ
911 1616 1104 1667 πείθομαι
1125 1615 1184 1669 μὴ
1206 1613 1256 1655 ἂν
1273 1614 1368 1663 τοὺς
1386 1615 1601 1667 πολεμίους
1617 1622 1802 1656 κατα-20

279 1689 480 1739 τολμῆσαι
500 1684 668 1738 πλησίον
688 1682 804 1739 ἡμῶν
821 1682 1053 1740 γενέσθαι.”

371 1769 406 1804 3.
432 1762 497 1812 δὲ]
520 1768 600 1802 Hoc
622 1766 749 1801 addidi.
818 1765 851 1804 5.
874 1766 1068 1810 πείθεσθε]
1091 1765 1146 1799 Ita
1168 1766 1209 1799 P.
1234 1774 1298 1810 pro
1320 1764 1536 1802 πείθεσθαι.
1606 1768 1662 1803 13.
1679 1763 1747 1809 ἐξί-

372 1816 522 1858 τωσαν]
553 1814 599 1847 V.
625 1810 831 1854 ἐξιέτωσαν.
972 1814 1026 1848 14.
1050 1810 1291 1857 ἅπέστωσαν]
1322 1811 1462 1847 Bekker
1485 1808 1748 1848 ἄπτέσθωσαν.

376 1861 431 1895 17.
459 1857 665 1903 ἀπίτωσαν]
692 1860 736 1893 V.
763 1855 987 1893 ἄπιὲτωσαν.

281 1927 430 1963 rositatis
455 1939 538 1961 suae
563 1927 709 1960 fructum
727 1925 818 1960 illum
833 1927 1009 1968 referunt,
1038 1928 1078 1960 ut
1094 1925 1383 1961 commiseratione
1399 1927 1442 1961 ab
1458 1925 1619 1969 indoctis,
1648 1925 1750 1960 laude

280 1986 301 2008 a
319 1973 527 2019 sapientibus
542 1972 635 2017 digni
650 1972 861 2015 iudicentur,
888 1973 1004 2006 felices
1017 1982 1100 2006 vero
1116 1973 1356 2017 praedicentur
1371 1974 1414 2006 ab
1432 1973 1596 2006 omnibus.
1641 1976 1678 2006 at
1692 1972 1750 2017 qui

282 2030 321 2055 se
344 2020 436 2065 ipsos
463 2020 591 2064 ignave
613 2018 741 2052 dedunt
761 2018 796 2052 in
819 2018 1018 2052 servitutem
1039 2022 1099 2052 aut
1123 2019 1304 2063 periculum
1321 2019 1428 2052 omnis
1443 2019 1505 2052 sibi
1522 2018 1641 2053 veniae
1655 2028 1751 2062 spem

283 2065 504 2110 praecidunt,
534 2064 759 2109 illaudatique
773 2075 815 2098 ac
830 2063 941 2098 miseri
956 2063 1093 2109 publica
1107 2063 1291 2108 ignominia
1306 2064 1538 2098 traducuntur.
1571 2063 1750 2109 videndum

281 2111 387 2155 igitur
402 2111 498 2144 nobis
514 2122 650 2155 quoque
666 2109 791 2152 fuerit,
819 2115 922 2155 prout
940 2121 1015 2144 esse
1030 2110 1063 2143 in
1081 2119 1141 2143 ore
1157 2111 1376 2144 honestorum
1391 2110 1557 2144 hominum
1572 2109 1680 2152 solet,
1712 2113 1751 2143 ut

283 2160 342 2191 aut
357 2157 499 2190 honeste
515 2156 667 2190 vivamus
685 2160 745 2189 aut
759 2157 900 2190 honeste
915 2156 1104 2190 moriamur.
1151 2155 1180 2190 si
1197 2156 1276 2201 quid
1292 2156 1398 2200 igitur
1414 2156 1493 2190 mihi
1507 2155 1658 2199 creditis,
1673 2154 1750 2199 qui-

282 2203 347 2237 bus
363 2203 479 2236 hastae
496 2213 535 2235 ac
551 2201 654 2245 gladii
668 2201 712 2234 ad
728 2212 860 2235 manum
875 2206 974 2244 sunt,
1004 2201 1045 2235 iis
1067 2202 1209 2247 arreptis
1223 2202 1265 2235 ad
1281 2202 1411 2236 ianuam
1427 2208 1571 2242 stemus3
1610 2201 1668 2245 qui
1691 2211 1750 2234 ar—

284 2249 392 2282 cubus
408 2247 608 2292 sagittisque
625 2251 703 2281 sunt
718 2247 875 2281 instructi
890 2252 1019 2281 tectum
1035 2247 1274 2281 conscendant.
1322 2247 1463 2281 imbellis
1477 2258 1559 2281 vero
1574 2248 1674 2280 turba
1690 2257 1750 2280 ru·-

284 2295 443 2329 sticorum
459 2298 520 2326 aut
534 2293 734 2326 famulorum
747 2318 757 2335 ,
780 2293 905 2338 quique
920 2293 1044 2337 alioqui
1061 2293 1220 2327 militares
1236 2292 1332 2338 equis
1348 2297 1466 2327 carent
1477 2293 1573 2327 mulis
1588 2303 1751 2326 conscen-

285 2340 331 2374 sis
348 2345 441 2374 retro
457 2339 554 2372 nobis
571 2338 717 2374 adstent.
763 2342 833 2372 tum
861 2338 917 2383 qui
933 2344 1058 2373 tectum
1073 2339 1304 2373 inscenderint
1318 2339 1387 2373 tela
1400 2339 1478 2373 inde
1491 2338 1525 2372 in
1542 2338 1656 2371 hostes
1671 2338 1751 2372 mit-

284 2390 371 2419 tant.
420 2396 482 2419 nos
499 2389 610 2418 autem
626 2383 737 2417 valvis
751 2384 932 2429 patefactis
947 2384 979 2418 in
996 2384 1087 2429 ipsos
1102 2385 1265 2418 irruamus
1281 2395 1379 2429 quam
1393 2383 1624 2418 incitatissimo
1643 2395 1752 2429 equo·-

284 2443 358 2465 rum
373 2431 514 2476 impetu.
553 2434 732 2475 postquam
747 2434 860 2463 autem
876 2430 923 2463 illi
938 2431 1110 2474 fugientes
1124 2431 1224 2474 longe
1240 2441 1261 2463 a
1277 2431 1333 2464 via
1349 2441 1416 2475 qua
1429 2429 1526 2463 nobis
1543 2430 1619 2463 hinc
1635 2431 1752 2463 urbem

284 2488 403 2511 versus
424 2477 568 2510 eundum
591 2482 645 2509 est
666 2475 884 2519 recesserint,
915 2475 1119 2510 descendant
1142 2488 1162 2510 e
1186 2481 1276 2510 tecto
1301 2475 1504 2509 iaculatores
1529 2475 1754 2521 iumentisque

285 2523 478 2556 conscensis
503 2521 670 2567 prodeant
693 2526 807 2555 cetera
833 2521 1047 2555 multitudine
1071 2526 1246 2567 sequente.
1301 2521 1476 2555 intervalla
1491 2532 1592 2565 porro
1609 2521 1699 2555 inter
1714 2532 1753 2555 se

287 2568 504 2612 ordinemque
526 2568 560 2601 in
582 2568 639 2601 via
663 2571 822 2611 servent,
853 2571 955 2612 prout
978 2578 1063 2612 opus
1090 2575 1144 2601 est
1166 2568 1207 2601 ad
1234 2566 1406 2613 phalangis
1422 2566 1581 2600 tuendam
1597 2568 1752 2611 figuram.

287 2614 486 2658 cunctisque
510 2613 674 2647 maximae
696 2613 730 2647 id
755 2623 856 2646 curae
881 2613 926 2647 sit
941 2624 983 2646 ne
1000 2613 1099 2658 culpa
1115 2614 1308 2657 cuiusquam
1323 2612 1411 2646 solvi
1426 2612 1561 2646 ordines
1577 2612 1753 2658 dissipari-

288 2670 355 2704 que
377 2670 416 2692 ac
434 2658 583 2703 dispergi
605 2659 710 2693 aciem
730 2658 916 2703 contingat.
963 2659 1022 2693 sed
1043 2659 1175 2693 interim
1195 2659 1272 2692 dum
1298 2669 1359 2692 nos
1384 2658 1418 2691 in
1446 2658 1561 2692 hostes
1586 2659 1752 2702 irruimus,

288 2704 478 2750 procedant
502 2704 546 2737 illi
570 2704 787 2748 pedetentim.
834 2705 892 2738 ubi
906 2716 989 2738 vero
1005 2704 1150 2738 vicissim
1168 2705 1281 2738 hostes
1294 2703 1328 2736 in
1342 2714 1402 2737 nos
1417 2703 1579 2749 impetum
1594 2704 1751 2744 fecerint.

289 2755 382 2784 stent
394 2749 428 2783 in
443 2749 602 2793 vestigio.
650 2760 724 2783 cum
752 2761 833 2784 vero
856 2750 898 2784 ad
922 2754 1033 2784 arctas
1054 2750 1184 2784 viarum
1205 2750 1319 2783 fauces
1335 2750 1593 2793 accesserimus,
1625 2749 1753 2796 pariter

288 2806 402 2830 omnes
420 2795 658 2830 exscendemus
675 2795 788 2840 equis:
821 2799 856 2831 et
876 2795 1031 2842 polliceri
1055 2795 1161 2831 ausim
1175 2805 1386 2841 nequaquam
1401 2807 1544 2831 ausuros
1559 2797 1676 2832 hostes
1688 2795 1753 2831 ad-

288 2853 424 2877 movere
439 2852 478 2877 se
492 2840 588 2877 nobis
603 2839 778 2887 propius.'’
