1878 3262
558 216 1098 260 COMMENTARIORUM
1130 217 1179 258 L.
1210 215 1290 259 IV.
1566 217 1662 261 155

409 325 565 386 πρόσθε
583 331 657 384 μὲν
677 330 824 381 ἐσθλὸς
839 329 977 388 ἔφευγε
989 363 1003 382 ,
1039 330 1154 372 δίωκε
1177 329 1223 372 ὁέ
1241 347 1310 383 μιν
1329 329 1419 385 μέγ’
1443 329 1625 383 ἀμείνων.
1685 337 1714 372 Ρ
1739 340 1804 375 102

209 399 275 440 καὶ
310 397 386 454 γὰρ
419 393 469 452 ἦν
503 400 646 449 ἐκεῖνος
676 406 852 454 γενναῖος
863 399 975 447 ,κατὰ
991 398 1109 455 χεῖρά
1125 416 1167 441 τε
1188 401 1255 440 καὶ
1276 398 1381 440 κατὰ
1397 397 1557 453 ψυχήν·
1591 402 1661 442 καὶ

207 465 286 523 γὰρ
304 467 346 516 ἐξ
369 466 535 522 εὐγενῶν
557 467 638 524 φὺς
658 470 715 517 εἷς
733 469 835 524 μέγα
856 468 969 517 κλέος
988 466 1099 524 ἤρθη
1117 473 1205 516 ταῖς
1228 467 1534 523 ἀνδραγαθίαις.

344 558 423 603 27.
492 560 809 614 Συγκλεισθέντα
828 560 870 602 δὲ
886 562 1029 602 τοῦτον
1051 561 1101 614 τῇ
1122 555 1232 599 πόλει
1258 555 1279 599 ὁ
1311 557 1523 612 Κομνηνός
1546 558 1658 601 Ἀλέ-

173 628 290 676 5ξιος
322 623 399 676 ἔξω
425 627 770 683 στρατοπεδεύσας
797 629 864 671 καὶ
890 625 1096 678 διασώζειν
1119 627 1189 668 τὸν
1215 625 1343 682 ἄνδρα
1370 627 1521 668 ἐθέλων
1540 628 1655 683 ἐπρέ-

206 698 323 747 σβευε
357 694 458 751 πρὸς
494 693 637 748 αὐτόν,
672 695 772 739 ὥστε
797 697 848 739 τὰ
865 695 987 738 πιστὰ
1010 693 1187 748 λαβόντα
1205 699 1278 736 τοῦ
1294 695 1419 749 μηδέν
1438 712 1476 736 τι
1493 694 1657 751 ἀνιαρὸν

204 764 415 805 πείσεσθαι
437 763 658 820 ἐγχειρίζειν
679 765 790 823 αὐτῷ
814 766 880 808 καὶ
903 762 1044 809 ἑαυτὸν
1067 765 1134 804 καὶ
1154 762 1227 817 τὴν
1247 762 1373 805 πόλιν.
1444 761 1464 804 ὃ
1492 763 1534 804 δὲ
1558 781 1656 820 πρε-

203 829 360 884 σβεύων
375 825 426 885 ἦν
442 831 542 889 ἀνὴρ
567 831 723 888 ἀγαθός
744 851 785 876 τε
804 835 870 876 καὶ
886 831 1050 887 κόσμιος
1059 864 1071 883 ,
1091 832 1317 886 ἅσκητικοΐς
1331 829 1568 884 ὃιαλοῖμπων
1580 849 1655 873 κα-

202 897 478 955 τορθώμασιν.
545 895 595 955 ἦν
622 903 664 943 δὲ
689 900 710 944 ὃ
741 901 1042 958 καθηγούμενος
1071 904 1151 942 τῶν
1170 900 1211 940 ἓν
1233 903 1284 955 τῇ
1298 899 1412 940 Ἄθω
1432 904 1504 941 τοῦ
1523 898 1648 945 Ξενο-
1675 908 1709 941 B

150 973 195 1011 10
206 971 364 1024 φῶντος
385 972 491 1024 μονῇ
511 974 700 1023 μοναχῶν
720 968 926 1024 Συμεὼνὸ
950 967 1217 1024 πανάριστος·
1254 966 1298 1017 ὃς
1319 967 1449 1009 πολλὰ
1469 985 1655 1023 παρακα-

202 1035 323 1085 λέσας
350 1036 420 1078 τὸν
447 1036 683 1093 Βασιλάκην
714 1039 786 1080 οὐκ
820 1039 981 1081 ἔπεισεν.
1052 1037 1262 1093 ἀρξαμένῳ
1296 1030 1366 1077 οὖν
1387 1034 1464 1089 ἤδη
1490 1041 1547 1092 τῷ
1569 1038 1656 1078 Ko—

201 1108 340 1162 μνηνῷ
374 1113 622 1162 προσχωρεῖν
652 1106 754 1160 μετὰ
787 1112 866 1149 τῶν
900 1107 970 1156 ξὺν
998 1110 1056 1163 τῷ
1081 1103 1291 1160 Βασιλάκῃ
1314 1108 1570 1160 στρατιωτῶν
1587 1107 1653 1147 καὶ

200 1176 282 1213 τῶν
315 1177 487 1215 πολιτῶν
517 1174 589 1229 τὴν
623 1174 738 1216 πόλιν
766 1173 1066 1231 ἐγχειρισάντων
1099 1172 1229 1229 αὐτῷ’,
1265 1173 1410 1221 ἐκεῖνος
1442 1171 1574 1224 Ξζιιενεν
1599 1172 1655 1215 ἔτι

200 1245 360 1296 κρατῶν
390 1241 462 1295 τὴν
495 1240 711 1299 ἀκρόπολιν
718 1276 731 1295 ,
768 1245 842 1293 ἕως
862 1243 899 1285 οἳ
919 1244 1007 1298 περὶ
1028 1241 1149 1283 αὐτὸν
1173 1241 1411 1296 βιασθέντες
1430 1239 1655 1294 συλλαβόν-

146 1316 190 1351 15
201 1325 266 1357 τες
287 1313 345 1365 τῷ
363 1311 566 1367 Κομνηνῷ
587 1312 836 1368 ἐνεχείρισαν.
907 1309 1101 1353 εἰσελθών
1126 1303 1197 1350 οὖν
1228 1310 1269 1350 ἒν
1288 1312 1339 1364 τῇ
1356 1306 1467 1350 πόλει
1495 1312 1655 1351 πολλῶν

195 1375 416 1432 χρημάτων
442 1378 588 1420 ἐκείνου
614 1381 743 1434 γέγονε
761 1378 909 1436 κύριος.
978 1379 1167 1434 ἀγγέλους
1192 1372 1262 1419 οὖν
1283 1376 1384 1433 πρὸς
1400 1376 1468 1418 τὸν
1483 1379 1654 1430 βασιλέα

199 1445 367 1498 πέμψας
387 1445 458 1499 τὴν
478 1451 552 1488 τοῦ
568 1446 779 1503 Βασιλάκη
800 1445 1026 1502 μηνύοντας
1050 1445 1221 1498 ἅλωσιν,
1257 1445 1379 1494 αὐτὸς
1400 1443 1531 1498 ἔμενεν
1549 1447 1590 1487 ἓν
1605 1451 1655 1502 τῇ

197 1510 310 1554 πόλει
344 1511 499 1569 ἡμέρας
528 1514 661 1567 τινάς,
696 1518 764 1558 καὶ
792 1516 844 1559 τὰ
876 1517 916 1558 ἐν
948 1515 1052 1571 αὐτῇ
1077 1511 1334 1566 καταστήσας
1356 1512 1531 1556 ἐπάνεισι
1550 1514 1653 1567 μετὰ

136 1594 139 1596 “
195 1583 394 1638 λαμπρῶν
418 1585 631 1639 τροπαίων.

144 1687 190 1724 20
334 1673 412 1719 28.
473 1673 646 1724 ’Έδειξεν
671 1667 742 1716 οἶν
767 1675 833 1716 καὶ
859 1673 910 1716 τὰ
935 1673 1036 1730 παρ’
1066 1674 1212 1715 ἐκείνου
1237 1672 1470 1728 πραχθέντα
1494 1670 1550 1721 ὥς
1566 1672 1654 1729 χρὴ.
1672 1681 1704 1714 C

198 1741 258 1795 μὴ
288 1739 392 1783 πάνυ
424 1758 463 1784 τι
496 1740 691 1784 πιστεύειν
723 1747 774 1799 τῇ
802 1740 900 1798 τύχῃ
934 1744 999 1784 καὶ
1028 1740 1206 1795 μάλιστα
1232 1743 1273 1782 ἐν
1296 1747 1385 1790 ταῖς
1408 1741 1651 1800 εὐπραγίαις.

290 1849 324 1882 2.
369 1847 433 1882 καὶ
479 1846 604 1893 κατὰ]
650 1848 715 1882 καὶ
760 1847 893 1882 addidit
936 1849 976 1882 P.
1170 1848 1204 1880 9.
1241 1842 1379 1891 Ἀθω]
1431 1847 1472 1881 V.
1519 1844 1653 1881 Ἀθοῦ.

294 1896 350 1930 11.
385 1890 596 1938 ἀρξαμένῳ]
630 1894 728 1927 Fort.
754 1890 990 1936 ἀρξαμένων,
1024 1892 1136 1926 deleto
1158 1891 1247 1935 quod
1271 1903 1350 1924 mox
1375 1893 1524 1936 sequitur
1546 1891 1651 1935 μετά.

294 1940 349 1974 12.
371 1940 622 1984 προσχωρεῖν]
646 1939 690 1974 V.
713 1940 924 1983 προχωρεῖν.
1063 1938 1117 1972 17.
1141 1935 1371 1982 μηνύοντας]
1394 1937 1652 1983 μηνύσονταςῗ

403 2033 484 2065 ante
496 2029 586 2073 fugit
602 2029 698 2063 fortis
711 2055 720 2071 ‚
750 2039 847 2073 quem
862 2039 883 2061 a
897 2031 995 2071 tergo
1011 2027 1134 2061 fortior
1149 2031 1263 2071 urget.

200 2078 275 2109 erat
296 2074 382 2108 enim
406 2086 490 2109 vere
514 2075 648 2108 Alexius
662 2080 698 2108 et
713 2085 810 2108 manu
825 2074 921 2108 sortis
939 2081 976 2107 et
992 2074 1101 2107 animo
1111 2099 1122 2116 ‚
1154 2085 1197 2108 ex
1213 2073 1379 2107 nobilibus
1394 2076 1488 2108 ortus
1504 2078 1541 2108 et
1554 2073 1589 2108 in
1603 2074 1651 2108 al-

198 2126 268 2155 tum
285 2121 410 2165 apicem
428 2120 552 2163 gloriae
571 2121 774 2154 facinoribus
789 2119 927 2153 heroicis
943 2119 1062 2154 elatus.
1605 2156 1610 2159 ,

290 2167 344 2201 27.
393 2166 551 2200 Ceterum
567 2167 652 2200 urbe
668 2166 854 2199 conclusum
866 2165 1054 2199 Basilacem
1070 2163 1302 2199 circumsidens
1317 2175 1389 2197 cum
1406 2164 1555 2198 exercitu
1567 2165 1649 2199 Ale-

199 2210 275 2245 xius
290 2223 430 2246 servare
445 2211 614 2256 cupiebat.
660 2222 766 2256 quare
781 2211 823 2244 ad
837 2211 944 2256 ipsum
959 2210 1048 2245 misit
1062 2210 1119 2255 qui
1134 2210 1294 2244 suaderet
1309 2215 1346 2243 ut
1360 2209 1430 2243 fide
1444 2215 1586 2255 accepta
1598 2211 1648 2244 ni—

199 2256 247 2290 hil
263 2256 339 2290 mali
354 2269 391 2291 se
406 2268 579 2302 passurum
589 2285 599 2301 ‚
624 2268 662 2290 se
676 2268 718 2290 ac
733 2257 901 2290 civitatem
917 2256 1069 2291 dederet.
1115 2256 1249 2291 functus
1264 2256 1330 2289 ista
1342 2256 1512 2299 legatione
1530 2262 1582 2289 est
1596 2256 1650 2290 vir

199 2302 307 2336 bonus
324 2308 359 2336 et
374 2307 510 2336 ornatus
526 2302 704 2346 religiosae
717 2302 810 2336 vitae
825 2302 998 2347 professor
1013 2302 1154 2336 celebris
1167 2303 1361 2347 praefectus
1376 2302 1568 2335 monasterii
1580 2301 1651 2335 Xe-

199 2348 381 2392 nophontis
405 2349 440 2382 in
466 2349 553 2382 Atho
580 2354 693 2382 monte
707 2348 765 2381 ille
779 2348 923 2393 optimus
937 2359 979 2382 ac
993 2347 1239 2382 laudatissimus
1256 2348 1426 2391 Symeon,
1457 2347 1514 2391 qui
1539 2352 1650 2380 tamen

201 2404 274 2427 cum
290 2394 471 2436 allegasset
485 2394 590 2429 multa
606 2394 770 2436 Basilaci‚
800 2394 881 2429 nihil
906 2393 1062 2439 profecit.
1109 2393 1241 2427 felicius
1255 2393 1415 2426 tractavit
1429 2404 1502 2425 cum
1518 2392 1651 2425 Basila-

200 2438 250 2472 cis
275 2438 433 2472 militibus
458 2444 492 2473 et
517 2440 610 2473 urbis
633 2439 761 2473 civibus
783 2439 934 2473 Alexius.
979 2439 1013 2473 hi
1036 2438 1123 2472 enim
1143 2439 1209 2484 ipsi
1234 2438 1404 2472 civitatem
1425 2437 1651 2481 tradiderunt,

0 2474 2 2516 ἶ
199 2483 352 2518 Basilace
371 2485 406 2518 in
428 2496 539 2519 arcem
564 2485 714 2528 fugiente
739 2496 781 2519 ac
803 2485 853 2519 ibi
876 2484 1044 2519 obstinate
1067 2484 1265 2525 resistente,
1295 2483 1405 2527 quoad
1432 2483 1489 2527 qui
1511 2494 1584 2516 cum
1608 2494 1650 2516 eo

0 2517 2 2608 ›
200 2535 315 2570 erant,
344 2530 439 2564 malis
466 2530 574 2564 coacti
598 2531 743 2564 vinctum
757 2531 866 2575 ipsum
880 2531 1051 2564 Comneno
1065 2529 1288 2564 tradiderunt.
1334 2539 1400 2572 quo
1414 2528 1506 2562 facto
1520 2528 1651 2572 ingres-

0 2610 1 2615 *
200 2585 258 2608 sus
273 2577 388 2610 urbem
404 2576 540 2610 Alexius
555 2577 689 2610 multam
706 2576 864 2610 Basilacis
880 2576 1053 2620 pecuniam
1067 2576 1178 2608 victor
1192 2574 1381 2619 occupavit.
1425 2574 1504 2607 inde
1526 2574 1651 2618 nuntiis

0 2617 2 2680 h
199 2620 242 2652 ad
258 2620 490 2666 imperatorem
505 2622 631 2664 missis,
663 2622 720 2667 qui
735 2622 918 2655 Basilacem
934 2627 1066 2666 captum
1080 2620 1294 2662 nuntiarent,
1324 2619 1399 2665 ipse
1419 2620 1539 2654 mansit
1552 2620 1586 2653 in
1603 2620 1651 2653 ci-
1668 2634 1672 2635 ⁷

0 2681 2 2707 i
201 2665 307 2699 vitate
330 2666 447 2701 diebus
475 2668 600 2712 aliquot
612 2693 622 2709 ,
652 2679 798 2713 moxque
810 2668 913 2702 rebus
927 2666 994 2701 illic
1010 2667 1198 2701 constitutis
1210 2691 1221 2710 ‚
1256 2665 1439 2711 splendidis
1454 2666 1564 2699 clarus
1577 2670 1650 2699 tro-

0 2709 2 2726 *
200 2711 293 2756 paeis
306 2723 463 2746 reversus
477 2719 540 2747 est.

292 2757 348 2791 28.
394 2758 472 2793 Hae
494 2758 603 2793 Alexii
625 2770 679 2793 res
706 2762 824 2802 gestae
848 2758 950 2793 facile
972 2758 1203 2792 demonstrant
1224 2768 1324 2802 quam
1346 2767 1463 2802 parum
1480 2755 1648 2790 fidendum

202 2802 359 2838 fortunae
383 2803 449 2847 sit,
481 2805 615 2850 quando
642 2816 683 2840 ea
711 2805 852 2840 maxime
878 2804 1062 2840 blanditur.
1107 2808 1289 2850 praeterea
1303 2814 1402 2849 quam
1417 2806 1514 2838 recte
1529 2800 1650 2836 dixerit
