1878 3262
260 222 360 269 396
625 232 627 235 ’
703 220 909 265 CAROLI
940 223 1021 265 DU
1039 222 1265 266 ‘FRESNE

374 344 413 383 p.
423 332 505 372 290
515 342 554 371 v.
568 327 632 372 14.
661 327 864 382 σιλέντιον]
886 325 1190 384 Κατηχητήριον
1205 326 1323 385 λόγον
1337 331 1618 385 interpretatur
1632 332 1709 372 hoo

263 389 351 426 loco
376 400 512 426 vocem
535 386 726 427 σιλὲντιον
743 387 895 425 Nicetas
911 387 953 426 in
974 387 1076 429 Man.
1097 387 1123 426 l.
1140 390 1167 429 7
1190 400 1231 429 n.
1249 386 1287 428 5.
1343 402 1415 440 pro
1439 389 1710 428 dissertatione

262 457 332 481 seu
350 443 554 481 collatione
574 443 700 494 (Galli
714 445 936 494 conferent-e
956 443 1122 494 dicunt)
1150 443 1251 481 sumi
1269 445 1372 495 apud
1390 445 1592 496 plerosque
1608 445 1709 484 scri-

262 506 424 551 ptorum
453 505 630 548 constat,
661 506 699 538 et
725 499 802 538 hac
828 500 985 538 notione
1015 505 1206 550 usurpant
1232 500 1373 551 passim
1393 500 1648 553 Theophanes
1669 516 1707 553 p.

263 555 347 597 342
368 557 468 604 358,
497 557 574 594 Leo
593 556 877 594 Grammaticus
897 557 938 593 in
957 556 1143 594 Michaele
1162 569 1200 608 p.
1217 557 1319 603 448,
1349 557 1534 608 Scylitzes
1553 571 1592 608 p,
1611 560 1708 607 399,

262 613 434 650 Zonaras
452 626 489 663 p.
509 612 587 654 146
599 642 610 662 ,
639 613 790 651 Nicetas
811 612 1005 664 Paphlago
1022 613 1064 651 in
1083 612 1172 650 vita
1190 612 1315 650 sancti
1339 613 1474 664 Ignatii
1494 613 1707 664 patriarch.

261 669 331 719 cp.
353 681 390 720 p.
408 671 490 710 712
513 669 605 706 edit.
634 672 758 718 1618,
787 669 1043 720 Landulphus
1070 670 1196 719 Sagax
1227 682 1311 720 pag.
1343 669 1436 709 edit.
1465 668 1606 708 canisii
1625 672 1708 712 688

259 727 343 766 720
371 724 454 766 750
483 728 587 774 768,
616 725 786 764 lulianus
816 725 1047 763 Antecessor
1073 731 1197 763 const.
1216 725 1270 766 56
1303 722 1344 776 Β.
1364 727 1460 768 199:
1487 725 1586 763 haec
1611 739 1708 764 eon-

259 782 420 818 atitutio
449 781 558 819 iubet
580 784 886 833 provocationes
915 784 957 819 in
985 781 1351 819 consultationibus
1377 795 1457 819 non
1483 788 1644 819 tantum.
1664 783 1708 820 in

259 837 523 888 amplissimis·
550 839 882 890 magistratibus,
911 837 982 875 sed
1007 840 1129 875 etiam
1155 837 1342 875 omnibus
1363 838 1616 876 senatoribus
1639 838 1708 875 in-

259 891 366 942 dici,
397 900 444 931 ut
471 901 580 931 totus
607 902 772 932 senatus·
800 909 950 932 causas
973 895 1292 947 appellationum
1321 893 1491 934 audiat:
1520 895 1709 946 quamvis

258 950 464 987 silentium
488 957 646 989 tantam
671 953 758 989 aine
780 959 972 989 conventa
990 950 1243 988 senatoribus
1261 949 1709 1000 denuntiatumsuerit:

257 1006 416 1043 silentio
433 1008 538 1044 enim
557 1014 790 1045 conventam
810 1022 891 1046 esse
906 1007 1045 1046 videri.
1101 1007 1349 1057 agitabantur
1370 1019 1465 1046 vero
1482 1007 1646 1044 silentia
1664 1006 1707 1044 in

257 1062 506 1113 silentiario,
535 1063 595 1101 uti
615 1071 783 1102 vocatur
805 1078 827 1101 a
847 1063 1077 1115 Landulpho
1098 1066 1240 1113 Sagace
1261 1063 1289 1100 l.
1309 1066 1359 1105 16
1381 1069 1422 1101 et
1442 1062 1647 1101 Anastasio
1662 1062 1706 1100 in

257 1116 409 1159 Histor.
431 1118 533 1156 Eccl.
556 1133 595 1170 p.
618 1123 671 1160 66
700 1133 769 1158 seu
795 1126 840 1158 ut
859 1120 978 1158 habet
999 1118 1255 1171 Theophanes
1273 1133 1310 1170 p.
1329 1122 1408 1160 201
1435 1120 1491 1166 εἰς
1514 1116 1559 1159 τό
1574 1121 1706 1159 σιλεν-

256 1174 447 1226 τιαρίκιν,
476 1188 594 1224 quam
621 1188 757 1213 vocem
784 1176 846 1214 vir
869 1176 1008 1214 doctus
1036 1177 1350 1213 silentiariorum
1375 1177 1587 1212 stationem
1611 1187 1706 1226 per-

253 1243 389 1282 peram
413 1231 546 1269 vertit.
602 1232 806 1269 silentium
834 1232 978 1270 dicitur
1000 1232 1105 1270 idem
1131 1232 1239 1270 locus
1265 1231 1371 1282 apud
1396 1231 1563 1269 eundem
1594 1231 1704 1268 Ana-

253 1287 414 1325 stasium
440 1287 481 1325 in
503 1287 592 1325 Vita
608 1287 795 1339 Stephani
816 1288 867 1326 Ill
888 1302 951 1340 pp.
970 1302 1009 1340 p.
1027 1291 1107 1329 303
1132 1288 1173 1325 in
1197 1301 1282 1326 var.
1301 1288 1412 1327 lect.:
1442 1288 1574 1325 multa
1594 1286 1705 1325 dona

252 1342 314 1380 ibi
342 1344 520 1395 largitus
552 1351 609 1381 est
638 1352 722 1382 tam
750 1346 937 1383 universo
957 1358 1082 1396 quam
1104 1346 1343 1381 monasterio
1364 1357 1468 1395 quae
1481 1344 1705 1381 necessaria

250 1406 348 1437 aunt
376 1400 605 1449 monachis,
637 1415 839 1453 quamque
856 1403 967 1451 foris
997 1400 1222 1438 immobilia
1251 1401 1363 1445 loca,
1391 1401 1526 1451 quiin
1543 1400 1703 1437 silentio

250 1455 287 1494 b.
317 1458 431 1494 Petri
461 1457 653 1508 Apostoli
678 1480 735 1486 —
763 1460 950 1509 usquein
968 1457 1207 1495 hodiernum
1228 1455 1332 1494 diem
1358 1457 1578 1494 constituit.
1633 1455 1703 1494 ubi

248 1512 456 1549 silentium
483 1513 644 1551 videtur
670 1526 772 1562 esse,
802 1514 908 1564 quod
936 1513 1029 1552 alias
1057 1514 1311 1551 secretarium
1333 1513 1518 1549 ecclesiae
1538 1511 1704 1550 dicitur:

247 1567 290 1605 in
319 1569 532 1606 secretariis
559 1569 661 1607 enim
681 1576 897 1608 conventus
916 1570 1192 1607 ecclesiasticos
1213 1575 1252 1606 et
1271 1568 1441 1619 synodos
1464 1568 1580 1619 egisse
1597 1581 1702 1618 pon-

246 1624 372 1662 tifices
394 1625 522 1676 palam
542 1631 614 1667 est.
670 1638 816 1676 neque,
846 1626 1004 1677 opinor,
1037 1626 1194 1663 aliunde
1222 1626 1440 1662 silentiarii
1466 1625 1562 1662 dicti
1585 1636 1653 1662 seu
1671 1623 1700 1661 ii

245 1680 398 1719 suerint
427 1681 494 1732 qui
522 1681 717 1720 silentium
744 1682 1018 1732 imponebant,
1049 1681 1158 1731 quod
1177 1681 1390 1732 opinantur
1410 1680 1603 1732 plerique,
1630 1692 1700 1718 seu

247 1737 357 1787 quod
384 1737 426 1775 in
463 1737 509 1775 iis
539 1739 710 1775 silentiis
743 1738 807 1776 vel
843 1737 1112 1776 collationibus
1150 1737 1331 1774 sederent
1362 1742 1401 1774 et
1432 1737 1700 1784 dissertarent,

246 1793 356 1843 quod
375 1793 449 1832 alio
468 1794 553 1832 loco
573 1794 859 1833 discutiendum
878 1807 1133 1833 reservamus.
1191 1799 1295 1831 certe
1315 1793 1617 1830 silentiariorum
1635 1791 1700 1829 di-

246 1849 374 1900 gnitas
399 1850 496 1888 adeo
518 1851 681 1888 illustris
700 1850 796 1897 suit,
826 1857 872 1889 ut
891 1852 930 1888 in
950 1851 1111 1888 concilio
1129 1849 1435 1889 Chalcedonensi
1454 1854 1530 1888 act.
1547 1852 1566 1889 1
1589 1852 1699 1888 θαυ-

246 1903 508 1958 μασιωτάτων
540 1906 742 1959 epitheton
770 1907 816 1945 iis
842 1907 1044 1945 tribuatur
1073 1912 1113 1944 et
1148 1908 1333 1944 Damasus
1352 1919 1416 1957 pp.
1445 1905 1486 1943 in
1505 1904 1626 1956 Epist.
1644 1903 1699 1942 ad

246 1961 454 2001 Acholium
466 1992 476 2011 ‚
505 1963 546 2001 in
564 1963 715 2014 synodo
734 1964 846 2002 Rom.
863 1964 935 2001 sub
959 1963 1129 2002 Bonisac.
1147 1964 1180 2001 Il
1202 1976 1267 2014 pp.
1286 1962 1383 2000 haec
1401 1961 1612 2012 scripserit:
1640 1958 1700 1998 ad

247 2020 434 2056 meritum
446 2020 538 2070 filii
561 2022 639 2057 mei
666 2021 850 2058 Rusticii
870 2019 972 2058 addi
988 2019 1154 2071 aliquid
1169 2020 1348 2070 amplias·
1364 2033 1445 2056 non
1459 2023 1613 2069 potest,
1638 2037 1696 2045 —

247 2088 342 2112 cum
370 2075 517 2113 habeat
531 2078 861 2128 praerogativam
884 2077 1014 2127 officii
1034 2077 1120 2122 sui,
1149 2074 1260 2128 qaod
1276 2076 1526 2113 silentiarius·
1542 2075 1596 2110 ait
1604 2072 1698 2123 filii

246 2132 378 2168 nostri
402 2133 595 2170 Gratiani
612 2133 811 2185 Augusti.
866 2130 1129 2186 ὑπαγορεύειν
1160 2145 1256 2171 vero
1287 2131 1478 2172 σιλὲντιον
1504 2129 1605 2168 idem
1631 2134 1692 2166 est

244 2200 292 2224 ac
317 2186 470 2225 dictare
487 2189 592 2240 apud
611 2189 881 2241 Spartianum:
909 2188 1096 2240 defuncto
1127 2188 1287 2240 quidem
1306 2189 1435 2239 Sara,
1470 2186 1638 2224 Traiani
1654 2187 1691 2222 ei

234 2244 516 2294 familiaritas
538 2248 678 2294 crevit,
708 2260 835 2284 caasa
848 2248 1065 2297 praecipue
1079 2247 1306 2283 orationum
1318 2276 1328 2293 ,
1359 2256 1462 2295 qua-5
1472 2256 1548 2294 pro
1565 2243 1690 2292 impe-

242 2307 373 2337 ratore
389 2299 624 2340 dictaverat.
658 2302 701 2339 id
717 2303 819 2340 enim
836 2303 1009 2340 muneris
1025 2302 1099 2340 suit
1116 2302 1218 2340 illius
1236 2301 1304 2351 qui
1323 2301 1373 2338 ab
1393 2299 1571 2350 epistolis
1591 2303 1688 2336 erat.

238 2356 296 2393 ita
321 2357 363 2394 in
395 2357 557 2396 concilio
582 2358 749 2396 Nicaeno
770 2359 804 2397 11
835 2359 1076 2410 Nicephorus
1097 2372 1118 2395 a
1139 2358 1318 2402 secretis,
1346 2354 1595 2408 postmodum
1614 2367 1687 2405 pa-

237 2412 414 2451 triarcha
450 2415 518 2466 Cp.
551 2414 797 2466 imperatoris
827 2417 984 2453 nomine
1015 2415 1234 2467 peroravit,
1274 2410 1320 2453 το“
1347 2408 1446 2452 κατά
1472 2407 1547 2461 τήν
1573 2407 1686 2461 ἱερᾶν

237 2465 413 2509 σύνοδον
432 2468 688 2523 ἐγχειρισθεὶς
706 2469 909 2523 βασιλικὸν
927 2469 1185 2524 ἐπιφώνημα,
1214 2475 1261 2510 ut
1283 2473 1342 2508 est
1366 2466 1473 2519 apud
1491 2467 1684 2518 Ignatium

235 2522 451 2564 Diaconum
469 2528 512 2565 in
531 2527 621 2567 Vita
637 2527 808 2566 eiusdem
830 2527 1039 2580 Nicephori
1059 2542 1100 2566 n.
1119 2531 1185 2570 10.

346 2650 388 2676 v·
422 2638 485 2681 15.
541 2641 615 2680 τοῦ
645 2636 880 2694 οἷσηκρῆτις]
928 2638 1165 2678 Secretarius
1195 2649 1218 2674 a
1244 2634 1412 2674 secretis.
1468 2641 1579 2673 sexta
1613 2647 1684 2686 sy·-

236 2692 332 2735 nod.
367 2699 442 2731 act.
471 2697 498 2735 2
527 2693 554 2734 4
584 2701 622 2732 et
655 2699 725 2737 12:
767 2699 931 2744 Παῦλος
965 2695 990 2737 ό
1028 2691 1432 2748 μεγαλοπρεπέστατος
1467 2688 1684 2743 ᾰσηκρῆτις

237 2745 485 2801 σεκρετᾶριος
517 2748 729 2802 βασιλικός.
787 2751 983 2804 βασιλικὸς
1011 2749 1223 2802 ἆσηκρῆτις
1246 2749 1288 2786 in
1318 2752 1344 2791 7
1375 2747 1513 2799 synod.
1543 2752 1616 2784 act.
1643 2748 1682 2787 3.

238 2805 450 2857 Procopius
474 2806 514 2844 in
546 2806 694 2845 Hister.
718 2806 887 2846 Arcana:
915 2811 998 2854 τοῖς
1030 2805 1072 2847 δὲ
1097 2804 1311 2857 ἆσηκρῆτις
1335 2803 1592 2856 καλουμένοις
1607 2797 1684 2842 οὐκ

241 2857 471 2917 ἀπεκέκριτο
488 2859 531 2903 τό
545 2858 720 2916 ἀξίωμα,
748 2863 790 2913 ἒς
814 2861 857 2905 τὸ
881 2861 929 2904 τοὶ
956 2861 1144 2917 βασιλέως
1165 2857 1370 2915 ἀπόρρητα
1392 2857 1583 2916 γράφειν,
1610 2852 1682 2909 ἐφ’
