1878 3262
246 215 341 260 152
662 209 966 253 NICEPHORI
993 206 1258 251 BRYENNII
1346 204 1353 232 ³

242 322 569 382 ταμωκήσασθαι
598 327 672 366 τοῦ
702 321 884 366 τοιούτου
921 320 1068 379 ἀνδρὸς
1098 319 1143 364 τὸ
1176 317 1440 378 σμικρότατον
1471 319 1591 362 ἐκεῖνο
1623 322 1703 362 τοῦ

244 396 303 452 ῥιό
325 395 393 438 καὶ
417 394 679 451 ἀπροαίρετον
701 393 870 446 αἶτίαμα
893 390 976 434 ἅνω
996 393 1062 434 καὶ
1085 387 1193 435 κάτω
1216 388 1427 446 προφέρων
1447 383 1510 444 ἦν.

198 500 228 533 C
385 495 463 539 23.
531 493 674 544 Εὐθὺς
702 488 772 536 οὖν
802 492 904 549 μέγα
934 490 1091 546 βοήσας
1124 490 1246 548 φησίν
1267 487 1486 546 ε(ἄρχοντες
1509 490 1695 540 ἐξέλθατε

244 566 317 617 τῆς
343 566 624 618 παρεμρὀλῆςΙΙ
660 560 681 603 ὃ
714 560 886 616 πόλεμος
916 552 1121 611 ἔξωθενῖἴ
1186 557 1300 615 φωνὴ
1321 558 1397 614 γὰρ
1423 558 1546 599 αὐτοῦ
1566 558 1696 613 εὐρεῖα

245 629 302 681 ὥς
322 632 389 672 καὶ
412 629 623 688 φάλαγγας
642 629 738 681 ὅλας
753 628 1034 686 συνταράττειν
1054 629 1097 670 ἐκ
1116 624 1241 681 μόνου
1263 625 1523 680 ἕκβοήματος.
1558 623 1729 675 ἐξιόντιό

244 704 342 754 γοῦν
361 700 492 757 ἐκείνῳ
512 704 586 742 τοῦ
607 698 878 755 στρατοπέδου
899 701 978 739 τῶν
999 698 1254 753 στρατιωτῶν
1275 696 1363 751 περὶ
1387 694 1699 750 λαφυραγωγίαν

244 767 551 822 ἀσχολουμένων
584 765 811 819 ὑπαντιάζει
845 763 866 808 ὃ
899 771 1075 821 γενναῖος
1101 764 1271 814 Ἀλεξιος
1295 762 1372 820 πρὸ
1399 766 1470 817 τῆς
1495 759 1701 819 φάλαγγος

248 833 305 877 ὦν
337 835 408 886 ξὺν
440 835 588 892 ὀλίγοις
597 867 610 886 ,
644 837 712 877 καὶ
742 835 811 878 τὸν
836 831 1105 890 προοδεύοντα
1139 830 1287 887 ταύτης
1318 830 1491 873 κατιδών
1515 832 1570 879 εἷς
1589 828 1700 879 τάξιν

248 908 497 946 συνιστῶντα
527 903 600 958 τὴν
635 901 824 960 φάλαγγα
847 904 914 944 καὶ
933 903 1101 956 νομίσας
1121 898 1218 942 εἶναι
1237 899 1307 942 τὸν
1326 896 1561 953 Βασιλάκην
1579 897 1703 947 εὐθὺς

248 969 416 1025 ἐξήλασε
436 971 531 1014 κατ’
560 971 686 1013 αὐτοῦ
693 1002 706 1023 ,
742 973 808 1014 καὶ
831 970 875 1013 τὸ
899 971 1014 1027 ξίφος
1034 966 1289 1023 σπασάμενος
1310 969 1415 1010 παίει
1437 971 1578 1009 τοῦτον
1597 965 1702 1008 κατὰ
1713 967 1757 1003 10

246 1043 320 1093 τῆς
341 1041 472 1090 ὁεξιᾶς
484 1040 620 1096 χειρὸς
640 1040 697 1082 ἔτι
717 1040 761 1082 τὸ
787 1037 884 1096 δόρυ
906 1038 1146 1091 κατέχοντα,
1181 1039 1249 1079 καὶ
1278 1036 1372 1086 τοὺς
1401 1042 1506 1092 τρεῖς
1525 1039 1605 1076 τῶν
1627 1036 1702 1076 δα-

196 1106 229 1141 Ῑ)
252 1105 407 1149 κτύλων
435 1107 566 1160 τεμών
599 1107 645 1149 τὸ
680 1105 778 1164 δόρυ
811 1113 942 1148 πεσεῖν
977 1106 1050 1148 σὺν
1079 1104 1215 1155 αὖτοῖς
1235 1102 1518 1160 παρεσκεύασε.
1585 1107 1703 1145 τοῦτο

246 1173 433 1230 μεγάλως
452 1174 525 1229 τὴν
549 1173 740 1231 φάλαγγα
759 1172 1021 1232 συνετάραξε,
1057 1175 1123 1215 καὶ
1142 1172 1263 1222 ἄλλος
1283 1172 1404 1214 ἄλλον
1423 1171 1522 1227 πρὸς
1541 1171 1584 1212 τὸ
1604 1169 1704 1227 φεύ-

250 1259 332 1297 γειν
368 1241 667 1299 προλαμβάνειν
699 1243 894 1300 ἠπείγετο.
962 1239 1093 1300 κύκλῳ
1125 1241 1169 1283 δὲ
1193 1239 1406 1297 περιιόντες
1424 1238 1494 1280 ὕπ’
1521 1237 1704 1294 ἀλλήλων

249 1313 564 1363 συνεποδίζοντο.
1714 1311 1758 1349 15

387 1410 466 1456 24.
533 1409 608 1462 Εἷς
633 1413 676 1454 δὲ
697 1416 776 1455 τῶν
798 1411 876 1454 ὕπὸ
893 1417 1011 1469 χεῖρα
1033 1414 1106 1453 τοῦ
1122 1409 1323 1461 Ἀλεξίου,
1351 1407 1451 1464 ἀνὴρ
1478 1404 1706 1449 Καππαδό-

252 1497 324 1534 κης
347 1481 388 1520 Γ
384 1485 506 1535 ουλῆς
526 1481 572 1522 τὸ
596 1478 804 1536 ἐπώνυμον
812 1513 825 1533 ,
860 1482 1060 1538 γνωρίσας
1087 1478 1158 1521 τὸν
1176 1475 1411 1531 Βασιλάκην
1434 1477 1538 1517 παίει
1566 1478 1708 1517 τοῦτον

250 1551 302 1602 τῇ
330 1546 472 1604 σπάθῃ
500 1549 604 1590 κατὰ
633 1553 706 1590 τοῦ
729 1547 914 1605 κράνους.
980 1552 1052 1602 τῆς
1072 1548 1114 1589 δὲ
1135 1545 1300 1600 σπάθης
1321 1545 1574 1599 κατεαγείσης
1594 1542 1708 1599 ἔγγὺς

254 1615 380 1656 αὐτοῦ
413 1620 486 1669 τῆς
510 1615 646 1671 χειρὸς
671 1619 739 1659 καὶ
761 1614 982 1670 πεσούσης,
1010 1614 1031 1657 ὃ
1054 1614 1269 1670 Κομνηνός
1296 1612 1416 1655 αὐτὸν
1439 1612 1707 1662 κατωνείδιζεν

253 1681 308 1732 ὡς
324 1683 512 1744 ὀλιγωρία
530 1684 575 1725 τὸ
597 1686 713 1741 ξίφος
735 1688 806 1739 τῆς
825 1683 961 1741 χειρὸς
983 1683 1148 1740 ἀφέντα.
1216 1680 1238 1724 ὃ
1263 1682 1306 1724 δὲ
1327 1681 1399 1735 τὴν
1424 1678 1559 1734 κώπην
1583 1678 1760 1729 emmo

343 1823 378 1858 Ξ.
400 1822 623 1868 προφέρων]
652 1825 693 1858 V.
717 1824 947 1867 προσφέρων,
1086 1823 1120 1857 3.
1146 1818 1343 1865 ἐξέλθατε]
1367 1819 1409 1855 Ρ.
1434 1815 1609 1862 ἔξέλθετε.

252 1946 342 1991 quod
357 1946 621 1992 reprehenderet
635 1946 668 1980 in
684 1946 758 1980 viro
775 1946 948 1991 praeclaro
963 1955 1029 1978 non
1046 1945 1202 1987 haberet,
1233 1943 1267 1977 in
1291 1942 1347 1977 illo
1370 1941 1514 1977 naturali
1530 1947 1565 1978 et
1579 1942 1706 1978 tolera-

252 1992 310 2026 bili
324 1992 459 2037 linguae
476 1993 558 2026 vitio
574 1992 692 2037 putide
707 1991 940 2037 exprobrando
959 1990 1178 2036 persistebat.

343 2071 400 2105 23.
445 2071 565 2105 Donec
580 2071 758 2116 aliquando
774 2070 915 2105 satiatus
931 2080 1053 2113 magna
1066 2079 1153 2102 voce
1166 2067 1230 2103 ait:
1256 2066 1383 2100 “duces
1396 2076 1437 2100 ac
1450 2065 1588 2108 tribuni,
1605 2077 1705 2110 egre-

254 2115 368 2149 dimini
383 2117 506 2151 castris
521 2117 632 2158 hisce,
662 2117 785 2150 bellum
802 2121 900 2150 extra
915 2114 1000 2149 est.''
1044 2125 1131 2150 voce
1144 2117 1254 2147 autem
1271 2117 1347 2148 erat
1360 2116 1427 2147 tam
1440 2112 1510 2146 late
1526 2123 1648 2146 sonora
1664 2115 1705 2145 ut

252 2160 438 2206 phalanges
455 2166 545 2194 totas
561 2162 780 2196 conturbaret
795 2162 939 2196 clamore
956 2159 1012 2195 vel
1029 2161 1104 2195 un'o.
1150 2158 1329 2204 prodeunti
1342 2169 1423 2202 ergo
1440 2157 1489 2191 sic
1504 2157 1618 2191 castris
1632 2157 1704 2191 Ba-

252 2206 369 2247 silaci,
401 2206 571 2251 plerisque
597 2208 699 2252 ipsius
720 2207 858 2241 militum
881 2206 989 2240 adhuc
1011 2205 1046 2240 in
1070 2205 1200 2250 praeda
1221 2203 1347 2258 passim
1371 2203 1471 2238 obvia
1492 2202 1705 2245 congerenda

252 2252 446 2296 occupatis,
477 2252 623 2286 occurrit
646 2264 830 2296 generosus
855 2252 992 2286 Alexius
1017 2256 1096 2286 ante
1118 2260 1285 2304 propriam
1309 2260 1384 2284 cum
1410 2248 1522 2294 paucis
1544 2247 1704 2291 gradiens

252 2296 380 2338 aciem3
413 2301 448 2330 et
473 2308 548 2331 eum
572 2298 630 2342 qui
656 2298 811 2342 praeibat
834 2297 994 2331 exercitui
1017 2296 1129 2331 hostib
1157 2295 1386 2339 conspicatus,
1417 2293 1607 2327 existimans
1628 2304 1704 2327 esse

252 2341 460 2384 Basilacem,
492 2343 602 2377 subito
631 2343 666 2376 in
694 2354 768 2376 eum
794 2343 950 2387 impetum
976 2342 1058 2375 facit
1078 2345 1113 2375 et
1134 2340 1256 2376 educto
1280 2351 1360 2374 ense
1381 2339 1461 2375 ferit
1481 2337 1551 2371 eius
1572 2349 1703 2373 manum

253 2387 429 2420 dexteram
454 2392 624 2422 tenentem
651 2389 803 2422 hastam:
836 2388 928 2421 cuius
959 2398 1075 2422 manus
1102 2398 1175 2422 cum
1196 2390 1266 2419 tres
1289 2386 1414 2430 digitos
1436 2383 1648 2427 abscidisset,
1679 2383 1704 2417 ii

253 2432 449 2466 deciderunt
462 2433 496 2467 in
511 2439 636 2467 terram
651 2434 747 2467 simul
763 2444 837 2467 cum
850 2434 959 2467 hasta.
1006 2433 1060 2466 hic
1082 2435 1223 2467 eventus
1247 2442 1384 2475 gravem
1399 2429 1703 2464 consternationem

251 2477 286 2510 in
301 2478 464 2512 Basilacis
480 2479 584 2513 aciem
599 2479 730 2513 intulit:
760 2479 810 2512 ita
825 2483 864 2512 ut
879 2477 963 2512 alius
978 2477 1075 2513 alium
1101 2482 1320 2522 praevertere
1334 2474 1492 2520 fugiendo
1509 2480 1702 2510 conaretur.

253 2533 320 2566 quo
337 2523 447 2558 studio
464 2536 537 2558 cum
552 2525 616 2558 huc
630 2525 709 2559 illuc
725 2536 786 2570 per
802 2524 974 2559 circuitum
989 2524 1160 2558 ferrentur
1171 2548 1182 2567 ‚
1212 2522 1277 2556 sibi
1291 2521 1432 2556 invicem
1447 2521 1639 2554 obstabant.

342 2601 397 2635 24.
444 2602 542 2635 Unus
564 2606 675 2636 autem
698 2614 741 2636 ex
755 2602 796 2636 iis
812 2602 868 2647 qui
882 2601 924 2635 ad
937 2613 1067 2635 manum
1083 2601 1199 2635 Alexio
1216 2602 1311 2634 erant
1322 2624 1332 2642 ,
1365 2598 1499 2632 natione
1515 2597 1702 2644 Cappadox

251 2650 472 2690 cognomento
490 2647 616 2690 Gules,
646 2659 720 2682 cum
735 2648 930 2692 agnovisset
942 2648 1144 2687 Basilacem‚
1168 2646 1248 2680 ferit
1262 2656 1334 2678 eum
1351 2655 1430 2678 ense
1444 2644 1477 2677 in
1493 2644 1590 2687 galea
1600 2668 1613 2686 ‚
1640 2643 1702 2678 sed

252 2692 341 2726 ensis
357 2691 489 2725 offensu
504 2692 631 2726 fractus
644 2694 705 2727 sub
721 2694 792 2727 eius
808 2704 905 2727 manu
922 2693 1061 2727 cecidit:
1087 2692 1171 2726 vidit
1181 2692 1368 2724 Comnenus
1385 2695 1420 2723 et
1436 2689 1573 2723 credens
1587 2700 1700 2723 ensem

251 2736 283 2771 ei
298 2746 393 2771 manu
414 2736 578 2770 excidisse
592 2762 602 2780 ,
635 2737 830 2783 increpabat
846 2738 1084 2782 indiligentiam
1101 2737 1162 2771 viri
1177 2748 1188 2778 ;
1217 2735 1326 2780 quoad
1341 2735 1395 2769 ille
1411 2735 1615 2768 manubrium
1630 2735 1701 2768 fra-

253 2781 298 2815 cti
321 2781 425 2827 gladii
448 2782 482 2822 in
506 2793 599 2817 manu
626 2783 789 2829 reliquum
811 2784 994 2819 ostendens
1014 2783 1113 2817 fidem
1140 2781 1220 2817 fecit
1234 2791 1298 2815 non
1313 2791 1373 2816 sua
1389 2780 1609 2826 negligentia,
1639 2779 1700 2814 sed
