1878 3262
252 209 354 255 286
718 208 970 252 ‘IOANNIS
986 209 1225 257 emma

250 322 306 366 ἔτι
341 318 551 373 ἐδύναντο,
594 326 883 376 ναυλοχοῦντες
908 323 952 366 δὲ
980 322 1230 382 ἕπειράτευον
1259 327 1303 379 ἐξ
1333 327 1504 382 ἐκείνου,
1539 327 1614 381 ἕως
1634 330 1703 373 καὶ

249 392 438 446 δευτέραν
461 390 672 445 ἠνέγκαντο
696 389 862 446 πληγήν.

389 457 462 503 11.
534 463 678 501 Ταῦτα
697 461 770 514 μὲν
794 454 864 501 οὖν
885 457 1012 509 οὕτως
1031 460 1219 515 ἐγένοντο.
1252 462 1304 504 τὰ
1318 465 1490 507 Κιλίκων
1509 466 1553 509 δὲ
1571 471 1700 508 νοσεῖν

247 525 419 582 ἤρξαντο
440 524 671 582 πράγματα.
717 526 890 585 Τερόζου
911 528 987 585 γὰρ
1012 532 1394 586 συμμετρησαμένου
1414 532 1459 574 τὸ
1481 535 1570 588 ζῆν,
1602 537 1698 576 Με-

195 602 225 635 Β
249 598 358 646 λίας,
386 593 430 644 ὃς
451 595 626 652 ἀδελφὸς
642 591 691 651 ἦν
711 597 821 653 αὐτῷ
831 629 843 647 ,
871 596 942 650 τὴν
957 595 1098 653 χώραν
1118 599 1368 655 παραλαβὼν
1386 600 1500 642 οὐδέν
1521 618 1558 643 τι
1572 596 1728 656 ἧσσονό

239 663 451 718 Ῥωμαίοις
482 669 615 714 κακῶς
645 667 949 721 προσφέρεσθαι
980 664 1144 721 ἤρξατο.
1213 665 1342 724 ἦρέθη
1371 669 1503 710 τοίνυν
1521 671 1698 713 Κιλίκων

244 732 466 787 στρατηγὸς
487 733 660 787 ΖΙῚιχαὴλ
680 735 753 787 μὲν
770 734 814 775 τὸ
837 737 994 788 πρῶτον
1012 732 1032 775 ὃ
1055 737 1240 790 Βρανᾶς,
1277 734 1367 791 ἑξῆς
1390 737 1433 778 δὲ
1447 735 1697 793 Ἀνδρόνικος

241 802 444 855 ἐπίκλησιν
469 800 701 857 Φορβηνός,
736 800 780 852 ὃς
808 800 1026 858 ἐξάδελφος
1054 802 1240 860 καθάπερ
1263 804 1341 859 ἤδη
1364 805 1516 861 εἴρηται
1537 809 1702 858 βασιλεῖ’

240 868 448 924 ἐτύγχανεν
469 868 536 911 ὤν.
607 870 711 911 ἀλλὰ
730 872 795 911 καὶ
815 871 940 911 αὐτοῦ
959 869 1077 926 λόγου
1096 871 1207 921 ἄξιον
1225 873 1339 915 οὐδὲν
1357 874 1538 916 ἐνταῦθα
1559 876 1693 930 εἴργα-

238 939 384 991 σμένου
410 939 471 979 ἐπὶ
493 937 586 993 γόνυ
607 939 657 980 τὰ
678 937 870 994 Ἰσαύρων
893 938 1015 981 ἴκλινε
1026 971 1038 990 ,
1074 944 1232 982 πολλῶν
1252 959 1292 983 τε
1315 940 1404 995 ἑξῆς
1423 942 1495 997 τὴν
1514 959 1688 998 στρατη·
1703 950 1751 985 10

235 1008 326 1062 γιάν
345 1005 627 1059 ,ἀμειψάντωμ
665 1009 706 1048 ἒν
734 1005 794 1056 οἶς
821 1009 886 1048 καὶ
906 1009 1209 1058 Κωνσταντΐνος
1230 1010 1453 1066 ἔγνωρίζετο
1480 1009 1524 1052 ὃν
1544 1013 1692 1052 Καλα-

233 1074 362 1129 μάνον
387 1074 624 1126 ἐπεκάλουν,
658 1074 803 1129 ἤνυστο
824 1075 934 1117 οὔπω
954 1076 1080 1118 οὐδέν.
1150 1075 1170 1118 ὃ
1196 1079 1330 1130 μέντοι
1355 1078 1606 1132 Καλαμάνος
1625 1080 1690 1121 ἐπὶ

234 1147 397 1192 πολλοῖς
414 1142 483 1184 τὸν
495 1144 697 1198 Ἀρμένιον
716 1143 944 1198 λελυπηκὼς
964 1146 1025 1185 ἐπὶ
1042 1146 1216 1197 μείζοσιν
1235 1148 1440 1200 ἐζημίωτο.
1493 1146 1570 1189 ὑπὸ
1592 1146 1688 1189 τού-

234 1228 328 1261 τους
350 1211 444 1260 τοὺς
458 1210 630 1267 χρόνους
649 1214 714 1253 καὶ
736 1210 923 1261 Σαξόνων
943 1211 963 1254 ὃ
986 1212 1082 1262 δούξ
1093 1245 1104 1263 ,
1147 1212 1291 1264 ἔθνους
1312 1214 1685 1271 πολυανθρωποτά-

187 1287 217 1322 C
239 1296 307 1321 του
330 1281 395 1320 καὶ
417 1280 671 1333 εὖὸάᾁιονος,
706 1280 778 1321 σὺν
803 1282 967 1336 μεγίστῃ
991 1286 1222 1337 παρασκευῇ
1241 1284 1302 1323 ἐπὶ
1324 1282 1544 1334 Βυζάντιον
1561 1278 1686 1338 ἦλθεν
1696 1289 1738 1328 15

235 1349 305 1404 ἐφ’
334 1342 367 1405 ᾧ
383 1348 450 1389 τὸν
470 1348 570 1405 ρῆγα
587 1349 823 1402 Ἀλαμανιῦν
844 1348 1087 1398 διαλλάξειεν
1107 1348 1375 1408 (ὕποψίφγὰρ
1402 1355 1530 1407 πολλῇ
1551 1353 1591 1401 ἒς
1610 1353 1685 1394 ἀλ·-

233 1415 380 1471 λήλους
400 1418 592 1473 ἐχρῶντο)
605 1449 616 1467 ,
647 1416 776 1458 πάντα
800 1434 840 1459 τε
863 1411 918 1459 ὧν
936 1419 1047 1459 ἕνεκα
1068 1412 1170 1472 ἦλθε
1194 1420 1533 1474 διαπεπραγμένος
1555 1420 1685 1474 ἀπηλ-

231 1484 415 1527 λάσσετο.
484 1487 524 1526 ἐν
552 1483 680 1541 τούτῳ
712 1487 754 1527 δὲ
778 1487 965 1542 Σέρβιοι,
1005 1487 1228 1528 Οὖεννέτων
1259 1488 1404 1537 αὐτοὺς
1436 1488 1536 1544 πρὸς
1564 1493 1681 1530 τοῦτο
1719 1484 1723 1489 ”

230 1549 600 1609 παρορμησάντων,
630 1557 684 1602 εἷς
702 1554 950 1596 ἀποστασίαν
971 1552 1094 1604 εἶδον,
1122 1554 1331 1611 Στεφάνου
1353 1557 1396 1597 δὲ
1414 1555 1458 1605 ὃς
1480 1561 1551 1610 τῆς
1573 1557 1680 1598 Obv-

230 1626 341 1676 νικῆς
372 1616 468 1678 ἦρχε
500 1621 568 1663 τὸν
596 1623 686 1675 βίον
719 1621 1003 1672 ἀπολιπόντος,
1043 1621 1221 1678 ταράχου
1247 1624 1347 1665 πλέα
1369 1623 1420 1665 τὰ
1446 1626 1537 1679 τῇδε
1561 1626 1736 1672 uate-29

230 1708 394 1744 στησαν.
450 1688 528 1746 ὑφ’
558 1684 613 1731 ὧν
633 1692 809 1744 κινηθεὶς
826 1691 1016 1745 βασιλεὺς
1039 1692 1101 1731 ἐπὶ
1123 1691 1194 1746 τὴν
1218 1692 1421 1748 Σαρδικὴν
1443 1692 1679 1748 ἀφικνεῖται.

229 1757 331 1801 ἔνθα
367 1758 577 1815 διατριβὴν
609 1759 866 1813 ποιουμένου,
901 1759 1132 1813 πέμψαντες
1172 1754 1315 1801 Οὖννοι
1350 1763 1483 1802 Βελᾶν
1509 1760 1677 1818 ᾐτοῦντο

316 1898 371 1935 14.
397 1896 595 1946 Σαξόνων]
631 1899 716 1935 Cod.
741 1896 940 1942 Σαξώνων.
985 1898 1058 1934 Csr.
1082 1911 1115 1946 p.
1144 1873 1278 1944 131,μ1.

222 2025 362 2070 aggredi
379 2026 548 2059 Romanos
575 2036 641 2058 non
665 2027 743 2058 sunt
770 2024 859 2058 ausi:
893 2024 952 2058 sed
971 2036 1012 2058 ex
1027 2035 1068 2057 eo
1084 2026 1236 2069 tempore
1251 2023 1283 2057 in
1300 2024 1451 2069 portibus
1466 2027 1502 2058 et
1517 2025 1671 2060 stationi-

162 2100 165 2102 .
222 2072 286 2106 bus
302 2071 513 2105 subsidentes
529 2071 703 2116 piraticam
718 2072 920 2104 exercebant
934 2070 1041 2104 donec
1055 2071 1235 2103 secundam
1251 2070 1381 2115 plagam
1397 2076 1610 2116 acceperunt.

317 2119 369 2151 11.
416 2117 480 2150 His
502 2116 549 2150 ita
573 2116 750 2150 transactis
767 2117 800 2149 in
818 2116 936 2150 Cilicia
951 2116 1105 2149 laborare
1122 2127 1174 2149 res
1191 2121 1386 2160 coeperunt.
1432 2117 1565 2150 Toroso
1583 2115 1668 2151 enim

219 2163 292 2197 vita
306 2164 442 2204 functo,
465 2163 572 2195 frater
588 2163 658 2195 eius
675 2162 796 2195 Melias
811 2162 1031 2207 principatum
1047 2161 1190 2206 adeptus
1209 2162 1366 2195 Romanis
1382 2162 1481 2196 nihilo
1497 2162 1600 2196 minus
1616 2162 1669 2196 in-

219 2210 329 2243 festus
346 2219 421 2242 esse
437 2207 561 2252 coepit.
603 2207 718 2252 itaque
733 2208 809 2241 belli
823 2208 983 2241 adversus
999 2207 1121 2240 Cilices
1138 2207 1276 2252 primum
1294 2208 1437 2242 Michaffl
1453 2207 1579 2241 Branas
1595 2207 1664 2242 dux

218 2254 420 2288 constitutus
442 2258 509 2286 est:
546 2253 667 2286 deinde
682 2253 892 2287 Andronicus
917 2257 1135 2297 cognomento
1157 2253 1421 2297 Euphorbeuus,
1444 2252 1500 2297 qui
1520 2253 1571 2286 uti
1595 2253 1663 2288 iam

218 2300 341 2334 dictum
370 2304 441 2342 est,
467 2299 627 2343 patruelis
652 2305 725 2331 erat
749 2298 972 2343 imperatoris.
1019 2299 1078 2333 sed
1101 2310 1174 2332 cum
1196 2299 1263 2332 iste
1284 2299 1383 2332 etiam
1403 2297 1482 2331 nihil
1504 2299 1663 2333 memoria

218 2346 355 2390 dignum
369 2345 414 2379 ibi
430 2345 620 2389 peregisset
631 2369 642 2386 ,
665 2344 825 2377 inclinare
840 2356 895 2377 res
912 2345 1079 2378 Isauricae
1094 2349 1293 2389 coeperunt:
1319 2344 1494 2388 multisque
1510 2349 1662 2388 postmo-

218 2392 293 2426 dum
319 2391 488 2437 copiarum
511 2390 756 2435 praefecturam
781 2389 1038 2435 excipientibus,
1062 2402 1146 2434 quos
1173 2395 1208 2423 et
1231 2389 1319 2423 inter
1335 2389 1575 2424 Constantinus
1595 2391 1662 2424 suit

217 2449 317 2482 quem
333 2437 543 2470 Calamanum
558 2436 745 2476 vocabant,
771 2436 849 2468 nihil
865 2437 1053 2469 confectum
1071 2441 1132 2470 est.
1178 2435 1339 2479 siquidem
1356 2434 1570 2476 Calamanus,
1590 2436 1660 2471 etsi

216 2483 342 2527 magnis
358 2482 545 2516 Armeniam
561 2481 732 2515 affecisset
747 2481 872 2515 damnis
885 2507 894 2523 ‚
916 2481 988 2526 ipse
1003 2487 1114 2515 tamen
1129 2481 1283 2525 graviora
1297 2480 1420 2513 retulit.
1468 2491 1530 2524 per
1545 2481 1660 2516 eadem

215 2533 367 2573 tempora
383 2529 554 2562 Saxonum
571 2527 638 2560 dux
661 2528 762 2571 (gens
787 2538 828 2560 ea
844 2532 897 2561 est
912 2527 1177 2571 frequentissima
1192 2533 1226 2560 et
1242 2524 1505 2570 opulentissima)
1523 2526 1660 2569 Byzan-

214 2574 316 2616 tium,
341 2579 379 2607 ut
399 2585 513 2617 regem
529 2573 782 2606 Alamannorum
799 2584 871 2606 cum
886 2572 1088 2618 imperatore
1102 2571 1349 2612 reconciliaret,
1374 2581 1492 2613 magno
1509 2582 1580 2606 curn
1595 2584 1658 2618 ap-

214 2624 334 2664 paratu
356 2619 450 2652 venit
477 2620 612 2662 (magua
639 2618 725 2651 enim
746 2619 835 2652 inter
859 2630 918 2652 eos
939 2618 1088 2652 simultas
1112 2622 1187 2651 erat
1209 2622 1244 2650 et
1257 2616 1466 2659 aemulatio),
1489 2618 1659 2663 rebusque

214 2676 353 2709 quarum
376 2676 476 2698 causa
497 2670 686 2697 accesserat
708 2665 854 2708 peractis
869 2664 962 2698 abiit.
1008 2664 1138 2697 interea
1153 2661 1263 2696 Servii
1277 2687 1287 2704 ,
1311 2661 1595 2698 exstimulantibus
1612 2664 1657 2699 ad

213 2710 245 2745 id
274 2710 432 2752 Venetis,
462 2709 684 2743 defectionem
707 2710 810 2743 moliti
832 2715 919 2743 sunt.
967 2709 1139 2754 Stephano
1156 2713 1283 2750 autem,
1308 2706 1366 2752 qui
1382 2708 1578 2752 Hungariae
1593 2709 1656 2744 im-

211 2760 408 2803 peraverat,
433 2754 616 2797 exstincto,
641 2761 759 2789 cuncta
776 2755 821 2789 ibi
836 2755 1033 2800 perturbata
1049 2766 1090 2788 ac
1106 2754 1243 2787 confusa
1258 2758 1345 2788 sunt.
1375 2753 1495 2797 quibus
1519 2766 1654 2799 permo-

210 2807 267 2836 tus
282 2802 460 2848 imperator
475 2811 591 2833 versus
609 2801 782 2834 San-dicam
798 2799 1030 2845 proficiscitur.
1067 2799 1134 2833 illic
1154 2804 1335 2833 morantem
1350 2810 1539 2834 convenere
1554 2801 1653 2835 Hun-

209 2858 365 2894 garorum
382 2845 507 2892 legati,
530 2845 646 2880 Belam
674 2845 738 2879 sibi
765 2846 852 2880 mitti
870 2845 904 2880 in
924 2856 1038 2890 regem
1064 2844 1283 2891 postulantes.
1327 2844 1502 2891 Stephano
1527 2845 1653 2893 quippe
