1878 3262
629 183 1023 229 HISTORIARUM
1054 188 1104 229 L.
1130 186 1210 232 IV.
1561 190 1656 237 139

200 299 260 353 τῷ
274 293 500 353 προύχώρει
520 298 628 353 (τῶν
645 297 723 355 γὰρ
743 301 943 354 πολεμίων
971 301 1009 342 οἱ
1026 302 1099 355 μὲν
1115 302 1260 353 λίθους
1277 304 1343 346 καὶ
1367 301 1468 355 ’ξύλα
1490 305 1558 347 καὶ
1576 309 1658 348 πᾶν

155 377 158 381 ’
199 365 244 408 τὸ
261 365 496 421 παρατυχὸν
515 364 698 423 νιφάδων
727 370 840 423 δίκην
861 369 904 410 ἐκ
922 373 1002 411 τῶν
1019 369 1219 421 ἐπάλξεων
1242 373 1308 414 ἐπ’
1330 373 1452 415 αὐτὸν
1468 372 1656 428 ἴπεμπον,

200 433 238 476 οἱ
269 434 312 475 δὲ
345 436 412 475 καὶ
442 434 522 476 ἀπὸ
552 439 626 490 γῆς
645 436 781 490 βέλεσι
805 436 876 479 τὸν
901 436 1002 493 ἇέρα
1030 439 1253 496 ἐσκίαζον),
1289 440 1484 499 ἕντροπήν
1505 459 1596 485 τινα
1616 443 1658 484 ἓν

199 504 258 559 τῷ
279 505 508 559 παραυτίκα
529 505 791 559 πεποιημένος
809 504 886 555 ἔξω
903 509 1034 559 βελῶν
1052 508 1211 562 ἐγίνετο,
1246 508 1380 566 λόγοις
1391 528 1431 553 τε
1452 511 1493 560 ἔς
1514 511 1663 561 αὖτοὺς

165 571 343 628 5ἒχρῆτο
376 572 517 628 ἀγαθοὶ
542 571 569 614 ἃ
594 574 668 627 μὲν
700 574 844 616 αὐτίκα
870 572 1049 628 ποιήσειν
1071 576 1407 632 ἐπαγγελλόμενος
1442 581 1477 621 εἲ
1503 583 1671 634 βασιλεῖ’

197 638 359 697 μεγάλῳ
394 641 468 696 τὴν
502 639 618 683 πόλιν
655 641 833 696 ἀμαχητὶ
859 641 1197 700 παραθήσουσιν,
1257 641 1312 688 ὧν
1343 649 1387 689 δὲ
1422 649 1490 690 καὶ
1519 649 1662 691 ἐλπίδα
1684 661 1715 696 Β

196 707 414 751 ὑποτείνων
445 708 558 765 ἑξῆς·
600 708 755 753 τούτων
788 710 997 768 ἐπειδήπερ
1028 712 1067 754 οἱ
1102 714 1166 754 ἐπὶ
1194 718 1266 768 τῆς
1295 713 1449 765 πόλεως
1470 715 1663 771 ἤκουσαν,

198 777 349 820 ἱππέων
367 777 634 835 ἐκδραμόντες
655 780 756 830 τινές
769 812 780 831 ,
818 780 857 822 οἷ
875 781 919 822 δὲ
945 782 1012 822 καὶ
1031 783 1268 836 λεμβαδίοις
1288 782 1482 837 ἐμβάντες
1490 817 1502 836 ,
1537 803 1664 843 παρε-

197 844 348 888 κάλουν
362 847 484 889 αὐτὸν
506 849 569 889 ἐπὶ
587 848 661 902 τὴν
678 847 793 891 πόλιν
814 850 913 891 ἴέναι
935 850 1247 904 ἄνακεκλιμένας
1263 852 1336 902 τὰς
1352 851 1484 902 πύλας
1501 851 1666 896 ὑποδει-

144 913 372 965 1Οκνύντες.
443 914 464 958 ὅ
500 917 544 958 δὲ
577 918 736 969 δείσας,
768 917 864 975 ὅπερ
896 912 945 972 ἦν
970 919 1029 974 μὴ
1049 918 1226 975 ἐξαπάτῃ
1246 938 1308 971 τις
1335 921 1394 976 εἴη
1414 921 1460 963 τὸ
1482 926 1665 978 πρᾶγμα,

197 984 239 1033 ἒς
272 990 413 1041 πεῖραν
441 983 581 1042 ἐχώρει
615 984 821 1043 πρότερον.
891 987 1041 1030 ἐκέλευε
1068 989 1202 1030 τοίνυν
1232 994 1314 1031 τῶν
1347 990 1422 1032 σὺν
1440 990 1553 1048 αὐτῷ
1569 992 1668 1044 μιάν

197 1056 296 1094 νεῶν
311 1054 373 1094 ἐπὶ
386 1053 458 1109 τὴν
478 1053 602 1109 ἀκτὴν
613 1055 712 1096 ἰέναι
735 1057 862 1110 δῆθεν
874 1054 1164 1112 ὃρμισομένην·
1193 1058 1290 1099 ἀλλ)
1314 1057 1400 1112 ἅμα
1412 1076 1453 1102 τε
1472 1064 1667 1116 προσιοῦ-

198 1138 276 1163 σαν
303 1119 408 1163 εῗδον
440 1122 565 1176 αὐτὴν
597 1123 635 1165 οἳ
663 1124 845 1178 πολέμιοι
873 1126 939 1166 καὶ
975 1125 1080 1182 &qu
1110 1126 1206 1177 τοὺς
1226 1129 1512 1178 πεντακοσίους
1529 1129 1570 1178 ἒς
1590 1128 1665 1179 τὰς

197 1187 379 1240 ἐπάλξεις
397 1191 621 1245 ἀνέβαινον.
657 1191 680 1235 ὃ
699 1193 1141 1252 κατιδιὺνἈλέξανδρος
1161 1194 1283 1249 μήπω
1303 1197 1405 1253 πρὸς
1423 1204 1507 1247 τοῖς
1526 1196 1665 1248 ὅπλοις

143 1259 188 1296 15
205 1259 363 1300 ἐκείνων
401 1262 667 1316 γεγενημένων
696 1264 866 1319 χρυσίον
904 1264 1119 1317 κεχυμένον
1151 1265 1214 1305 ἐπὶ
1243 1269 1316 1306 τοῦ
1342 1264 1492 1307 κόλπου
1525 1265 1665 1320 λαβὼν

197 1327 391 1383 ἆπέβαινέ
409 1346 450 1371 τε
470 1333 544 1383 τῆς
559 1334 658 1380 νεῶς
675 1334 836 1373 θᾶσσον
862 1332 928 1372 καὶ
947 1339 1032 1382 τοῖς
1050 1333 1113 1373 ἐπὶ
1134 1337 1206 1387 τῆς
1235 1331 1391 1384 πόλεως
1408 1335 1562 1384 δεικνὺς
1577 1333 1603 1348 “
1620 1332 1664 1384 ὃς
1686 1346 1716 1380 C

197 1394 247 1438 ἂν
270 1395 445 1439 πλούτου
466 1400 532 1439 καὶ
561 1399 795 1456 ἐλευθερίας
816 1399 988 1456 ἐραστὴς
1019 1400 1078 1456 εἴη
1101 1403 1218 1458 δεῦρο
1240 1403 1428 1458 παρίτω”
1452 1404 1667 1461 ἀνέκραγεν

190 1462 216 1478 “
233 1463 290 1515 ὥς
314 1466 458 1508 αὐτίκα
487 1466 642 1510 τούτων
676 1467 1047 1522 ἄπολαυσόμενος.”
1131 1468 1152 1511 ὅ
1177 1471 1251 1523 μὲν
1280 1475 1412 1513 ταῦτα
1444 1469 1550 1523 εἶπε,
1585 1475 1667 1514 τῶν

196 1533 241 1575 δ’.
276 1535 320 1576 ἔκ
352 1539 424 1590 τῆς
455 1534 611 1586 πόλεως
637 1541 797 1591 πλῆθος
830 1537 1096 1594 ἐκδραμόντες
1132 1539 1236 1580 πολὺ
1281 1540 1472 1596 παραυτὰ
1505 1545 1674 1594 βασιλεῖ’

139 1602 502 1661 ΞΟπροσεχώρουν,
547 1604 618 1655 οὓς
643 1604 778 1663 ὅρκοις
812 1606 1057 1661 καταλαβὼν
1085 1604 1106 1648 ὃ
1139 1608 1362 1665 στρατηγὸς
1397 1607 1576 1659 σπεύσας
1603 1606 1671 1651 ἰπὶ

195 1671 269 1724 τὴν
292 1671 408 1714 πόλιν
439 1676 568 1729 εἰσῆγε
595 1674 641 1716 τὸ
673 1673 918 1732 στράτευμα.
990 1674 1096 1718 οὕτω
1119 1678 1314 1733 χρυσίιόυ
1343 1678 1529 1727 δελέατος
1553 1678 1669 1719 οὐδὲν

197 1738 433 1797 ἀνθρώποις
462 1741 762 1801 ἅπατηλότερον
795 1746 956 1800 γίνεται.
1025 1748 1155 1787 ταῦτα
1183 1743 1341 1801 γνόντες
1357 1750 1517 1788 πολῖται
1538 1747 1575 1788 οἳ
1593 1745 1669 1788 ἄλ-

288 1860 323 1895 5.
356 1857 686 1917 ἐπαγγελλόμενος]
724 1863 809 1899 Cod.
843 1861 1142 1907 ἐπαγγελόμενος.
1291 1865 1326 1898 9.
1358 1860 1669 1909 οἷνακεκλιμὲνας]

289 1906 378 1943 Duc.
411 1908 747 1953 ανακεκλεισμένας.
903 1910 960 1945 15.
996 1908 1219 1955 κεχυμένον]
1245 1909 1396 1945 Bekker.
1431 1909 1668 1955 κεκομμένον.

199 2021 242 2044 ex
257 2009 358 2043 animi
374 2011 540 2045 sententia
554 2011 756 2046 succederet
773 2012 940 2056 (hostium
957 2012 1042 2047 enim
1056 2012 1112 2046 alii
1126 2012 1258 2058 lapides
1276 2015 1312 2047 et
1326 2013 1418 2058 ligna
1433 2016 1469 2046 et
1484 2013 1668 2058 quodcum-

199 2066 266 2100 que
282 2058 484 2091 occurrebat
499 2058 541 2091 ad
560 2069 692 2092 manum
708 2058 834 2092 nivium
850 2059 958 2092 instar
973 2071 992 2092 e
1009 2059 1156 2092 turribus
1172 2059 1390 2093 emittebant:
1414 2059 1481 2103 alii,
1505 2059 1562 2103 qui
1577 2059 1669 2092 infra

199 2102 339 2136 stabant
351 2130 361 2146 ,
386 2104 623 2148 frequentibus
640 2105 716 2138 telis
734 2105 962 2138 obscurabant
991 2105 1120 2147 aetem)
1144 2104 1431 2139 intermittendam
1445 2104 1480 2138 in
1496 2104 1671 2150 praesenti

199 2148 484 2193 oppugnationem
502 2155 596 2184 ratus
612 2157 708 2184 extra
722 2151 781 2184 teli
796 2150 920 2184 iactum
936 2150 1079 2184 recessit
1094 2154 1130 2183 et
1143 2151 1270 2195 pacisci
1287 2162 1362 2184 cum
1376 2150 1528 2184 hostibus
1543 2150 1667 2196 coepit,

199 2194 306 2228 multa
321 2194 362 2227 iis
386 2196 475 2229 bona
491 2196 663 2240 pollicitus
674 2221 684 2237 ‚
710 2208 796 2241 quae
811 2207 887 2230 sese
903 2196 1025 2241 partim
1039 2196 1192 2229 daturum
1209 2197 1385 2230 confestim
1400 2196 1613 2241 spondebat,
1636 2195 1669 2230 si

198 2240 318 2273 urbem
333 2240 419 2274 citra
446 2242 608 2286 praelium
633 2253 754 2286 magno
778 2242 944 2275 dederent
966 2242 1180 2286 imperatori,
1206 2242 1326 2286 partim
1342 2242 1484 2276 subinde
1498 2242 1669 2288 speranda

197 2285 383 2329 ingerebat.
430 2288 589 2332 oppidani
603 2288 699 2322 simul
715 2292 818 2332 atque
832 2288 868 2321 id
882 2299 1064 2332 accepere,
1088 2287 1142 2321 alii
1158 2288 1289 2332 equites
1307 2289 1495 2330 excedunt,
1521 2288 1577 2322 alii
1593 2299 1669 2322 sca-

201 2332 285 2376 phas
301 2331 537 2376 ingrediuntur
550 2359 560 2376 ‚
585 2345 728 2379 eumque
742 2334 887 2367 invitant
903 2339 940 2367 ut
955 2334 988 2367 in
1004 2335 1120 2368 urbem
1132 2358 1143 2374 ‚
1166 2334 1261 2367 cuius
1277 2336 1427 2368 reclusas
1444 2334 1670 2367 ostendebant

199 2382 336 2423 portas,
363 2379 507 2413 veniret.
554 2385 591 2413 at
605 2380 661 2414 ille
677 2392 718 2414 ne
736 2380 832 2414 dolus
847 2381 1003 2414 subesset
1018 2379 1158 2421 veritus,
1173 2380 1280 2424 primo
1298 2381 1425 2414 animos
1443 2380 1575 2413 illorum
1590 2384 1670 2413 ten-

198 2427 275 2457 tare
288 2424 414 2458 statuit.
460 2425 558 2459 iussit
572 2422 690 2471 itaque
707 2437 829 2459 navem
847 2438 890 2460 ex
905 2425 972 2460 suis
989 2437 1089 2459 unam
1105 2425 1150 2460 ad
1167 2426 1259 2459 littus
1275 2427 1330 2470 agi
1341 2453 1351 2469 ,
1375 2425 1471 2470 quasi
1487 2437 1528 2458 eo
1545 2425 1670 2470 appul-

199 2479 333 2503 suram=
356 2482 456 2515 quam
472 2472 530 2504 ubi
556 2472 674 2505 hostes
698 2471 817 2506 vident
840 2471 1022 2516 accedere,
1054 2483 1192 2505 numero
1216 2472 1350 2505 circiter
1365 2471 1539 2516 quingenti
1553 2476 1668 2504 turres

200 2516 440 2550 conscendunt.
485 2516 520 2550 id
549 2518 759 2563 conspicatus
784 2517 1000 2562 Alexander,
1036 2529 1110 2552 cum
1135 2518 1279 2551 necdum
1303 2517 1327 2550 ii
1350 2528 1442 2550 arma
1456 2516 1669 2559 indu1ssent,

200 2571 336 2603 aurum,
362 2562 453 2606 quod
478 2574 564 2608 prae
591 2564 663 2597 sinu
681 2564 824 2597 effusum
847 2564 1026 2608 gestabat,
1050 2563 1222 2608 accipiens
1238 2563 1350 2596 statim
1366 2574 1453 2596 nave
1470 2562 1668 2607 egreditur:

202 2609 404 2652 ostensoque
421 2620 462 2642 eo
480 2609 655 2654 oppidanis
670 2610 727 2654 qui
743 2620 845 2654 supra
861 2621 971 2643 muros
987 2610 1123 2643 stabant
1135 2634 1143 2650 ‚
1168 2609 1251 2642 haec
1266 2609 1376 2642 verba
1391 2608 1560 2642 exclamat
1575 2609 1598 2627 ‘⁶
1612 2608 1671 2653 qui

202 2650 392 2687 divitiarum
408 2660 443 2688 et
458 2655 627 2689 libertatis
643 2655 812 2689 desiderio
827 2656 1000 2700 tangitur,
1023 2655 1090 2689 huc
1111 2654 1254 2689 accedat
1267 2682 1277 2699 ‚
1300 2654 1342 2688 iis
1359 2654 1529 2700 extemplo
1546 2654 1670 2688 fruitu-

202 2696 294 2730 rus.”
338 2699 389 2733 his
415 2700 515 2734 dictis
537 2701 656 2746 ingens
678 2714 697 2735 e
721 2701 860 2735 civitate
881 2701 1021 2735 advolat
1044 2700 1221 2735 multitudo
1249 2705 1286 2734 et
1298 2701 1493 2746 imperatori
1510 2700 1669 2734 continuo

201 2741 412 2786 adiungitur:
438 2757 584 2791 moxque
599 2747 669 2782 dux
684 2747 754 2782 fide
769 2748 811 2782 ab
827 2747 868 2780 iis
883 2755 1027 2793 accepta
1040 2775 1050 2791 ‚
1076 2758 1150 2780 cum
1169 2747 1274 2780 multa
1291 2746 1468 2780 celeritate
1484 2746 1669 2780 exercitum

202 2786 236 2820 in
261 2787 432 2831 civitatem
452 2792 647 2827 introducit.
696 2793 782 2827 adeo
812 2793 893 2826 nihil
912 2798 966 2827 est
992 2793 1032 2826 ad
1047 2792 1247 2826 inescandos
1262 2793 1527 2837 inliciendosque
1542 2796 1667 2825 morta-

201 2832 280 2867 lium
296 2835 426 2870 animos
442 2847 525 2872 auro
553 2839 710 2877 validius.
758 2841 842 2874 haec
858 2843 1036 2886 postquam
1064 2850 1257 2884 cognovere
1273 2838 1366 2874 cives
1380 2838 1457 2882 alii,
1481 2838 1602 2883 quibus
1616 2834 1672 2869 vi-
