1878 3262
625 193 1032 237 HISTORIARUM'
1051 194 1100 236 1..
1127 191 1207 237 w.
1557 189 1655 236 283

206 312 474 367 νοχωρεΐσθαι
501 309 707 364 συνέβαινε
737 309 811 359 τὰς
840 305 1049 366 φρουράς,
1076 307 1295 351 -Θῦέννετοι
1325 303 1455 362 (ἔοικε
1480 305 1560 363 γὰρ
1583 305 1656 348 ἀν-

205 378 386 435 θρώπων
420 378 704 435 ἀπεγνωκότων
743 374 1053 431 δυσμαχώτερον
1074 375 1180 419 ἐἶναι
1210 376 1363 431 μηδὲν)
1396 374 1532 418 τοιάδε
1568 374 1659 418 τινὰ

206 446 444 502 ἐτόλμησαν.
511 448 632 497 αὐτὸς
662 447 829 495 ἕκαστος
857 443 957 501 ὑπὲρ
980 442 1148 486 ἑκάστου
1172 446 1389 502 φερέγγυον
1412 443 1558 486 ἑαυτὸν
1576 448 1658 499 βα-

206 519 314 558 σιλεῖ’
326 514 601 572 παρασχόντες
622 517 815 570 ἀνεθῆναι
835 517 924 556 τῶνι
933 517 1125 569 φρουρῶν
1146 513 1329 567 ἴσχυσαν.
1395 507 1447 567 ἦν
1469 514 1517 555 δέ
1530 529 1592 562 τις
1615 513 1661 554 ἐν·
1679 511 1710 547 0

173 584 345 634 5αὗτοΐς
375 585 474 640 γένει
504 601 545 627 τε
579 584 780 641 διαφανὴς
807 584 873 624 καὶ
897 579 1057 638 πλούτῳ
1083 583 1311 637 διαφέρων·
1350 575 1467 631 οὗτος
1485 582 1589 637 μέγα
1614 598 1652 622 τι
1675 585 1711 620 V
1734 585 1798 621 129

204 653 304 703 νεώς
325 658 468 709 χρῆμα
499 655 566 695 καὶ
597 650 683 694 οἷον
712 652 868 693 οὐδέπω
897 651 940 692 ἐν
962 651 1170 706 Βυζαντίῳ
1194 654 1341 705 κατῆρε
1361 649 1584 705 χρημάτων
1603 653 1663 707 τῷ

205 723 386 778 δημοσίῳ
409 719 680 776 ἀπημπώληκε
712 724 883 761 πολλῶν.
952 717 1049 760 ὅθεν
1077 719 1144 759 καὶ
1178 717 1250 772 τὴν
1280 718 1405 759 αὐτοῦ
1436 719 1661 772 ἐπιμέλειαν

202 790 305 846 πρὸς
325 790 524 843 βασιλέως
543 789 876 845 ἐπιτετραμμένος
897 785 1204 840 συνεβούλευσεν
1230 785 1478 837 Οὗεννέτοις,
1506 785 1660 839 ἐμβάν-

201 874 276 906 τας
312 858 423 915 αὐτῷ
459 861 705 909 πλωΐζεσθαι
742 856 883 906 νυκτὸς
908 857 970 897 ἐπὶ
1001 855 1075 910 τὴν
1106 852 1251 896 αὑτῶν.
1321 854 1358 896 οἶ
1380 855 1423 895 δὲ
1448 854 1517 896 τὸν
1542 854 1660 909 λόγον

150 932 194 968 10
205 924 457 981 ἁρπάσαντες
467 958 479 977 ,
531 925 726 983 ἐπιφόρου
764 929 838 967 τοῦ
870 922 1095 978 πνεύματος
1126 921 1352 979 γεγονότος,
1391 922 1658 977 εἰσεπήδησαν

201 995 268 1036 ἐπ’
306 994 404 1036 αὐτὸ
438 996 505 1036 καὶ
538 995 676 1036 λοιπὸν
705 994 855 1051 ᾤχοντο
883 991 1077 1042 ἀπιόντες.
1137 990 1328 1045 Ῥωμαῖοι
1350 992 1394 1034 δὲ
1417 990 1657 1045 αἰσθόμενοι

200 1061 368 1104 κατόπιν
403 1063 535 1105 αὐτῶν
571 1065 763 1114 ἐδιίυξαν,
809 1062 1031 1118 ἐγγίσαντές
1065 1078 1107 1103 τε
1144 1061 1302 1111 αὐτοῖς,
1350 1062 1444 1117 περί
1475 1077 1552 1102 που
1585 1060 1657 1102 τὸν

191 1130 365 1184 Ἀβύδου
414 1129 615 1186 γεγονότες
655 1130 845 1187 πορθμὸν
878 1132 1059 1186 Μηδικῷ
1101 1131 1196 1186 πυρὶ
1230 1130 1386 1186 φλέξειν
1419 1131 1656 1171 διενοοῦντο.

200 1200 293 1241 ἀλλ’
326 1200 462 1241 ἐκεῖνοι
477 1231 489 1250 ,
517 1199 585 1242 ἅτε
607 1205 686 1242 τῶν
701 1199 934 1253 Ῥωμαϊκῶν
959 1197 1107 1248 ἐθάδες
1126 1196 1474 1252 ἐπιτηδευμάτων,
1512 1199 1653 1247 πίλους
1674 1204 1707 1239 D

145 1275 188 1312 15
202 1268 312 1318 τινὰς
332 1267 411 1318 ὄξει
433 1267 736 1324 περιδεύσαντες
754 1267 909 1317 τούτοις
927 1284 968 1309 τε
989 1272 1125 1309 πᾶσαν
1145 1264 1443 1323 περιειληφότες
1462 1266 1536 1321 τὴν
1557 1270 1659 1308 ναῦν

198 1337 427 1379 ἐστέλλοντο
462 1338 700 1393 θαρσαλέοι.
775 1334 966 1389 Ῥωμαῖοι
1001 1337 1133 1377 τοίνυν
1169 1335 1303 1389 ἐπειδὴ
1339 1336 1465 1390 μηδὲν
1499 1333 1658 1376 ἀνύσειν

198 1403 304 1459 εἶχον
340 1405 414 1460 (τὸ
445 1404 522 1461 γὰρ
552 1410 631 1462 πῦρ
667 1403 915 1461 πορρωτάτω
937 1403 963 1458 ἢ
986 1405 1106 1461 ἐχρῆν
1128 1405 1190 1445 ἐπὶ
1215 1404 1287 1457 τὴν
1309 1407 1432 1460 βᾶριν
1454 1401 1658 1455 ἀκοντιζόό

195 1490 316 1527 μενον
345 1472 371 1527 ἢ
405 1473 497 1514 οὐδὲ
527 1473 678 1527 ἔψαυεν
707 1473 732 1528 ἢ
756 1475 821 1515 καὶ
846 1471 1024 1515 πελάσαν
1049 1480 1132 1522 τοῖς
1155 1474 1284 1522 πίλοις
1307 1470 1660 1529 ἀποστρεφόμενον

197 1542 300 1584 καθ’
325 1539 487 1583 ὑδάτων
510 1543 718 1595 ἐσβέννυτο
742 1539 918 1595 πεσόν),
958 1540 1154 1597 ἄπρακτοι
1188 1539 1458 1597 ἀνεχώρησαν.
1531 1541 1660 1582 Οὐέν-ὸ

141 1618 300 1654 ΞΟνετοι
333 1610 376 1652 δὲ
408 1610 482 1651 οὔκ
505 1613 561 1660 εἷς
581 1611 744 1667 μακρὰν
773 1614 824 1666 τῇ
846 1610 1018 1668 σφετέρᾳ
1049 1607 1315 1666 προσχόντες,
1353 1608 1497 1651 στόλον
1517 1626 1659 1663 τεκτη-

195 1677 358 1732 νάμενοι
391 1678 494 1720 κατὰ
510 1677 718 1733 Ῥωμαίων
745 1680 937 1733 ἐπῆλθον.
1005 1678 1051 1720 τὸ
1081 1679 1153 1732 μὲν
1188 1672 1259 1719 οὖν
1296 1682 1456 1734 πρῶτον
1489 1677 1658 1735 Εὐρίπῳ

196 1747 461 1802 προσέβαλον,
489 1748 569 1789 ἐπεὶ
593 1748 634 1789 δ’
652 1746 1004 1803 ἀπεκρούσθησαν,
1025 1747 1225 1800 βασιλέως
1246 1750 1502 1802 στρατιωτῶν
1523 1763 1655 1803 φρου-

197 1815 273 1871 ρὰς
308 1813 550 1869 ἀποχρώσας
579 1822 667 1865 ταῖς
697 1818 791 1872 τῇδε
819 1814 981 1857 πόλεσιν
1005 1813 1314 1868 ἐπιστήσαντος,
1354 1816 1416 1855 ἐπὶ
1438 1815 1512 1868 τὴν
1533 1819 1655 1868 νῆσον
1677 1820 1706 1855 P
1731 1823 1798 1858 166

197 1883 387 1940 ἐφέροντο
400 1884 519 1934 Ᾰίὀν,
546 1883 726 1926 ἐνταῦθά
744 1901 784 1925 τε
806 1883 879 1932 τὰς
892 1888 990 1933 ναῦς
1004 1882 1288 1931 ἀνελκύσαντες
1309 1884 1371 1923 ἐπὶ
1395 1884 1656 1939 καταδρομῆς

287 1957 345 1991 24.
367 1956 624 2000 καταδρομῆς]
649 1955 762 1990 Malim
784 1956 1010 2002 καταδρομῇ.
1055 1955 1187 1990 Tollius
1205 1955 1470 1999 καταδρομαῖς.

196 2023 254 2058 vix
280 2024 478 2058 sufficerent
508 2035 661 2058 carceres
686 2023 784 2068 (nihil
807 2024 933 2069 quippe
954 2023 1140 2057 hominibus
1163 2023 1205 2057 ad
1229 2023 1497 2069 desperationem
1522 2024 1655 2059 adactis

196 2069 490 2115 inexpugnabilius
518 2081 592 2102 esse
619 2069 744 2112 solet),
778 2070 864 2103 haec
884 2069 1138 2113 aggrediuntur.
1185 2081 1300 2103 eorum
1332 2070 1558 2116 unusquisque
1586 2082 1652 2117 pro

197 2116 289 2149 socio
305 2116 392 2149 illius
410 2115 549 2149 sistendi
563 2115 682 2148 vadem
699 2127 736 2148 se
752 2127 833 2159 erga.
847 2115 1080 2160 imperatorem
1097 2115 1289 2149 constituit:
1313 2127 1379 2160 quo
1395 2114 1488 2150 facto
1505 2117 1653 2151 carceri-

195 2162 260 2196 bus
275 2173 313 2195 se
330 2161 489 2195 eximunt.
538 2165 612 2194 erat
635 2166 746 2194 autem
767 2161 855 2195 inter
876 2172 935 2194 eos
958 2160 1092 2205 quidam
1113 2161 1279 2194 natalibus
1301 2160 1440 2196 illustris
1463 2162 1655 2208 opibusque

196 2207 427 2252 praepollens,
453 2207 510 2251 qui
534 2206 681 2250 ingentis
707 2206 802 2240 molis
824 2218 962 2248 navem,
986 2206 1167 2240 cuiusmodi
1183 2217 1361 2252 numquam
1375 2207 1575 2250 Byzantium
1592 2220 1656 2255 ap-

195 2253 354 2298 pulerat,
384 2253 487 2287 multa
510 2252 653 2297 pecunia
676 2252 882 2297 reipublicae
906 2252 1071 2287 vendidit.
1119 2252 1210 2286 cuius
1226 2258 1409 2298 propterea
1425 2265 1499 2287 cum
1516 2253 1655 2287 deman-

197 2298 279 2332 data
297 2298 329 2332 ei
344 2310 364 2331 a
382 2299 533 2344 principe
549 2309 628 2332 cura
645 2304 754 2340 esset,
779 2298 919 2331 Venetis
944 2298 1115 2332 consilium
1141 2298 1236 2331 dedit
1257 2304 1295 2332 ut
1315 2299 1458 2343 ingressi
1475 2311 1596 2333 navem
1613 2300 1656 2333 de

196 2348 298 2378 nocte
325 2345 528 2378 excederent
552 2350 587 2377 et
599 2344 643 2377 *in
666 2344 807 2389 patr-iam
824 2344 1035 2388 navigarent.
1083 2355 1148 2388 quo
1165 2344 1211 2377 illi
1227 2349 1365 2389 arrepto
1384 2345 1543 2387 consilio,
1570 2357 1658 2378 ven-

196 2394 267 2424 tum
293 2390 385 2424 nacti
409 2389 590 2424 secundum
616 2389 649 2423 in
671 2390 758 2423 illam
781 2389 927 2423 insiliunt
942 2389 1085 2434 indeque
1102 2389 1275 2424 confestim
1291 2391 1479 2434 aufugiunt.
1529 2395 1564 2424 at
1582 2392 1656 2424 Ro-

197 2435 284 2468 mani
309 2441 346 2468 ut
369 2436 404 2469 id
425 2436 626 2478 advertere,
652 2447 672 2469 a
694 2441 794 2479 tergo
818 2447 876 2469 eos
894 2436 1076 2469 consectati
1093 2441 1127 2469 et
1144 2436 1187 2469 ad
1203 2436 1326 2469 fretum
1342 2437 1543 2479 Abydenum
1561 2448 1657 2470 asse-

197 2479 266 2514 cuti
280 2481 415 2515 Medico
435 2482 514 2525 igne
536 2481 660 2515 iniecto
684 2492 804 2515 navem
822 2482 1020 2515 comburere
1036 2482 1147 2515 conati
1163 2486 1251 2514 sunt.
1283 2481 1342 2514 sed
1361 2481 1447 2515 enim
1462 2481 1510 2515 illi
1527 2483 1656 2516 Roma-

198 2536 314 2560 norum
338 2527 485 2561 moribus
507 2527 655 2570 assueti,
680 2537 766 2560 nave
790 2527 986 2561 coactilibus
1001 2532 1099 2560 aceto
1117 2527 1316 2560 madefactis
1332 2532 1488 2561 contecta
1504 2531 1539 2561 et
1554 2539 1657 2573 prae-

197 2570 307 2606 cincta
329 2583 450 2607 secure
474 2573 712 2617 enavigarnnt.
758 2572 874 2618 itaque
899 2573 1042 2606 Romani
1067 2584 1140 2606 cum
1164 2572 1244 2606 nihil
1269 2573 1439 2606 conficere
1465 2574 1659 2618 potuissent

198 2615 302 2660 (ignis
325 2618 448 2663 quippe
471 2631 490 2652 e
510 2619 693 2664 longinquo
715 2618 848 2653 nimium
870 2618 1041 2664 proiectus
1062 2623 1123 2652 aut
1138 2629 1203 2651 non
1218 2618 1359 2663 pertigit
1375 2618 1416 2652 ad
1433 2630 1571 2662 navem,
1596 2623 1657 2653 aut

196 2660 232 2694 in
249 2663 399 2696 coactilia
411 2663 564 2698 incidens
579 2669 671 2698 retro
689 2665 866 2708 agebatur,
891 2665 1081 2709 cadensque
1097 2664 1130 2697 in
1146 2675 1267 2709 aquam
1283 2664 1580 2708 exstinguebatur)
1596 2662 1654 2698 re·-

198 2706 260 2739 bus
274 2706 409 2742 infectis
423 2709 608 2744 redierunt.
652 2722 718 2744 non
740 2710 842 2744 multo
865 2716 941 2756 post
963 2710 998 2744 in
1014 2715 1138 2743 terram
1153 2721 1245 2743 suam
1259 2710 1392 2755 appulsi
1409 2711 1530 2744 Veneti
1546 2710 1653 2744 fabri-

198 2757 275 2785 cata
292 2751 400 2787 classe
413 2753 448 2788 iu
462 2755 635 2790 Romanos
652 2755 897 2801 expeditionem
914 2767 1103 2800 suscepere.
1153 2767 1193 2788 ac
1215 2755 1323 2800 primo
1339 2756 1473 2800 quidem
1489 2756 1653 2800 Euripum

195 2797 378 2831 invadunt:
413 2810 553 2845 cumque
577 2801 654 2835 inde
680 2802 816 2846 expulsi
836 2807 950 2836 essent
979 2801 1116 2845 (idonea
1137 2801 1263 2847 quippe
1284 2801 1475 2836 civitatibus
1499 2813 1586 2846 quae
1606 2800 1652 2833 ibi

198 2848 332 2878 exstant
345 2843 515 2890 praesidia
528 2846 734 2893 imposuerat
746 2847 949 2894 imperator)
966 2847 1134 2883 traiiciunt
1149 2847 1194 2882 ad
1203 2847 1342 2883 insulam
1348 2846 1477 2883 Chium.
1493 2847 1541 2882 ibi
1554 2845 1653 2881 navi·-
