1878 3262
210 229 277 275 96
696 227 920 272 IOANNIS
954 226 1185 273 CINNAMI

345 340 390 387 4.
462 345 595 383 Τοῦτο
621 340 666 383 τὸ
689 339 881 398 τρόπαιον
907 343 949 392 ἐξ
969 339 1163 397 ὗπογυίου
1186 342 1469 399 κατωρθωκὼς
1492 339 1515 385 ὃ
1542 340 1665 384 αὖτο-

210 408 369 467 κράτιορ
397 410 549 451 ἐκεῖθεν
576 408 778 466 ἀπήλαυνε
804 410 904 467 πρὸς
929 410 999 453 τὸν
1023 410 1128 452 κατὰ
1153 412 1337 461 Σικελίας
1361 411 1439 466 ἤδη
1465 426 1664 453 συσκευα-

206 477 368 532 ζόμενος
400 476 587 531 πόλεμον.
656 483 848 521 τοσοῦτον
872 479 949 535 γὰρ
985 479 1095 535 αὐτῷ
1120 477 1166 520 τὸ
1192 480 1282 536 περὶ
1307 479 1402 528 τοὺς
1426 478 1665 532 πολεμικοὺς

205 544 412 600 καμάτους
438 545 609 602 ἄτρυτον
634 542 704 602 ῆν,
733 546 826 589 ὅσον
853 548 1008 589 οὐδέπω
1035 547 1165 588 οὐδενὶ
1191 545 1303 601 οἶμαι
1327 545 1476 603 ὑπῆρξε
1503 549 1665 589 καὶτῶν

202 619 274 669 τῆς
299 618 434 669 κοινῆς
458 616 524 656 καὶ
552 620 840 671 στρατιωτικῆς
863 614 1079 671 γεγονότων
1103 616 1274 672 μοίρας,
1308 615 1365 670 μὴ
1393 613 1453 656 ὅτι
1474 630 1517 670 γε
1541 619 1696 668 βασι-5

204 687 338 725 λεῦσιν
364 682 390 737 ἢ
418 690 667 740 στρατηγοῖς.
734 684 795 741 ᾔει
821 686 953 726 τοίνυν
979 685 1164 726 Σικελίαν
1188 701 1229 726 τε
1251 686 1444 740 περινοῶν
1469 683 1537 725 καὶ
1557 683 1664 725 Ἰτα-

205 753 295 792 λιάν
329 756 489 793 πᾶσαν·
527 752 622 793 ἀλλ’
663 750 717 802 ὡς
752 753 852 795 ἔοικε
878 751 978 807 τύχη
1007 754 1073 794 καὶ
1101 751 1223 802 δόξαν
1249 753 1387 807 ἀληθῆ
1412 756 1665 807 παραιτεῖται

203 821 270 861 καὶ
293 819 367 874 τὴν
389 819 463 861 σὺν
486 819 683 877 ἐπιστήμῃ
708 824 949 877 στρατηγίαν
962 819 1070 877 πόνῳ
1094 821 1224 862 οὖὸἐνὶ
1245 822 1286 870 ἐς
1306 820 1536 862 τούναντίον
1556 818 1665 860 ἅπαν

150 897 180 931 C
206 889 430 945 ἀποκρίνειν
466 889 685 931 ἐπίσταται.
755 888 775 931 ὅ
801 891 874 943 μὲν
907 889 985 946 γὰρ
1012 891 1141 931 καίτοι
1166 893 1247 931 τῶν
1272 891 1487 930 Σκυθικῶν
1511 886 1662 941 μεταξῦ

202 955 524 1013 περιεσπακότων
550 955 659 1011 ὅμως
684 957 794 1014 ἔφθη
821 956 1104 1014 ἐπικαιρότατα
1129 962 1188 1015 τῷ
1207 955 1331 1014 χιόρῳ
1355 954 1539 1007 ἐπιστάς,
1566 954 1662 997 ὅθεν
1674 967 1718 1000 10

202 1027 269 1067 καὶ
308 1025 381 1079 τὴν
420 1024 644 1067 ἀπόπλοιαν
680 1031 884 1068 ποιεῖσθαι
911 1028 1051 1083 ἐχρῆν·
1087 1026 1156 1068 τὸν
1184 1026 1227 1068 δὲ
1252 1024 1396 1068 στόλον
1422 1025 1661 1078 ξυνέβαινεν,

202 1094 277 1135 εἴτε
304 1092 524 1147 πνεύμασιν
550 1096 741 1144 ἐναντίοις
766 1100 837 1149 τῆς
863 1096 924 1136 ἐπὶ
952 1095 1003 1136 τὰ
1028 1092 1167 1151 πρόσω
1195 1094 1465 1144 ἆνακοπέντα,
1493 1092 1568 1134 εἴτε
1594 1093 1662 1134 καὶ

200 1166 252 1218 τῇ
277 1166 350 1203 τοῦ
376 1162 520 1212 ὁουκὸς
545 1165 634 1219 περὶ
659 1167 788 1206 ταῦτα
815 1164 1000 1221 ἀμαθία,
1040 1163 1118 1217 ὀψὲ
1144 1164 1212 1204 καὶ
1239 1161 1405 1204 κατόπιν
1430 1162 1563 1203 ἐλθεῖν
1588 1164 1663 1202 τοῦ

205 1234 362 1287 καιροῦ.
430 1229 547 1287 ἔαρος
570 1231 647 1289 γὰρ
682 1236 762 1274 τῶν
787 1233 1020 1283 Βυζαντίων
1046 1231 1237 1284 ἀναχθεὶς
1261 1230 1448 1284 λιμένων,
1484 1227 1660 1285 φθινού-

202 1314 278 1353 σης
302 1298 381 1353 ἤδη
407 1303 479 1353 τῆς
505 1298 614 1356 ὥρας
647 1301 688 1350 ἐς
711 1301 883 1354 βασιλέα
908 1303 1078 1355 κατῆρεν
1103 1299 1287 1341 ἐντεῦθέν
1310 1316 1352 1341 τε
1378 1297 1430 1339 τὰ
1449 1295 1659 1350 Ῥωμαίων
1671 1305 1713 1340 15

201 1366 350 1423 ἔσφηλε
384 1366 615 1423 πράγματα.
690 1369 812 1423 ἀνέβη
847 1369 920 1422 μὲν
950 1368 1027 1424 γὰρ
1061 1369 1128 1409 καὶ
1162 1367 1235 1422 τὴν
1269 1364 1387 1423 διήρη
1423 1363 1443 1407 ὅ
1468 1364 1660 1419 βασιλεὺς

199 1437 266 1476 καὶ
289 1435 334 1477 τὸ
357 1435 543 1478 ναυτικὸν
566 1435 674 1479 ἅπαν
697 1436 799 1494 πρὸς
821 1443 910 1487 ταῖς
931 1435 1085 1486 κώπαις
1106 1434 1282 1490 ἐκάθητο
1310 1433 1364 1484 ὡς
1385 1434 1528 1476 αὖτίκα
1555 1434 1658 1475 ἀπο-

195 1502 489 1557 πλευσόμενον,
525 1505 630 1547 ἀλλὰ
651 1505 803 1559 χειμὼν
830 1504 968 1562 ἄγριος
992 1507 1059 1546 καὶ
1085 1502 1322 1558 πνευμάτων
1343 1504 1432 1557 βίαι
1458 1503 1659 1559 αἰφνίδιον

196 1578 510 1627 καταρραγεῖσαι
535 1573 727 1629 ἄπεῖρξαν
749 1573 871 1615 αὐτὸν
891 1577 963 1615 τοῦ
984 1572 1281 1629 ἐγχειρήματος.
1348 1569 1498 1626 πελάγη
1525 1587 1566 1612 τε
1579 1569 1657 1626 γὰρ

198 1640 378 1682 ἐνταῦθα
405 1641 542 1690 δεινῶς
568 1641 699 1695 ἀχανῆ
724 1642 911 1693 τέταται,
939 1643 1007 1683 καὶ
1032 1641 1139 1683 ἐστιν
1164 1642 1343 1689 ἐπιεικῶς
1367 1636 1613 1693 κινδυνώὸης
1633 1635 1714 1682 ὃΞΟ

145 1718 178 1752 D
202 1712 327 1757 πλοῦς
352 1710 419 1749 καὶ
443 1708 621 1762 μάλιστα
643 1714 852 1763 χειμῶνος.
921 1709 1018 1752 ὅθεν
1038 1711 1105 1751 καὶ
1132 1709 1253 1758 αὐτὸς
1272 1709 1345 1761 μὲν
1370 1708 1437 1748 ἐπί
1457 1724 1547 1748 τινα
1568 1710 1660 1759 χῶ-

196 1793 268 1832 ρον
294 1776 421 1832 ἀγχοῦ
445 1781 517 1832 τῆς
541 1779 741 1835 Βερροίας
766 1775 1006 1830 ἀναζεύξας,
1033 1778 1213 1820 ἐνταῦθα
1239 1777 1479 1830 διεχείμαζε·
1516 1774 1586 1817 τὸν
1613 1774 1657 1816 δὲ

291 1919 323 1952 1.
353 1913 390 1959 ἐξ
407 1912 618 1962 ὕπογυίου]
650 1917 703 1952 Ita
725 1917 869 1953 Tollius.
903 1917 990 1953 Cod.
1009 1914 1047 1959 ἐξ
1065 1917 1121 1951 {in
1259 1941 1268 1950 .
1291 1916 1421 1962 reliqua
1435 1918 1656 1950 evanuerunt.

290 1963 642 2054 ἓοᾱστὲίοὲἶιωτικῆς]
677 1964 733 1998 Ita
754 1964 898 1999 Tollius.
936 1963 1025 1999 Cod.
1051 1962 1335 2009 στρατιωτικῶν.
1472 1963 1527 1998 18.
1551 1961 1656 2008 βίαι]

288 2131 324 2166 4.
369 2132 448 2166 Hac
475 2131 651 2166 subitanea
676 2135 777 2177 parta
800 2132 963 2178 victoria,
994 2132 1073 2167 inde
1097 2131 1238 2167 recessit
1257 2131 1439 2177 imperator
1464 2131 1509 2166 ad
1532 2131 1652 2166 bellum
1704 2154 1708 2157 «

197 2182 318 2211 contra
334 2177 482 2211 Siciliam
498 2189 573 2211 sese
590 2190 797 2222 comparans.
843 2184 974 2213 tantum
991 2180 1075 2212 enim
1089 2179 1122 2212 in
1136 2179 1194 2212 illo
1210 2184 1283 2212 erat
1299 2178 1482 2223 patientiae
1495 2177 1538 2211 ad
1554 2177 1653 2211 belli-

197 2234 256 2257 cos
273 2223 406 2256 labores
417 2249 427 2265 ‚
451 2227 610 2267 quantum
626 2229 663 2256 ut
679 2225 825 2258 arbitror
842 2237 885 2259 ne
911 2225 970 2258 ulli
985 2225 1116 2269 quidem
1134 2224 1243 2257 adfuit
1263 2223 1318 2258 vel
1332 2223 1518 2268 vulgarium
1541 2223 1573 2256 in
1590 2234 1652 2256 ex-

198 2269 305 2302 ercitu
321 2268 472 2311 militum,
497 2268 616 2301 nedum
641 2269 879 2312 imperatorum
895 2271 951 2304 vel
967 2271 1099 2305 ducum.
1129 2270 1201 2303 ibat
1215 2269 1319 2313 igitur
1333 2281 1396 2302 non
1413 2268 1562 2301 Siciiiam
1578 2279 1652 2302 mo-

197 2314 241 2348 do
252 2339 262 2355 ‚
285 2314 347 2347 sed
363 2318 398 2347 et
415 2314 604 2347 universam
620 2314 750 2347 Italiam
766 2315 873 2348 animo
890 2317 1104 2360 complexus:
1129 2321 1165 2348 at
1179 2326 1305 2357 νει-ειη,
1329 2319 1367 2348 ut
1381 2314 1525 2355 videtur,
1550 2325 1652 2348 aver-

195 2366 292 2394 satur
318 2359 459 2403 gloriam
485 2360 623 2392 fortuna
634 2384 644 2400 ‚
668 2359 916 2405 imperandique
931 2368 1037 2395 artem
1054 2361 1189 2395 militari
1204 2359 1364 2393 scientiae
1375 2359 1583 2393 coniunctam
1600 2360 1650 2394 la-

193 2406 279 2440 bore
303 2405 393 2438 nullo
409 2411 547 2438 vertere
561 2405 594 2438 in
612 2405 815 2438 contrarium
832 2407 939 2450 probe
955 2408 1063 2441 novit.
1107 2406 1166 2440 ille
1181 2405 1314 2450 quidem
1331 2405 1393 2439 etsi
1405 2417 1426 2438 a
1440 2406 1542 2439 rebus
1558 2406 1650 2449 Scy-

192 2451 293 2484 thicis
305 2450 436 2485 interea
444 2455 638 2492 vocaretur,
662 2450 764 2483 nihilo
777 2451 882 2484 minus
898 2459 1011 2486 tamen
1026 2457 1216 2497 opportune
1231 2450 1265 2484 in
1281 2462 1355 2484 eum
1371 2451 1480 2484 locum
1497 2455 1648 2494 venerat,

193 2509 235 2530 ex
252 2507 318 2541 quo
336 2496 586 2539 navigationem
600 2496 726 2530 institui
742 2498 931 2540 oportebat.
979 2505 1049 2531 tuni
1073 2508 1208 2542 quoque
1223 2496 1346 2530 accidit
1363 2501 1399 2529 ut
1413 2496 1552 2538 classis,
1576 2496 1651 2530 sive

192 2541 392 2576 reflantibus
410 2543 549 2575 detenta
564 2541 675 2575 ventis
688 2567 698 2585 ‚
722 2542 795 2575 sive
811 2542 905 2577 ducis
919 2543 1087 2588 imperitia
1099 2569 1109 2585 ,
1132 2542 1239 2576 serius
1262 2553 1324 2575 nec
1338 2547 1528 2587 opportune
1542 2541 1650 2576 adve-

195 2587 296 2622 nerit.
345 2588 471 2632 quippe
486 2587 575 2621 circa
590 2599 730 2621 vernum
745 2593 878 2632 tempus
892 2589 1080 2632 Byzantino
1097 2598 1234 2632 egressa
1248 2593 1359 2632 portu,
1385 2592 1502 2620 exacta
1517 2587 1650 2622 demum

195 2636 327 2667 aestate
340 2633 384 2666 ad
398 2633 636 2678 imperatorem
650 2633 762 2667 delata
777 2645 833 2667 res
850 2635 1018 2668 Romanas
1033 2634 1119 2667 haud
1138 2633 1349 2667 mediocriter
1374 2632 1509 2666 afflixit.
1557 2633 1649 2667 bire-

195 2690 282 2713 mem
296 2678 382 2712 enim
408 2679 651 2712 conscenderat
665 2679 869 2723 imperator,
890 2685 1031 2725 totaque
1046 2679 1163 2713 classis
1176 2703 1187 2722 ‚
1210 2679 1306 2713 velut
1319 2678 1429 2712 statim
1443 2679 1648 2723 discessura,

195 2734 306 2759 remos
321 2724 559 2768 expediverat,
583 2735 658 2757 cum
683 2729 864 2769 tempestas
879 2726 1009 2765 valida,
1044 2725 1163 2769 visque
1177 2728 1317 2770 repente
1330 2724 1504 2758 suboriens
1523 2730 1648 2758 vento-

196 2780 271 2804 rum
283 2797 292 2812 ‚
315 2769 403 2803 illius
418 2770 663 2814 praepedivere
677 2770 827 2805 consilia..
871 2776 970 2805 vasta
985 2770 1110 2816 quippe
1132 2769 1185 2803 hic
1208 2769 1427 2815 porriguntur
1439 2770 1541 2804 maria
1553 2795 1563 2811 ,
1586 2782 1648 2804 eo-

191 2827 262 2860 que
281 2815 440 2861 periculis
462 2814 567 2858 magis
592 2818 644 2849 est
661 2815 803 2850 obnoxia
829 2816 999 2860 navigatio
1013 2841 1022 2857 ‚
1054 2815 1196 2849 maxime
1218 2815 1348 2850 hieme:
1381 2815 1470 2849 unde
1483 2815 1517 2849 in
1537 2816 1647 2850 locum

192 2861 281 2896 haud
305 2860 424 2908 procul
447 2861 620 2896 Berrhoea
641 2862 808 2897 concessit
822 2862 997 2908 princeps,
1017 2861 1132 2907 ibique
1155 2860 1328 2898 hiemavit.
1373 2861 1537 2897 sororium
1561 2873 1646 2896 vero
