1878 3262
343 215 403 259 IN
418 213 731 258 HISTORIAM
744 213 968 259 IOANNIS
989 213 1219 259 CIN‘NAMI
1238 215 1439 259 NOTAE.
1519 215 1616 262 393

171 323 299 364 visum
321 329 382 362 est
399 335 539 375 operae
555 323 738 376 pretium.
784 327 805 367 1
825 329 928 376 part.
956 330 1049 363 sect.
1066 328 1091 367 3
1118 339 1152 366 c.
1175 323 1244 368 14:
1273 340 1320 363 en
1343 324 1539 377 berg-agee
1560 325 1617 364 les·

171 394 284 419 euers·
301 388 451 418 aurant
466 394 592 432 egaus
607 382 765 432 parties·
783 395 930 418 comme
945 381 1151 433 lessi-eree.
1207 395 1239 423 c.
1265 383 1335 424 15:
1356 396 1439 434 par
1465 382 1618 435 borga-

166 451 240 489 ges
265 444 357 474 sont
380 444 494 475 tenus
516 438 571 475 les
592 438 707 475 alnes
723 444 760 475 et
772 437 828 475 les
848 451 1028 475 masures*
1044 437 1112 475 des
1129 438 1309 476 bouriois·
1330 440 1399 490 qui
1414 442 1622 490 eontfetee

173 501 211 531 et
238 493 422 532 establiee
451 497 491 531 ἑε
518 494 680 546 bour-ge.
736 506 768 532 c.
786 496 865 537 18:
892 500 1048 531 tenure-v
1062 509 1143 545 par
1160 494 1355 546 bmgages
1370 502 1498 547 puent
1521 502 1621 534 estre

173 549 345 588 vendues
361 558 396 588 et
413 551 598 600 achetbee,
627 557 745 588 autre
759 551 797 587 si
813 563 959 588 comme
977 557 1116 588 autres
1135 551 1244 588 biens
1259 551 1445 599 muebles,
1467 566 1567 590 sans·
1584 553 1621 590 Ie

172 614 455 645 con-sentement
478 606 526 645 de
547 608 656 645 leurs
674 608 875 658 seignors,
905 614 940 643 et
960 607 1015 643 les
1033 615 1258 644 coustumes
1276 623 1323 646 en
1343 607 1502 646 doivent
1522 616 1622 648 estre

170 662 341 701 rendues·
367 665 478 701 aelon
506 666 564 703 les·
594 670 819 702 cous-tumes
845 662 915 700 des·
940 663 1103 715 baurg-8.
1159 669 1198 700 et
1224 664 1346 703 infra:
1374 663 1551 703 adcertes
1574 680 1622 704 en

174 719 350 772 borgage
366 722 471 758 riens
489 721 547 758 n’i
561 728 618 758 est
634 727 729 758 tenu
742 733 826 771 par
847 719 1038 771 homage,
1067 734 1108 757 se
1127 733 1168 757 ce
1185 720 1283 757 n’est
1295 735 1376 772 par
1395 721 1622 760 establis-se-

174 785 279 814 ment
301 775 349 814 de
367 777 559 817 bouriois.
616 776 661 814 iis
682 776 894 827 adiungere
913 776 1036 824 lubet,
1065 788 1165 826 quae
1187 775 1336 815 habent
1355 778 1525 816 Bracton
1545 779 1572 818 l.
1591 782 1621 822 2

174 845 209 873 c.
227 836 280 875 37
297 831 339 884 §.
359 836 387 874 2
408 839 448 871 et
463 845 513 870 ex
532 845 578 871 eo
595 832 704 871 Flete
725 833 751 871 l.
771 836 791 874 1
816 846 850 873 e.
868 836 895 874 2
912 830 956 884 §.
978 836 1004 874 7
1026 832 1074 871 de
1090 834 1217 884 plena
1234 840 1364 871 aetate
1380 846 1463 884 seu,
1491 841 1540 872 ut
1559 835 1624 873 lo-

172 895 353 939 quuntur
379 889 524 938 nostri,
551 891 780 927 maioritate
805 887 1018 927 haeredum
1047 889 1319 941 burgensium:
1354 889 1494 928 haere-s»
1522 891 1624 929 bur-

168 947 308 996 gensis
341 960 464 997 quam
501 947 624 983 citius·
651 945 923 983 discretionem
961 946 1108 984 habeat
1141 945 1330 984 denarios·
1367 946 1624 998 numerandi,

166 1015 329 1053 pannos
356 1001 532 1040 ulnandi
555 1010 591 1039 et
617 1001 874 1048 huiusmodi,
895 1002 1060 1053 plenam
1088 1010 1256 1040 aetatem
1279 1002 1432 1041 dicitur
1453 1003 1624 1042 obtinere
1646 1004 1675 1039 P
1697 1005 1766 1041 490

172 1065 210 1096 et
236 1066 333 1096 tunc
351 1061 487 1110 primo
502 1059 656 1110 finitur
683 1059 827 1098 tutela.
884 1058 988 1096 hanc
1013 1059 1062 1097 de
1078 1059 1279 1111 burgesiis
1295 1060 1535 1098 nostratibus
1555 1073 1626 1100 seu

174 1114 223 1152 de
241 1114 326 1152 iure
344 1115 512 1154 civitatis
531 1115 638 1166 apud
653 1115 836 1164 francos,
864 1114 974 1153 haud
993 1116 1151 1154 omnino
1170 1116 1495 1155 contemnendam
1514 1130 1626 1155 com-

173 1171 542 1222 mentatiunculam,
572 1172 636 1209 cui
654 1172 856 1210 materiam
878 1171 1060 1224 praebuit
1081 1173 1314 1223 Cinnamus,
1342 1186 1422 1210 non
1440 1186 1627 1224 asperna-

174 1227 284 1265 bitur
309 1228 482 1266 fortassis
510 1228 690 1266 eruditus
719 1229 865 1277 lector,
907 1228 1085 1266 barbaris
1121 1229 1213 1267 licet
1245 1228 1389 1279 passim
1427 1230 1627 1268 vocabulis

174 1297 387 1335 aspersam,
417 1298 440 1322 a
471 1284 612 1335 quibus
638 1285 843 1323 deflectere
868 1297 988 1335 paene
1016 1285 1212 1337 piaculum
1230 1285 1385 1334 suisset,
1415 1299 1504 1324 cum
1522 1287 1628 1325 eius-

173 1341 281 1379 modi
301 1341 553 1391 antiquitates
573 1341 807 1392 pertractari
826 1341 936 1379 aliter
954 1341 1024 1380 vix
1047 1342 1209 1393 possint,
1233 1342 1380 1380 nedum
1400 1342 1572 1394 intelligi.

285 1432 326 1470 p.
354 1421 436 1461 283
463 1432 501 1458 v.
530 1422 593 1461 13.
650 1420 828 1474 Μηδικῷ
851 1418 974 1471 πυρὶ]
1017 1420 1116 1459 Vide
1137 1420 1385 1459 Lambecium
1415 1420 1459 1458 in
1491 1421 1633 1460 Codini

174 1481 361 1526 excerpta
382 1489 420 1514 n.
443 1479 495 1518 12
519 1481 558 1513 et
576 1489 675 1526 quae
698 1476 750 1514 ad
773 1475 962 1514 Villhard.
982 1490 1022 1516 n.
1043 1479 1124 1520 113
1145 1483 1184 1516 et
1202 1477 1421 1517 loinvillam
1446 1490 1485 1529 p.
1504 1482 1555 1520 71
1584 1479 1634 1517 de

142 1573 147 1578 ,
173 1532 260 1584 igne
278 1533 428 1570 Graeco
450 1545 473 1569 a
491 1531 602 1570 nobis
623 1538 716 1571 sunt
734 1532 953 1572 observata.

286 1612 328 1641 v.
349 1598 414 1642 14.
471 1600 613 1647 πίλους
629 1597 764 1651 τινας]
792 1599 960 1638 Navium
982 1599 1107 1638 latera
1132 1599 1242 1638 siccis
1265 1600 1387 1639 boum
1406 1601 1521 1640 coriis
1539 1615 1632 1640 mu-

174 1655 406 1707 niebantur,
434 1663 482 1694 ut
501 1655 579 1694 ab
566 1669 654 1707 igne
670 1657 814 1695 iniecto
831 1661 919 1694 tuta
937 1663 1076 1696 essent.
1132 1657 1389 1709 Pachymeres
1409 1657 1435 1699 l.
1457 1659 1482 1700 5
1505 1672 1539 1697 c.
1559 1662 1634 1701 30.

177 1709 276 1752 ἄλλα
307 1712 374 1752 καὶ
401 1727 448 1752 τα
474 1710 623 1764 πλευρα
649 1716 722 1766 τῆς
742 1708 838 1765 νηὸς
853 1714 1005 1765 βοείαις
1025 1729 1145 1762 αυαις
1177 1711 1369 1766 ἐξήρτυον
1396 1714 1464 1755 καὶ
1497 1712 1636 1763 οπλοις

176 1771 517 1820 κατεκοσμοῦντο,
562 1785 617 1817 ως
653 1766 919 1822 ἀποχρώντως
951 1766 1193 1823 οἷντεξούσης
1214 1769 1296 1824 μὲν
1321 1767 1424 1825 πρὸς
1450 1774 1533 1825 πῦρ
1565 1770 1634 1812 καὶ

177 1827 262 1865 πᾶν
284 1840 327 1865 το
349 1821 589 1877 βαλλόμενον
607 1828 680 1877 τῆς
695 1841 807 1874 νεως.

288 1905 326 1942 Ρ-
346 1894 427 1933 286
446 1905 485 1930 v.
501 1891 540 1933 4.
598 1892 778 1943 Μελίας]
810 1892 889 1940 Qui
919 1892 1097 1930 Armenis
1115 1891 1264 1930 Mkliclz
1280 1898 1318 1930 et
1336 1893 1494 1944 stlelier,
1522 1893 1634 1932 Lati-

177 1947 239 1986 nis
259 1948 361 1986 Milo
379 1948 520 1989 dictus.
577 1947 668 1987 vide
689 1949 852 1999 Tyrium
873 1948 899 1986 l.
919 1952 973 1991 20
992 1962 1025 1987 c.
1043 1952 1097 1991 27
1120 1955 1160 1987 et
1178 1952 1244 1991 28.

290 2029 327 2054 v.
350 2015 415 2057 14.
473 2012 666 2064 Σαξόνων
683 2014 704 2057 ὁ
723 2014 841 2067 dunig]
871 2016 959 2054 Non
979 2016 1095 2068 legati
1117 2030 1260 2054 munus
1282 2015 1417 2054 obibat
1436 2016 1632 2061 Heni-icus

177 2072 254 2110 Leo
277 2073 468 2110 Saxoniae
486 2072 581 2121 dux,
612 2086 701 2110 cum
721 2073 872 2124 Cpolim
890 2072 1017 2111 venit:
1045 2072 1113 2110 sed
1134 2087 1222 2111 cum
1244 2086 1314 2124 per
1332 2072 1539 2111 Thraciam
1557 2074 1632 2112 iter

179 2129 213 2166 ei
231 2129 510 2180 capessendum
529 2135 641 2178 esset,
661 2142 739 2178 quo
761 2129 899 2167 tutiori
918 2129 984 2167 via
1002 2129 1310 2181 Hierosolymam
1329 2131 1563 2181 perveniret,
1580 2130 1632 2169 ad

178 2184 397 2224 Manu'elem
428 2186 592 2224 divertit
619 2185 691 2223 sub
722 2185 920 2236 legationis
939 2186 1084 2237 specie,
1115 2187 1223 2224 cuius
1239 2186 1448 2237 praecipua
1467 2187 1634 2225 deman—

180 2241 274 2280 data
291 2247 373 2280 erat
389 2255 484 2280 cura
503 2242 778 2281 wormatiensi
800 2242 993 2294 episcopo,
1037 2242 1235 2281 Arnoldus
1252 2243 1392 2284 Lubec.
1406 2247 1432 2285 2
1450 2257 1482 2282 c.
1497 2247 1541 2284 3:
1562 2258 1633 2282 nec

172 2297 512 2351 praetereundum
539 2297 648 2350 quod
654 2297 861 2336 dominus
892 2299 1206 2338 lVormatiensis
1231 2299 1328 2337 huic
1352 2301 1487 2338 itineri
1504 2315 1544 2338 se
1565 2315 1634 2339 so-

179 2357 328 2404 ciavit,
359 2370 439 2394 non
453 2357 794 2408 peregrinationis·
808 2356 972 2407 gratia,
1001 2355 1074 2393 sed
1092 2356 1290 2408 legatione
1297 2357 1478 2406 functus
1503 2358 1633 2409 impe-

182 2414 355 2461 ratoris,
386 2411 443 2449 ad
468 2426 598 2464 regem
632 2412 876 2450 Graecorum·
903 2413 1156 2462 Manub’lem,
1180 2427 1256 2464 pro
1276 2413 1378 2464 filia
1400 2414 1531 2463 ipsius
1537 2414 1636 2464 filio

182 2482 255 2506 suo
274 2470 317 2506 in
333 2470 591 2506 matrimonio
610 2467 806 2506 socianda
818 2497 828 2516 ,
859 2470 993 2506 verius
1013 2476 1147 2506 tamen
1168 2469 1214 2506 ob
1243 2468 1495 2506 commodum
1515 2469 1635 2507 ducis

172 2525 342 2574 factum
369 2523 566 2574 creditur,
605 2532 653 2562 ut
682 2533 767 2562 tam
785 2525 1003 2576 familiari
1031 2526 1227 2577 legatione
1270 2533 1431 2576 accepta
1469 2525 1635 2578 benigne

184 2579 321 2618 ducem
349 2595 418 2619 rex
448 2583 693 2620 Graecorum
711 2583 944 2633 susciperet,
977 2589 1014 2620 et
1031 2581 1243 2633 benignius
1260 2596 1331 2632 per
1348 2589 1496 2620 terram
1515 2596 1636 2621 suam

185 2634 382 2674 ducatum
414 2639 450 2676 ei
476 2638 695 2690 praeberet.
751 2637 927 2676 Arnoldo
954 2638 1149 2676 consentit
1174 2637 1398 2676 Gotefridus
1426 2639 1529 2678 Mon.
1557 2639 1636 2682 An.

187 2694 316 2734 1173:
351 2695 437 2744 ipso
474 2709 581 2733 anno
607 2695 811 2734 Henricus·
842 2693 927 2732 dux
959 2696 1162 2732 Saxonum
1185 2695 1511 2747 Hierosolymam
1542 2710 1633 2734 cum

185 2747 269 2789 500
291 2748 380 2799 fire
406 2751 606 2789 militibus
634 2750 816 2799 tetendit,
840 2751 964 2803 filici
981 2765 1155 2803 prorsus·
1186 2765 1289 2789 usus·
1314 2758 1349 2789 et
1373 2752 1539 2790 honesta
1557 2766 1633 2804 per

185 2811 334 2843 terram
353 2807 598 2856 profectione
626 2816 664 2847 et
686 2807 832 2848 reditu.
888 2822 986 2846 nam
1016 2809 1059 2846 in
1092 2806 1222 2846 eundo
1253 2809 1393 2846 nullas
1416 2809 1633 2846 Tur-corum

179 2874 333 2912 passus
352 2868 408 2899 est
425 2863 624 2915 iniurias,
655 2872 692 2904 et
715 2879 743 2904 a
761 2879 851 2918 rege
872 2864 1084 2918 Cpolitano
1106 2864 1319 2917 honorifice
1337 2872 1567 2917 susceptu-5,
1595 2871 1631 2901 et
