1878 3262
286 217 383 263 232
418 212 624 260 CAROLI
638 215 720 259 DU
737 214 951 259 FRESNE
966 214 1026 258 IN
1038 214 1145 259 NIC.
1157 215 1396 260 BRYENN.
1410 217 1592 262 COMM.
1604 217 1740 263 NOT.
1777 210 1780 212 ’

498 331 546 362 tu
557 329 673 375 potes
690 322 862 362 alterius
881 320 1034 361 studiis
1052 323 1212 363 haerere
1227 326 1447 376 Minervae,

501 389 549 419 tu
572 380 693 429 telas,
722 394 800 418 non
821 380 903 418 tela
914 382 1036 432 pati,
1064 387 1109 419 tu
1127 383 1306 419 stamina
1327 396 1465 433 nosse,

500 444 548 475 tu
565 450 704 488 segnes
725 450 888 489 operum
909 438 1034 475 solers
1054 451 1195 489 urgere
1204 439 1392 490 puellas,

499 501 536 532 et
554 494 716 531 niveam
737 493 925 531 dominae
937 495 1076 546 pensis
1094 495 1291 534 involvere
1310 495 1465 547 lanam,

497 563 616 588 arma
636 550 813 602 relinque
831 551 946 590 viris.

280 604 349 643 sed
377 604 458 643 nori
494 613 553 644 est
578 619 651 644 cur
678 606 730 643 ad
758 609 1003 645 coniecturas
1023 618 1293 657 recurramus,
1324 621 1414 646 cum
1437 607 1519 660 ipse
1541 618 1581 645 se
1600 607 1739 647 offerat

280 675 481 713 caporum,
513 663 557 701 id
574 669 646 712 est,
674 663 867 714 gallorum
885 669 1147 702 castratorum
1170 676 1238 702 seu
1257 666 1556 714 semimarium,
1585 663 1645 701 uti
1663 677 1740 703 vo-

282 724 423 756 cantur
450 732 473 756 a
499 720 700 768 Varrone,
744 720 928 771 glocitus,
958 733 1037 770 quo
1065 719 1123 758 illi
1146 727 1319 759 utuntur
1345 721 1535 770 maxime,
1573 734 1663 758 cum
1691 721 1739 759 iis
1806 768 1809 770 ‚

281 775 509 814 subduntur
534 776 631 828 pulli
655 775 856 827 gallinacei
881 776 1095 814 incubandi
1124 783 1164 815 et
1192 777 1450 817 conducendi.
1507 777 1738 816 Guillelmus

281 832 393 870 Brito
413 833 499 871 ord.
517 834 628 872 fratr.
645 836 843 872 minorum
868 833 912 871 in
932 833 1192 872 vocabulario
1208 847 1300 875 ms.:
1324 835 1468 886 gallus
1482 834 1737 886 gallinaceus

282 887 458 940 dicitur,
489 891 561 941 qui
580 891 702 941 quasi
717 891 885 942 gallina
901 892 1035 928 nutrit
1049 890 1211 942 pullo-9,
1242 893 1340 942 quia
1356 892 1544 929 mulieres
1559 891 1686 928 solent
1699 891 1738 928 ei

280 944 513 996 deplumat-e
532 954 705 984 ventrem
726 954 762 984 et
776 947 934 998 fricare
951 961 1040 985 cum
1057 948 1192 984 urtica
1203 976 1214 995 ‚
1243 949 1344 999 quia
1363 949 1500 985 taliter
1515 949 1736 997 urticatus,

280 1002 539 1040 libentissime
555 1002 679 1040 cubat
695 1016 816 1055 super
827 1004 966 1055 pullos
982 1011 1018 1041 et
1036 1005 1168 1041 nutrit
1184 1018 1249 1041 eos
1260 1035 1272 1053 ‚
1300 1005 1407 1043 sicut
1427 1011 1555 1042 mater
1575 1011 1612 1042 et
1632 1018 1737 1055 gra-

281 1059 398 1096 cillat
414 1060 522 1096 sicut
537 1059 715 1108 gallina.
772 1073 889 1111 capos
907 1072 1003 1098 vero
1027 1060 1093 1098 vel
1121 1073 1287 1112 capones
1317 1060 1518 1099 eunuchos
1543 1073 1613 1112 per
1633 1059 1738 1098 ludi-

280 1114 410 1152 brium
433 1114 618 1166 appellari
637 1114 754 1167 vulgo
770 1115 905 1154 solitos
923 1128 1039 1153 nemo
1058 1117 1206 1155 nescit:
1229 1117 1526 1169 Luithprandus
1536 1117 1578 1155 in
1588 1117 1740 1167 Legat.:

283 1172 365 1222 ipsi
386 1171 585 1221 vendant,
626 1172 709 1223 ipsi
734 1179 893 1221 emunt,
932 1174 1039 1210 ostia
1065 1173 1148 1224 ipsi
1178 1171 1396 1224 claudunt,
1427 1176 1509 1225 ipsi
1532 1175 1736 1225 aperiunt,

283 1229 366 1279 ipsi
390 1227 598 1280 dapiferi,
639 1229 722 1279 ipsi
751 1242 969 1281 agasones,
1010 1230 1092 1280 ipsi
1114 1243 1309 1281 capones,-
1346 1228 1419 1267 sed
1440 1230 1508 1267 liic
1534 1243 1738 1282 caupones

282 1285 397 1322 volui
412 1285 579 1322 scribere
587 1299 601 1333 ,-
621 1299 758 1323 verum
777 1300 839 1323 res
858 1287 952 1337 ipsa
969 1299 1073 1337 quae
1090 1299 1188 1323 vera
1211 1293 1281 1335 est,
1298 1288 1506 1324 veritatem
1524 1287 1645 1324 etiam
1663 1300 1738 1324 νο-

283 1341 423 1378 lentem
435 1342 630 1393 compulit
647 1342 837 1380 scribere.-
858 1341 1037 1379 dicimus
1054 1344 1159 1380 enim
1176 1344 1276 1394 quia
1296 1356 1466 1394 capones
1485 1349 1594 1391 sunt,
1609 1341 1737 1392 idest,

281 1399 474 1447 eunuchi,
505 1396 618 1450 quod
632 1403 874 1436 canonicum
891 1413 972 1436 non
992 1405 1060 1437 est.
1095 1399 1151 1437 ita
1167 1413 1316 1451 cappos
1331 1399 1555 1451 nuncupari
1571 1398 1737 1441 Iudaeos

280 1455 467 1506 opinatur
493 1455 725 1493 Sirmondus
752 1455 794 1494 in
821 1455 990 1506 Capitul.
1021 1455 1151 1494 Caroli
1181 1456 1221 1494 C.
1241 1455 1305 1496 tit.
1325 1457 1378 1498 43
1398 1454 1432 1509 ξ.
1449 1458 1526 1498 33:
1554 1454 1603 1494 de
1629 1469 1738 1508 cap—

133 1515 163 1549 P
187 1516 256 1551 220
271 1513 344 1563 pis
373 1519 410 1549 et
439 1512 758 1562 negotiatoribus
786 1510 971 1551 videlicet
992 1519 1039 1549 ut
1060 1511 1203 1550 Iudaei
1221 1510 1315 1550 dent
1335 1511 1532 1550 decimam
1552 1519 1589 1550 et
1607 1526 1737 1564 nego-

276 1569 444 1605 tiatores
466 1567 693 1606 Christiani
714 1567 981 1607 undecimam.
1038 1569 1185 1607 scilicet
1210 1569 1260 1607 ob
1285 1565 1524 1622 περιτομήν,
1562 1581 1633 1607 seu
1653 1569 1736 1606 cir-

275 1624 564 1663 cumcisionem.
620 1637 735 1674 nam,
765 1631 813 1663 ut
842 1625 895 1662 ait
915 1626 953 1663 S.
974 1624 1204 1664 Ambrosius
1228 1625 1270 1663 in
1286 1625 1446 1665 Levitic.
1470 1639 1503 1663 c.
1526 1627 1598 1667 12:
1625 1627 1736 1664 viros·

276 1682 581 1719 circumcisione
607 1682 794 1732 signatos
814 1683 936 1719 etiam
955 1681 1166 1732 opprobrio
1189 1687 1225 1718 et
1246 1682 1436 1718 illusione
1453 1679 1603 1732 dignos
1621 1681 1735 1719 arbi-

277 1738 494 1777 trabantur
512 1737 685 1788 gentiles.
726 1751 835 1775 secus
854 1744 987 1776 tamen
1008 1737 1056 1775 de
1078 1738 1210 1789 cappis
1228 1737 1311 1774 istis
1334 1742 1497 1775 censent
1515 1737 1735 1787 Bosquetus

277 1795 329 1832 ad
354 1795 380 1833 l.
406 1797 458 1835 13
479 1793 634 1844 Regesti
651 1794 786 1834 Innoc.
805 1794 860 1832 111
878 1807 946 1846 pp.
968 1794 1089 1846 Epist.
1108 1795 1163 1836 50
1188 1799 1228 1832 et
1243 1793 1377 1831 Marca
1395 1793 1422 1832 l.
1446 1799 1467 1837 1
1487 1792 1639 1832 Histor-
1656 1794 1735 1832 Be-

275 1851 391 1890 ham.
415 1864 447 1889 c.
469 1853 520 1891 16
539 1864 577 1888 n.
596 1853 636 1892 9.

390 1921 430 1958 p.
443 1909 521 1948 162
534 1920 572 1945 v.
585 1909 655 1949 20.
698 1902 772 1957 τήν
792 1905 951 1958 λίμνην]
972 1903 1136 1945 Ascania
1152 1905 1297 1944 dicitur
1314 1904 1499 1944 Straboni
1515 1905 1623 1948 l.12.
1660 1905 1734 1944 de-

277 1964 461 2002 scribitur
492 1976 590 2002 vero
620 1962 764 2013 passim
790 1976 813 1999 a
843 1962 1085 2013 Tudeb0d0‚
1126 1963 1289 2001 Alberto
1315 1962 1390 2013 Aq.
1418 1967 1458 2001 et
1484 1961 1569 2000 aliis
1596 1975 1732 2002 rerum

276 2021 430 2059 Hieros.
449 2018 725 2072 scriptoribus,
753 2019 823 2057 ubi
845 2019 893 2057 de
912 2019 1052 2059 Nicaea
1078 2033 1102 2059 a
1120 2020 1259 2060 Turcis
1279 2019 1433 2060 obsessa
1448 2024 1583 2071 agunt.
1599 2032 1603 2036 ’
1637 2018 1732 2060 vide

276 2078 341 2116 lus
358 2077 658 2116 Graeco-Rom.
676 2081 773 2116 tom.
795 2079 819 2119 1
842 2089 882 2130 p.
901 2078 968 2118 92.
