<?xml version="1.0" encoding="UTF-8"?>
<!DOCTYPE html PUBLIC "-//W3C//DTD XHTML 1.0 Transitional//EN"
    "http://www.w3.org/TR/xhtml1/DTD/xhtml1-transitional.dtd">
<html xmlns="http://www.w3.org/1999/xhtml" xml:lang="en" lang="en">
 <head>
  <title>
</title>
<meta http-equiv="Content-Type" content="text/html;charset=utf-8" />
  <meta name='ocr-system' content='tesseract 3.04.00' />
  <meta name='ocr-capabilities' content='ocr_page ocr_carea ocr_par ocr_line ocrx_word'/>
</head>
<body>
  <div class='ocr_page' id='page_1' title='image "./corpusscriptorum26niebuoft_0476.png"; bbox 0 0 1878 3262; ppageno 0'>
   <div class='ocr_carea' id='block_1_1' title="bbox 285 204 1489 256">
    <p class='ocr_par' dir='ltr' id='par_1_1' title="bbox 285 204 1489 256">
     <span class='ocr_line' id='line_1_1' title="bbox 285 204 1489 256; baseline -0.003 0"><span class='ocrx_word' id='word_1_1' title='bbox 285 209 347 256; x_wconf 87' lang='lat'><strong>16</strong></span> <span class='ocrx_word' id='word_1_2' title='bbox 528 206 833 252; x_wconf 89' lang='lat' dir='ltr'>NICEPHORI</span> <span class='ocrx_word' id='word_1_3' title='bbox 864 204 1136 250; x_wconf 81' lang='lat' dir='ltr'>BRYNNNII</span> <span class='ocrx_word' id='word_1_4' title='bbox 1166 205 1489 252; x_wconf 82' lang='lat' dir='ltr'>PRAEFATIO.</span> 
     </span>
    </p>
   </div>
   <div class='ocr_carea' id='block_1_2' title="bbox 171 317 1810 1540">
    <p class='ocr_par' dir='ltr' id='par_1_2' title="bbox 199 317 1736 586">
     <span class='ocr_line' id='line_1_2' title="bbox 199 317 1735 379; baseline -0.003 -11"><span class='ocrx_word' id='word_1_5' title='bbox 199 355 201 358; x_wconf 90' lang='lat'><em>-</em></span> <span class='ocrx_word' id='word_1_6' title='bbox 233 327 263 361; x_wconf 80' lang='lat' dir='ltr'>C</span> <span class='ocrx_word' id='word_1_7' title='bbox 279 323 486 378; x_wconf 84' lang='grc' dir='ltr'><strong><em>Ῥωμαίων</em></strong></span> <span class='ocrx_word' id='word_1_8' title='bbox 505 320 717 378; x_wconf 74' lang='grc' dir='ltr'><em>ἡγεμονίας</em></span> <span class='ocrx_word' id='word_1_9' title='bbox 736 317 998 379; x_wconf 79' lang='grc' dir='ltr'><strong><em>παραλαβών,</em></strong></span> <span class='ocrx_word' id='word_1_10' title='bbox 1015 319 1192 376; x_wconf 17' lang='grc' dir='ltr'><strong><em>Δὸπηνίκα</em></strong></span> <span class='ocrx_word' id='word_1_11' title='bbox 1213 321 1266 364; x_wconf 83' lang='grc' dir='ltr'><strong>τὰ</strong></span> <span class='ocrx_word' id='word_1_12' title='bbox 1284 326 1363 364; x_wconf 80' lang='grc' dir='ltr'><strong>τῶν</strong></span> <span class='ocrx_word' id='word_1_13' title='bbox 1373 321 1580 379; x_wconf 87' lang='grc' dir='ltr'><strong><em>Ῥωμαίων</em></strong></span> <span class='ocrx_word' id='word_1_14' title='bbox 1603 319 1735 378; x_wconf 59' lang='grc' dir='ltr'><strong>ἀπηῦο</strong></span> 
     </span>
     <span class='ocr_line' id='line_1_3' title="bbox 288 388 1735 448; baseline -0.002 -13"><span class='ocrx_word' id='word_1_15' title='bbox 288 396 383 447; x_wconf 81' lang='grc' dir='ltr'><strong><em>δησε</em></strong></span> <span class='ocrx_word' id='word_1_16' title='bbox 404 389 622 447; x_wconf 80' lang='grc' dir='ltr'><strong><em>πράγματα</em></strong></span> <span class='ocrx_word' id='word_1_17' title='bbox 644 393 700 441; x_wconf 80' lang='grc' dir='ltr'><strong><em>εἷς</em></strong></span> <span class='ocrx_word' id='word_1_18' title='bbox 711 394 785 446; x_wconf 82' lang='grc' dir='ltr'><strong>γῆν</strong></span> <span class='ocrx_word' id='word_1_19' title='bbox 807 388 1146 432; x_wconf 78' lang='grc' dir='ltr'><strong><em>καταπεπτωκότα</em></strong></span> <span class='ocrx_word' id='word_1_20' title='bbox 1163 391 1230 432; x_wconf 85' lang='grc' dir='ltr'><strong>καὶ</strong></span> <span class='ocrx_word' id='word_1_21' title='bbox 1245 389 1520 434; x_wconf 74' lang='grc' dir='ltr'><strong><em>κινδυνεύοντα</em></strong></span> <span class='ocrx_word' id='word_1_22' title='bbox 1538 394 1735 448; x_wconf 79' lang='grc' dir='ltr'><strong><em>διαρρυῆ-</em></strong></span> 
     </span>
     <span class='ocr_line' id='line_1_4' title="bbox 284 456 1736 517; baseline -0.001 -15"><span class='ocrx_word' id='word_1_23' title='bbox 284 478 374 512; x_wconf 88' lang='grc' dir='ltr'><strong><em>ναι,</em></strong></span> <span class='ocrx_word' id='word_1_24' title='bbox 401 460 534 502; x_wconf 79' lang='grc' dir='ltr'><strong><em>τέλεον</em></strong></span> <span class='ocrx_word' id='word_1_25' title='bbox 555 460 745 514; x_wconf 75' lang='grc' dir='ltr'><strong><em>ἀνέστησέ</em></strong></span> <span class='ocrx_word' id='word_1_26' title='bbox 761 476 802 501; x_wconf 90' lang='grc' dir='ltr'><strong>τε</strong></span> <span class='ocrx_word' id='word_1_27' title='bbox 822 460 888 501; x_wconf 83' lang='grc' dir='ltr'><strong>καὶ</strong></span> <span class='ocrx_word' id='word_1_28' title='bbox 910 460 966 509; x_wconf 81' lang='grc' dir='ltr'><strong>εἷς</strong></span> <span class='ocrx_word' id='word_1_29' title='bbox 987 458 1099 509; x_wconf 77' lang='grc' dir='ltr'><strong><em>κλέος</em></strong></span> <span class='ocrx_word' id='word_1_30' title='bbox 1118 456 1288 514; x_wconf 76' lang='grc' dir='ltr'><strong><em>ἀνήγαγε</em></strong></span> <span class='ocrx_word' id='word_1_31' title='bbox 1307 459 1504 514; x_wconf 78' lang='grc' dir='ltr'><strong><em>μέγιστον.</em></strong></span> <span class='ocrx_word' id='word_1_32' title='bbox 1533 460 1736 517; x_wconf 68' lang='grc' dir='ltr'><strong><em>νουνεχείᾳ</em></strong></span> 
     </span>
     <span class='ocr_line' id='line_1_5' title="bbox 285 525 1734 586; baseline -0.001 -16"><span class='ocrx_word' id='word_1_33' title='bbox 285 529 364 585; x_wconf 81' lang='grc' dir='ltr'><strong><em>γὰρ</em></strong></span> <span class='ocrx_word' id='word_1_34' title='bbox 390 528 464 583; x_wconf 81' lang='grc' dir='ltr'><strong>τὴν</strong></span> <span class='ocrx_word' id='word_1_35' title='bbox 491 528 658 585; x_wconf 79' lang='grc' dir='ltr'><strong><em>ἀνδρίαν</em></strong></span> <span class='ocrx_word' id='word_1_36' title='bbox 679 525 867 581; x_wconf 81' lang='grc' dir='ltr'><strong><em>συνάψας</em></strong></span> <span class='ocrx_word' id='word_1_37' title='bbox 885 531 935 584; x_wconf 86' lang='grc' dir='ltr'><strong>τῇ</strong></span> <span class='ocrx_word' id='word_1_38' title='bbox 958 528 1138 586; x_wconf 67' lang='grc' dir='ltr'><strong><em>συνεχείᾳ</em></strong></span> <span class='ocrx_word' id='word_1_39' title='bbox 1156 531 1236 569; x_wconf 79' lang='grc' dir='ltr'><strong>τῶν</strong></span> <span class='ocrx_word' id='word_1_40' title='bbox 1258 525 1440 583; x_wconf 82' lang='grc' dir='ltr'><strong><em>πράξεων</em></strong></span> <span class='ocrx_word' id='word_1_41' title='bbox 1461 528 1533 569; x_wconf 74' lang='grc' dir='ltr'><strong>οὒκ</strong></span> <span class='ocrx_word' id='word_1_42' title='bbox 1554 527 1660 570; x_wconf 67' lang='grc' dir='ltr'><strong><em>ἔστιν</em></strong></span> <span class='ocrx_word' id='word_1_43' title='bbox 1678 529 1734 569; x_wconf 80' lang='grc' dir='ltr'><strong>εἴ·</strong></span> 
     </span>
    </p>

    <p class='ocr_par' dir='ltr' id='par_1_3' title="bbox 228 593 1781 927">
     <span class='ocr_line' id='line_1_6' title="bbox 228 593 1781 653; baseline 0 -14"><span class='ocrx_word' id='word_1_44' title='bbox 228 597 261 632; x_wconf 86' lang='lat' dir='ltr'>D</span> <span class='ocrx_word' id='word_1_45' title='bbox 288 603 373 639; x_wconf 80' lang='grc' dir='ltr'><strong><em>πεῖν</em></strong></span> <span class='ocrx_word' id='word_1_46' title='bbox 400 594 531 638; x_wconf 84' lang='grc' dir='ltr'><strong><em>ὁπόσα</em></strong></span> <span class='ocrx_word' id='word_1_47' title='bbox 560 596 698 651; x_wconf 65' lang='grc' dir='ltr'><strong><em>ἔστησε</em></strong></span> <span class='ocrx_word' id='word_1_48' title='bbox 727 594 902 653; x_wconf 88' lang='grc' dir='ltr'><strong><em>τρόπαια</em></strong></span> <span class='ocrx_word' id='word_1_49' title='bbox 923 599 1003 638; x_wconf 80' lang='grc' dir='ltr'><strong>τῶν</strong></span> <span class='ocrx_word' id='word_1_50' title='bbox 1014 593 1243 649; x_wconf 85' lang='grc' dir='ltr'><strong><em>Ῥωμαίων,</em></strong></span> <span class='ocrx_word' id='word_1_51' title='bbox 1280 593 1335 645; x_wconf 80' lang='grc' dir='ltr'><strong>ὥς</strong></span> <span class='ocrx_word' id='word_1_52' title='bbox 1359 593 1456 637; x_wconf 78' lang='grc' dir='ltr'><strong><em>εἶναι</em></strong></span> <span class='ocrx_word' id='word_1_53' title='bbox 1475 595 1528 637; x_wconf 83' lang='grc' dir='ltr'><strong>τὰ</strong></span> <span class='ocrx_word' id='word_1_54' title='bbox 1546 594 1736 652; x_wconf 83' lang='grc' dir='ltr'><strong><em>πράγμα-</em></strong></span> <span class='ocrx_word' id='word_1_55' title='bbox 1757 603 1781 639; x_wconf 84' lang='lat'>5</span> 
     </span>
     <span class='ocr_line' id='line_1_7' title="bbox 286 661 1739 719; baseline -0.003 -11"><span class='ocrx_word' id='word_1_56' title='bbox 286 683 341 708; x_wconf 88' lang='grc' dir='ltr'><strong>τα</strong></span> <span class='ocrx_word' id='word_1_57' title='bbox 367 662 548 716; x_wconf 83' lang='grc'>****,</span> <span class='ocrx_word' id='word_1_58' title='bbox 581 665 633 707; x_wconf 83' lang='grc' dir='ltr'><strong>τὰ</strong></span> <span class='ocrx_word' id='word_1_59' title='bbox 664 665 737 719; x_wconf 81' lang='grc' dir='ltr'><strong>μὲν</strong></span> <span class='ocrx_word' id='word_1_60' title='bbox 771 665 973 716; x_wconf 76' lang='grc' dir='ltr'><strong><em>ἐξεδίωξε,</em></strong></span> <span class='ocrx_word' id='word_1_61' title='bbox 1007 663 1060 705; x_wconf 79' lang='grc' dir='ltr'><strong>τὰ</strong></span> <span class='ocrx_word' id='word_1_62' title='bbox 1097 664 1141 706; x_wconf 80' lang='grc' dir='ltr'><strong>δὲ</strong></span> <span class='ocrx_word' id='word_1_63' title='bbox 1173 661 1425 705; x_wconf 73' lang='grc' dir='ltr'><strong><em>ἐδουλώσατο</em></strong></span> <span class='ocrx_word' id='word_1_64' title='bbox 1435 695 1448 715; x_wconf 84' lang='grc'>,</span> <span class='ocrx_word' id='word_1_65' title='bbox 1481 663 1534 705; x_wconf 82' lang='grc' dir='ltr'><strong>τὰ</strong></span> <span class='ocrx_word' id='word_1_66' title='bbox 1565 664 1609 705; x_wconf 79' lang='grc' dir='ltr'><strong>δὲ</strong></span> <span class='ocrx_word' id='word_1_67' title='bbox 1635 661 1739 705; x_wconf 75' lang='grc' dir='ltr'><strong><em>ὑπό-</em></strong></span> 
     </span>
     <span class='ocr_line' id='line_1_8' title="bbox 285 730 1739 788; baseline -0.002 -13"><span class='ocrx_word' id='word_1_68' title='bbox 285 735 444 776; x_wconf 88' lang='grc' dir='ltr'><strong><em>σπονδα</em></strong></span> <span class='ocrx_word' id='word_1_69' title='bbox 462 732 674 787; x_wconf 88' lang='grc' dir='ltr'><strong><em>Ῥωμαίοις</em></strong></span> <span class='ocrx_word' id='word_1_70' title='bbox 693 734 893 787; x_wconf 90' lang='grc' dir='ltr'><strong><em>πεποίηκε.</em></strong></span> <span class='ocrx_word' id='word_1_71' title='bbox 958 730 1102 774; x_wconf 87' lang='grc' dir='ltr'><strong><em>τούτου</em></strong></span> <span class='ocrx_word' id='word_1_72' title='bbox 1127 732 1260 775; x_wconf 84' lang='grc' dir='ltr'><strong><em>τοίνυν</em></strong></span> <span class='ocrx_word' id='word_1_73' title='bbox 1281 731 1355 781; x_wconf 80' lang='grc' dir='ltr'><strong>τὰς</strong></span> <span class='ocrx_word' id='word_1_74' title='bbox 1377 730 1540 788; x_wconf 80' lang='grc' dir='ltr'><strong><em>πράξεις</em></strong></span> <span class='ocrx_word' id='word_1_75' title='bbox 1563 747 1739 786; x_wconf 78' lang='grc' dir='ltr'><strong><em>συναγα-</em></strong></span> 
     </span>
     <span class='ocr_line' id='line_1_9' title="bbox 287 798 1742 859; baseline -0.003 -15"><span class='ocrx_word' id='word_1_76' title='bbox 287 809 370 858; x_wconf 80' lang='grc' dir='ltr'><strong><em>γεῖν</em></strong></span> <span class='ocrx_word' id='word_1_77' title='bbox 401 803 570 859; x_wconf 71' lang='grc' dir='ltr'><strong><em>ἐργῶδες</em></strong></span> <span class='ocrx_word' id='word_1_78' title='bbox 601 801 650 844; x_wconf 74' lang='grc' dir='ltr'><strong>ἂν</strong></span> <span class='ocrx_word' id='word_1_79' title='bbox 679 801 738 855; x_wconf 69' lang='grc' dir='ltr'><strong>εἴη</strong></span> <span class='ocrx_word' id='word_1_80' title='bbox 773 803 838 843; x_wconf 86' lang='grc' dir='ltr'><strong>καὶ</strong></span> <span class='ocrx_word' id='word_1_81' title='bbox 867 801 941 855; x_wconf 85' lang='grc' dir='ltr'><strong>τὴν</strong></span> <span class='ocrx_word' id='word_1_82' title='bbox 964 798 1160 857; x_wconf 72' lang='grc' dir='ltr'><strong><em>ἡμετέραν</em></strong></span> <span class='ocrx_word' id='word_1_83' title='bbox 1186 799 1356 854; x_wconf 79' lang='grc' dir='ltr'><strong><em>δύναμιν</em></strong></span> <span class='ocrx_word' id='word_1_84' title='bbox 1377 798 1637 855; x_wconf 74' lang='grc' dir='ltr'><strong><em>ὑπερβαῖνον,</em></strong></span> <span class='ocrx_word' id='word_1_85' title='bbox 1673 801 1742 841; x_wconf 78' lang='grc' dir='ltr'><strong>καὶ</strong></span> 
     </span>
     <span class='ocr_line' id='line_1_10' title="bbox 287 864 1742 927; baseline -0.003 -14"><span class='ocrx_word' id='word_1_86' title='bbox 287 869 584 927; x_wconf 79' lang='grc' dir='ltr'><strong><em>παρῃτησάμην</em></strong></span> <span class='ocrx_word' id='word_1_87' title='bbox 599 870 647 912; x_wconf 80' lang='grc' dir='ltr'><strong>ἂν</strong></span> <span class='ocrx_word' id='word_1_88' title='bbox 659 864 840 925; x_wconf 72' lang='grc' dir='ltr'><strong><em>τοῦργον,</em></strong></span> <span class='ocrx_word' id='word_1_89' title='bbox 876 871 910 911; x_wconf 80' lang='grc' dir='ltr'><strong>εἰ</strong></span> <span class='ocrx_word' id='word_1_90' title='bbox 926 867 983 923; x_wconf 83' lang='grc' dir='ltr'><strong>μή</strong></span> <span class='ocrx_word' id='word_1_91' title='bbox 997 886 1046 923; x_wconf 88' lang='grc' dir='ltr'><strong>με</strong></span> <span class='ocrx_word' id='word_1_92' title='bbox 1065 871 1134 924; x_wconf 79' lang='grc' dir='ltr'><strong>βίη</strong></span> <span class='ocrx_word' id='word_1_93' title='bbox 1149 867 1368 925; x_wconf 68' lang='grc' dir='ltr'><strong>ςΗρακλείη</strong></span> <span class='ocrx_word' id='word_1_94' title='bbox 1390 868 1492 925; x_wconf 87' lang='grc' dir='ltr'><strong><em>πρὸς</em></strong></span> <span class='ocrx_word' id='word_1_95' title='bbox 1513 868 1610 910; x_wconf 81' lang='grc' dir='ltr'><strong><em>αὐτὸ</em></strong></span> <span class='ocrx_word' id='word_1_96' title='bbox 1628 865 1742 922; x_wconf 70' lang='grc' dir='ltr'><strong><em>ἐβιά-</em></strong></span> 
     </span>
    </p>

    <p class='ocr_par' dir='ltr' id='par_1_4' title="bbox 171 935 1810 1267">
     <span class='ocr_line' id='line_1_11' title="bbox 171 935 1798 994; baseline -0.003 -12"><span class='ocrx_word' id='word_1_97' title='bbox 171 937 200 971; x_wconf 79' lang='lat' dir='ltr'>P</span> <span class='ocrx_word' id='word_1_98' title='bbox 225 937 269 973; x_wconf 78' lang='lat'><strong>13</strong></span> <span class='ocrx_word' id='word_1_99' title='bbox 294 941 402 991; x_wconf 83' lang='grc' dir='ltr'><strong><em>ζετο,</em></strong></span> <span class='ocrx_word' id='word_1_100' title='bbox 436 940 631 994; x_wconf 82' lang='grc' dir='ltr'><strong><em>μεγίστων</em></strong></span> <span class='ocrx_word' id='word_1_101' title='bbox 645 938 812 993; x_wconf 82' lang='grc' dir='ltr'><strong><em>ἀγαθῶν</em></strong></span> <span class='ocrx_word' id='word_1_102' title='bbox 823 936 981 994; x_wconf 70' lang='grc' dir='ltr'><strong><em>βραχύν</em></strong></span> <span class='ocrx_word' id='word_1_103' title='bbox 994 954 1082 979; x_wconf 86' lang='grc' dir='ltr'><strong><em>τινα</em></strong></span> <span class='ocrx_word' id='word_1_104' title='bbox 1095 935 1216 979; x_wconf 87' lang='grc' dir='ltr'><strong><em>πόνον</em></strong></span> <span class='ocrx_word' id='word_1_105' title='bbox 1230 935 1561 987; x_wconf 73' lang='grc' dir='ltr'><strong><em>ἀνταλλάξασθαι</em></strong></span> <span class='ocrx_word' id='word_1_106' title='bbox 1573 937 1742 978; x_wconf 81' lang='grc' dir='ltr'><strong><em>πείθου-</em></strong></span> <span class='ocrx_word' id='word_1_107' title='bbox 1754 954 1798 989; x_wconf 83' lang='lat'><strong>10</strong></span> 
     </span>
     <span class='ocr_line' id='line_1_12' title="bbox 291 998 1743 1063; baseline -0.003 -13"><span class='ocrx_word' id='word_1_108' title='bbox 291 1026 358 1051; x_wconf 92' lang='grc' dir='ltr'><strong><em>σα.</em></strong></span> <span class='ocrx_word' id='word_1_109' title='bbox 392 1009 434 1049; x_wconf 90' lang='grc' dir='ltr'><strong>τί</strong></span> <span class='ocrx_word' id='word_1_110' title='bbox 457 1007 534 1063; x_wconf 81' lang='grc' dir='ltr'><strong><em>γὰρ</em></strong></span> <span class='ocrx_word' id='word_1_111' title='bbox 569 1006 618 1049; x_wconf 76' lang='grc' dir='ltr'><strong>ἂν</strong></span> <span class='ocrx_word' id='word_1_112' title='bbox 652 1006 750 1048; x_wconf 77' lang='grc' dir='ltr'><strong><em>ἄλλο</em></strong></span> <span class='ocrx_word' id='word_1_113' title='bbox 783 1008 849 1047; x_wconf 85' lang='grc' dir='ltr'><strong>καὶ</strong></span> <span class='ocrx_word' id='word_1_114' title='bbox 880 1006 1146 1060; x_wconf 85' lang='grc' dir='ltr'><strong><em>ἀνταποδοίην</em></strong></span> <span class='ocrx_word' id='word_1_115' title='bbox 1179 1006 1289 1062; x_wconf 75' lang='grc' dir='ltr'><strong><em>αὐτῷ</em></strong></span> <span class='ocrx_word' id='word_1_116' title='bbox 1321 1004 1480 1055; x_wconf 72' lang='grc' dir='ltr'><strong><em>ἐπάξιον</em></strong></span> <span class='ocrx_word' id='word_1_117' title='bbox 1503 1003 1663 1047; x_wconf 83' lang='grc' dir='ltr'><strong><em>πάντων</em></strong></span> <span class='ocrx_word' id='word_1_118' title='bbox 1687 998 1743 1046; x_wconf 76' lang='grc' dir='ltr'><strong>ὧν</strong></span> 
     </span>
     <span class='ocr_line' id='line_1_13' title="bbox 288 1071 1744 1130; baseline -0.002 -13"><span class='ocrx_word' id='word_1_119' title='bbox 288 1075 547 1118; x_wconf 76' lang='grc' dir='ltr'><strong><em>ἀνταπέδωκέ</em></strong></span> <span class='ocrx_word' id='word_1_120' title='bbox 569 1092 661 1128; x_wconf 87' lang='grc' dir='ltr'><strong><em>μοι,</em></strong></span> <span class='ocrx_word' id='word_1_121' title='bbox 701 1077 734 1116; x_wconf 80' lang='grc' dir='ltr'><strong>εἷ</strong></span> <span class='ocrx_word' id='word_1_122' title='bbox 767 1074 840 1123; x_wconf 80' lang='grc' dir='ltr'><strong>τὰς</strong></span> <span class='ocrx_word' id='word_1_123' title='bbox 873 1073 1035 1130; x_wconf 81' lang='grc' dir='ltr'><strong><em>πράξεις</em></strong></span> <span class='ocrx_word' id='word_1_124' title='bbox 1067 1075 1214 1116; x_wconf 69' lang='grc' dir='ltr'><strong><em>ἐκείνου</em></strong></span> <span class='ocrx_word' id='word_1_125' title='bbox 1249 1078 1340 1130; x_wconf 81' lang='grc' dir='ltr'><strong><em>σιγῇ</em></strong></span> <span class='ocrx_word' id='word_1_126' title='bbox 1369 1074 1615 1130; x_wconf 74' lang='grc' dir='ltr'><strong><em>παρέλθοιμι</em></strong></span> <span class='ocrx_word' id='word_1_127' title='bbox 1643 1071 1744 1115; x_wconf 80' lang='grc' dir='ltr'><strong><em>ὥστε</em></strong></span> 
     </span>
     <span class='ocr_line' id='line_1_14' title="bbox 294 1141 1744 1199; baseline -0.003 -13"><span class='ocrx_word' id='word_1_128' title='bbox 294 1143 430 1198; x_wconf 77' lang='grc' dir='ltr'><strong><em>λήθης</em></strong></span> <span class='ocrx_word' id='word_1_129' title='bbox 450 1144 747 1199; x_wconf 82' lang='grc' dir='ltr'><strong><em>ἀμαυρωθῆναι</em></strong></span> <span class='ocrx_word' id='word_1_130' title='bbox 766 1146 888 1198; x_wconf 75' lang='grc' dir='ltr'><strong><em>βυθῷ</em></strong></span> <span class='ocrx_word' id='word_1_131' title='bbox 901 1161 915 1196; x_wconf 84' lang='lat'><strong>‚-</strong></span> <span class='ocrx_word' id='word_1_132' title='bbox 953 1145 987 1184; x_wconf 82' lang='grc' dir='ltr'><strong>εἲ</strong></span> <span class='ocrx_word' id='word_1_133' title='bbox 1015 1143 1058 1183; x_wconf 80' lang='grc' dir='ltr'><strong>δὲ</strong></span> <span class='ocrx_word' id='word_1_134' title='bbox 1076 1142 1132 1197; x_wconf 86' lang='grc' dir='ltr'><strong>μὴ</strong></span> <span class='ocrx_word' id='word_1_135' title='bbox 1155 1146 1294 1183; x_wconf 81' lang='grc' dir='ltr'><strong><em>πασῶν</em></strong></span> <span class='ocrx_word' id='word_1_136' title='bbox 1316 1143 1528 1198; x_wconf 73' lang='grc' dir='ltr'><strong><em>ἐφικέσθαι</em></strong></span> <span class='ocrx_word' id='word_1_137' title='bbox 1552 1141 1744 1196; x_wconf 75' lang='grc' dir='ltr'><strong><em>δυνηθείη</em></strong></span> 
     </span>
     <span class='ocr_line' id='line_1_15' title="bbox 290 1207 1810 1267; baseline -0.004 -14"><span class='ocrx_word' id='word_1_138' title='bbox 290 1210 312 1253; x_wconf 83' lang='grc' dir='ltr'><strong>ὃ</strong></span> <span class='ocrx_word' id='word_1_139' title='bbox 333 1210 472 1267; x_wconf 86' lang='grc' dir='ltr'><strong><em>λόγος,</em></strong></span> <span class='ocrx_word' id='word_1_140' title='bbox 508 1211 786 1267; x_wconf 77' lang='grc' dir='ltr'><strong><em>ἒπισυριττέτω</em></strong></span> <span class='ocrx_word' id='word_1_141' title='bbox 809 1208 939 1266; x_wconf 81' lang='grc' dir='ltr'><strong><em>τούτῳ</em></strong></span> <span class='ocrx_word' id='word_1_142' title='bbox 959 1212 1111 1264; x_wconf 86' lang='grc' dir='ltr'><strong><em>μηδείς.</em></strong></span> <span class='ocrx_word' id='word_1_143' title='bbox 1155 1209 1243 1252; x_wconf 70' lang='grc' dir='ltr'><strong><em>οὔτε</em></strong></span> <span class='ocrx_word' id='word_1_144' title='bbox 1264 1211 1341 1266; x_wconf 83' lang='grc' dir='ltr'><strong><em>γὰρ</em></strong></span> <span class='ocrx_word' id='word_1_145' title='bbox 1366 1210 1544 1266; x_wconf 76' lang='grc' dir='ltr'><strong><em>ἱστορίαν</em></strong></span> <span class='ocrx_word' id='word_1_146' title='bbox 1568 1207 1745 1266; x_wconf 81' lang='grc' dir='ltr'><strong><em>συγγρά-</em></strong></span> <span class='ocrx_word' id='word_1_147' title='bbox 1803 1234 1810 1247; x_wconf 67' lang='grc'><em>.</em></span> 
     </span>
    </p>

    <p class='ocr_par' dir='ltr' id='par_1_5' title="bbox 239 1275 1800 1540">
     <span class='ocr_line' id='line_1_16' title="bbox 239 1275 1800 1337; baseline -0.001 -17"><span class='ocrx_word' id='word_1_148' title='bbox 239 1285 270 1320; x_wconf 92' lang='grc' dir='ltr'>Β</span> <span class='ocrx_word' id='word_1_149' title='bbox 294 1298 383 1337; x_wconf 76' lang='grc' dir='ltr'><strong><em>φειν</em></strong></span> <span class='ocrx_word' id='word_1_150' title='bbox 417 1278 650 1336; x_wconf 77' lang='grc' dir='ltr'><strong><em>προῄρημαι</em></strong></span> <span class='ocrx_word' id='word_1_151' title='bbox 686 1278 775 1320; x_wconf 78' lang='grc' dir='ltr'><strong><em>οὕτε</em></strong></span> <span class='ocrx_word' id='word_1_152' title='bbox 814 1279 966 1320; x_wconf 70' lang='grc' dir='ltr'><strong><em>πλέκειν</em></strong></span> <span class='ocrx_word' id='word_1_153' title='bbox 1004 1279 1136 1335; x_wconf 73' lang='grc' dir='ltr'><strong><em>ἐκείνῳ</em></strong></span> <span class='ocrx_word' id='word_1_154' title='bbox 1170 1277 1385 1333; x_wconf 64' lang='grc' dir='ltr'><strong><em>ἐγκώμιον·</em></strong></span> <span class='ocrx_word' id='word_1_155' title='bbox 1431 1277 1548 1331; x_wconf 86' lang='grc' dir='ltr'><strong><em>μόλις</em></strong></span> <span class='ocrx_word' id='word_1_156' title='bbox 1581 1277 1658 1333; x_wconf 82' lang='grc' dir='ltr'><strong><em>γὰρ</em></strong></span> <span class='ocrx_word' id='word_1_157' title='bbox 1695 1275 1744 1319; x_wconf 79' lang='grc' dir='ltr'><strong>ἂν</strong></span> <span class='ocrx_word' id='word_1_158' title='bbox 1757 1287 1800 1325; x_wconf 84' lang='lat'><strong>15</strong></span> 
     </span>
     <span class='ocr_line' id='line_1_17' title="bbox 291 1343 1746 1405; baseline -0.003 -15"><span class='ocrx_word' id='word_1_159' title='bbox 291 1348 394 1405; x_wconf 86' lang='grc' dir='ltr'><strong><em>πρὸς</em></strong></span> <span class='ocrx_word' id='word_1_160' title='bbox 413 1353 540 1390; x_wconf 79' lang='grc' dir='ltr'><strong><em>ταῦτα</em></strong></span> <span class='ocrx_word' id='word_1_161' title='bbox 561 1347 586 1404; x_wconf 80' lang='grc' dir='ltr'><em>ἥ</em></span> <span class='ocrx_word' id='word_1_162' title='bbox 611 1365 652 1390; x_wconf 88' lang='grc' dir='ltr'><strong>τε</strong></span> <span class='ocrx_word' id='word_1_163' title='bbox 682 1347 934 1388; x_wconf 69' lang='grc' dir='ltr'><strong><em>Θουκυδίδου</em></strong></span> <span class='ocrx_word' id='word_1_164' title='bbox 961 1345 1137 1401; x_wconf 86' lang='grc' dir='ltr'><strong><em>δεινότης</em></strong></span> <span class='ocrx_word' id='word_1_165' title='bbox 1156 1347 1223 1388; x_wconf 85' lang='grc' dir='ltr'><strong>καὶ</strong></span> <span class='ocrx_word' id='word_1_166' title='bbox 1246 1346 1291 1388; x_wconf 85' lang='grc' dir='ltr'><strong>τὸ</strong></span> <span class='ocrx_word' id='word_1_167' title='bbox 1314 1346 1608 1400; x_wconf 81' lang='grc' dir='ltr'><strong><em>Δημοσθένους</em></strong></span> <span class='ocrx_word' id='word_1_168' title='bbox 1628 1343 1746 1402; x_wconf 73' lang='grc' dir='ltr'><strong><em>ἐξήρ-</em></strong></span> 
     </span>
     <span class='ocr_line' id='line_1_18' title="bbox 291 1412 1748 1472; baseline -0.003 -13"><span class='ocrx_word' id='word_1_169' title='bbox 291 1434 379 1460; x_wconf 82' lang='grc' dir='ltr'><strong><em>κεσε</em></strong></span> <span class='ocrx_word' id='word_1_170' title='bbox 412 1415 712 1472; x_wconf 72' lang='grc' dir='ltr'><strong><em>μεγαλόφωνον.</em></strong></span> <span class='ocrx_word' id='word_1_171' title='bbox 782 1415 875 1462; x_wconf 68' lang='grc' dir='ltr'><strong><em>ἀλλ’</em></strong></span> <span class='ocrx_word' id='word_1_172' title='bbox 906 1413 1096 1472; x_wconf 74' lang='grc' dir='ltr'><strong><em>ἀφορμήν</em></strong></span> <span class='ocrx_word' id='word_1_173' title='bbox 1127 1432 1216 1456; x_wconf 89' lang='grc' dir='ltr'><strong><em>τινα</em></strong></span> <span class='ocrx_word' id='word_1_174' title='bbox 1251 1420 1472 1471; x_wconf 80' lang='grc' dir='ltr'><strong><em>παρασχεῖν</em></strong></span> <span class='ocrx_word' id='word_1_175' title='bbox 1501 1412 1748 1468; x_wconf 82' lang='grc' dir='ltr'><strong><em>βουλόμενος</em></strong></span> 
     </span>
     <span class='ocr_line' id='line_1_19' title="bbox 289 1481 1748 1540; baseline -0.003 -12"><span class='ocrx_word' id='word_1_176' title='bbox 289 1491 375 1535; x_wconf 75' lang='grc' dir='ltr'><strong><em>’τοῖς</em></strong></span> <span class='ocrx_word' id='word_1_177' title='bbox 403 1485 455 1528; x_wconf 79' lang='grc' dir='ltr'><strong>τὰ</strong></span> <span class='ocrx_word' id='word_1_178' title='bbox 489 1486 635 1526; x_wconf 76' lang='grc' dir='ltr'><strong><em>ἐκείνου</em></strong></span> <span class='ocrx_word' id='word_1_179' title='bbox 668 1481 910 1540; x_wconf 77' lang='grc' dir='ltr'><strong><em>συγγράφειν</em></strong></span> <span class='ocrx_word' id='word_1_180' title='bbox 942 1484 1128 1526; x_wconf 76' lang='grc' dir='ltr'><strong><em>ἐθέλουσι</em></strong></span> <span class='ocrx_word' id='word_1_181' title='bbox 1157 1482 1258 1539; x_wconf 85' lang='grc' dir='ltr'><strong><em>πρὸς</em></strong></span> <span class='ocrx_word' id='word_1_182' title='bbox 1289 1485 1453 1537; x_wconf 86' lang='grc' dir='ltr'><strong><em>ταυτηνὶ</em></strong></span> <span class='ocrx_word' id='word_1_183' title='bbox 1482 1482 1554 1538; x_wconf 86' lang='grc' dir='ltr'><strong>τὴν</strong></span> <span class='ocrx_word' id='word_1_184' title='bbox 1585 1481 1748 1539; x_wconf 80' lang='grc' dir='ltr'><strong><em>γραφὴν</em></strong></span> 
     </span>
    </p>
   </div>
   <div class='ocr_carea' id='block_1_3' title="bbox 382 1617 1748 1807">
    <p class='ocr_par' dir='ltr' id='par_1_6' title="bbox 382 1617 1748 1807">
     <span class='ocr_line' id='line_1_20' title="bbox 382 1617 1747 1668; baseline -0.003 -8"><span class='ocrx_word' id='word_1_185' title='bbox 382 1625 418 1660; x_wconf 83' lang='grc'><strong>5.</strong></span> <span class='ocrx_word' id='word_1_186' title='bbox 443 1622 763 1668; x_wconf 70' lang='grc' dir='ltr'><strong><em>οῖς-πράγματα]</em></strong></span> <span class='ocrx_word' id='word_1_187' title='bbox 787 1623 829 1657; x_wconf 88' lang='lat' dir='ltr'><strong>P.</strong></span> <span class='ocrx_word' id='word_1_188' title='bbox 854 1617 907 1658; x_wconf 74' lang='grc' dir='ltr'><strong>ὦν</strong></span> <span class='ocrx_word' id='word_1_189' title='bbox 932 1620 1170 1668; x_wconf 69' lang='grc' dir='ltr'><strong><em>ἀναρίθμητοι</em></strong></span> <span class='ocrx_word' id='word_1_190' title='bbox 1191 1620 1369 1666; x_wconf 78' lang='grc' dir='ltr'><strong><em>τάγματα.</em></strong></span> <span class='ocrx_word' id='word_1_191' title='bbox 1415 1621 1561 1656; x_wconf 83' lang='lat' dir='ltr'><strong>indicavi</strong></span> <span class='ocrx_word' id='word_1_192' title='bbox 1583 1621 1747 1656; x_wconf 76' lang='lat' dir='ltr'><strong>lacunam.</strong></span> 
     </span>
     <span class='ocr_line' id='line_1_21' title="bbox 385 1665 1748 1715; baseline -0.004 -9"><span class='ocrx_word' id='word_1_193' title='bbox 385 1673 420 1706; x_wconf 85' lang='lat'><strong>8.</strong></span> <span class='ocrx_word' id='word_1_194' title='bbox 444 1671 524 1715; x_wconf 85' lang='grc' dir='ltr'><strong><em>εἴη]</em></strong></span> <span class='ocrx_word' id='word_1_195' title='bbox 558 1671 612 1704; x_wconf 86' lang='lat' dir='ltr'><strong>Ita</strong></span> <span class='ocrx_word' id='word_1_196' title='bbox 644 1671 683 1704; x_wconf 80' lang='lat' dir='ltr'><strong>P.</strong></span> <span class='ocrx_word' id='word_1_197' title='bbox 719 1680 782 1715; x_wconf 88' lang='lat' dir='ltr'><strong>pro</strong></span> <span class='ocrx_word' id='word_1_198' title='bbox 807 1666 913 1704; x_wconf 84' lang='grc' dir='ltr'><strong><em>εἶναι.</em></strong></span> <span class='ocrx_word' id='word_1_199' title='bbox 1098 1671 1150 1704; x_wconf 76' lang='grc'><strong>12.</strong></span> <span class='ocrx_word' id='word_1_200' title='bbox 1178 1665 1436 1712; x_wconf 76' lang='grc' dir='ltr'><strong><em>οἷνταπέδωκε]</em></strong></span> <span class='ocrx_word' id='word_1_201' title='bbox 1459 1667 1584 1703; x_wconf 82' lang='lat' dir='ltr'>Nonne</span> <span class='ocrx_word' id='word_1_202' title='bbox 1607 1665 1748 1702; x_wconf 60' lang='grc' dir='ltr'><strong><em>ἔδωκεὲ</em></strong></span> 
     </span>
     <span class='ocr_line' id='line_1_22' title="bbox 386 1709 1746 1761; baseline -0.002 -11"><span class='ocrx_word' id='word_1_203' title='bbox 386 1717 450 1751; x_wconf 73' lang='lat' dir='ltr'><strong>cfr.</strong></span> <span class='ocrx_word' id='word_1_204' title='bbox 470 1728 506 1761; x_wconf 88' lang='lat' dir='ltr'><strong>p.</strong></span> <span class='ocrx_word' id='word_1_205' title='bbox 534 1715 588 1760; x_wconf 86' lang='lat'><strong>15,</strong></span> <span class='ocrx_word' id='word_1_206' title='bbox 612 1717 646 1751; x_wconf 86' lang='lat'><strong>7.</strong></span> <span class='ocrx_word' id='word_1_207' title='bbox 775 1715 831 1752; x_wconf 86' lang='lat'><strong>15.</strong></span> <span class='ocrx_word' id='word_1_208' title='bbox 853 1712 1092 1761; x_wconf 81' lang='grc' dir='ltr'><strong><em>προῄρημαι]</em></strong></span> <span class='ocrx_word' id='word_1_209' title='bbox 1124 1715 1166 1750; x_wconf 91' lang='lat' dir='ltr'><strong>V.</strong></span> <span class='ocrx_word' id='word_1_210' title='bbox 1188 1713 1420 1760; x_wconf 80' lang='grc' dir='ltr'><strong><em>προείρημαι.</em></strong></span> <span class='ocrx_word' id='word_1_211' title='bbox 1511 1713 1596 1748; x_wconf 74' lang='lat' dir='ltr'><strong>ibid.</strong></span> <span class='ocrx_word' id='word_1_212' title='bbox 1619 1709 1746 1758; x_wconf 76' lang='grc' dir='ltr'><strong><em>μόλις]</em></strong></span> 
     </span>
     <span class='ocr_line' id='line_1_23' title="bbox 382 1757 1690 1807; baseline -0.005 -9"><span class='ocrx_word' id='word_1_213' title='bbox 382 1763 439 1798; x_wconf 86' lang='lat' dir='ltr'><strong>lta</strong></span> <span class='ocrx_word' id='word_1_214' title='bbox 459 1763 502 1797; x_wconf 90' lang='lat' dir='ltr'><strong>P.</strong></span> <span class='ocrx_word' id='word_1_215' title='bbox 526 1772 589 1807; x_wconf 89' lang='lat' dir='ltr'><strong>pro</strong></span> <span class='ocrx_word' id='word_1_216' title='bbox 609 1757 780 1805; x_wconf 79' lang='grc' dir='ltr'><strong><em>μάλιστα.</em></strong></span> <span class='ocrx_word' id='word_1_217' title='bbox 1687 1775 1690 1777; x_wconf 59' lang='lat'>&gt;</span> 
     </span>
    </p>
   </div>
   <div class='ocr_carea' id='block_1_4' title="bbox 292 1883 1771 2887">
    <p class='ocr_par' dir='ltr' id='par_1_7' title="bbox 292 1883 1771 2887">
     <span class='ocr_line' id='line_1_24' title="bbox 292 1883 1751 1932; baseline -0.003 -10"><span class='ocrx_word' id='word_1_218' title='bbox 292 1888 361 1931; x_wconf 81' lang='lat' dir='ltr'><strong>vit,</strong></span> <span class='ocrx_word' id='word_1_219' title='bbox 392 1890 432 1921; x_wconf 82' lang='lat' dir='ltr'><strong>ut</strong></span> <span class='ocrx_word' id='word_1_220' title='bbox 446 1898 520 1921; x_wconf 89' lang='lat' dir='ltr'><strong>cum</strong></span> <span class='ocrx_word' id='word_1_221' title='bbox 536 1886 617 1920; x_wconf 89' lang='lat' dir='ltr'><strong>nihil</strong></span> <span class='ocrx_word' id='word_1_222' title='bbox 633 1889 907 1932; x_wconf 80' lang='lat' dir='ltr'><strong>exspectaretur,</strong></span> <span class='ocrx_word' id='word_1_223' title='bbox 936 1885 997 1919; x_wconf 87' lang='lat' dir='ltr'><strong>nisi</strong></span> <span class='ocrx_word' id='word_1_224' title='bbox 1011 1885 1106 1920; x_wconf 88' lang='lat' dir='ltr'><strong>ruina</strong></span> <span class='ocrx_word' id='word_1_225' title='bbox 1122 1885 1295 1920; x_wconf 85' lang='lat' dir='ltr'>Romanae</span> <span class='ocrx_word' id='word_1_226' title='bbox 1316 1885 1367 1920; x_wconf 87' lang='lat' dir='ltr'><strong>rei</strong></span> <span class='ocrx_word' id='word_1_227' title='bbox 1393 1885 1574 1931; x_wconf 83' lang='lat' dir='ltr'><strong>proximum</strong></span> <span class='ocrx_word' id='word_1_228' title='bbox 1596 1883 1630 1918; x_wconf 90' lang='lat' dir='ltr'><strong>in</strong></span> <span class='ocrx_word' id='word_1_229' title='bbox 1655 1883 1751 1918; x_wconf 84' lang='lat' dir='ltr'><strong>exitii</strong></span> 
     </span>
     <span class='ocr_line' id='line_1_25' title="bbox 292 1929 1750 1980; baseline -0.003 -13"><span class='ocrx_word' id='word_1_230' title='bbox 292 1934 479 1980; x_wconf 88' lang='lat' dir='ltr'><strong>periculum</strong></span> <span class='ocrx_word' id='word_1_231' title='bbox 495 1933 664 1967; x_wconf 78' lang='lat' dir='ltr'><strong>adductae</strong></span> <span class='ocrx_word' id='word_1_232' title='bbox 674 1959 684 1975; x_wconf 93' lang='lat'><strong>‚</strong></span> <span class='ocrx_word' id='word_1_233' title='bbox 716 1944 791 1967; x_wconf 85' lang='lat' dir='ltr'><strong>eam</strong></span> <span class='ocrx_word' id='word_1_234' title='bbox 815 1944 880 1966; x_wconf 92' lang='lat' dir='ltr'><strong>non</strong></span> <span class='ocrx_word' id='word_1_235' title='bbox 892 1971 896 1976; x_wconf 29' lang='grc'>1</span> <span class='ocrx_word' id='word_1_236' title='bbox 908 1932 1014 1965; x_wconf 91' lang='lat' dir='ltr'><strong>solum</strong></span> <span class='ocrx_word' id='word_1_237' title='bbox 1038 1931 1224 1966; x_wconf 86' lang='lat' dir='ltr'><strong>restituerit</strong></span> <span class='ocrx_word' id='word_1_238' title='bbox 1245 1932 1279 1965; x_wconf 91' lang='lat' dir='ltr'><strong>in</strong></span> <span class='ocrx_word' id='word_1_239' title='bbox 1303 1931 1490 1975; x_wconf 79' lang='lat' dir='ltr'><strong>integrum,</strong></span> <span class='ocrx_word' id='word_1_240' title='bbox 1520 1930 1580 1964; x_wconf 84' lang='lat' dir='ltr'><strong>sed</strong></span> <span class='ocrx_word' id='word_1_241' title='bbox 1598 1930 1632 1964; x_wconf 89' lang='lat' dir='ltr'><strong>in</strong></span> <span class='ocrx_word' id='word_1_242' title='bbox 1647 1929 1750 1963; x_wconf 78' lang='lat' dir='ltr'><strong>decus</strong></span> 
     </span>
     <span class='ocr_line' id='line_1_26' title="bbox 293 1975 1752 2022; baseline -0.002 -10"><span class='ocrx_word' id='word_1_243' title='bbox 293 1980 391 2013; x_wconf 86' lang='lat' dir='ltr'><strong>etiam</strong></span> <span class='ocrx_word' id='word_1_244' title='bbox 408 1979 581 2012; x_wconf 85' lang='lat' dir='ltr'><strong>maximum</strong></span> <span class='ocrx_word' id='word_1_245' title='bbox 597 1979 757 2013; x_wconf 79' lang='lat' dir='ltr'>evexerit.</span> <span class='ocrx_word' id='word_1_246' title='bbox 804 1977 990 2011; x_wconf 81' lang='lat' dir='ltr'><strong>continenti</strong></span> <span class='ocrx_word' id='word_1_247' title='bbox 1013 1977 1175 2022; x_wconf 81' lang='lat' dir='ltr'>siquidem</span> <span class='ocrx_word' id='word_1_248' title='bbox 1197 1978 1331 2012; x_wconf 84' lang='lat' dir='ltr'><strong>actione</strong></span> <span class='ocrx_word' id='word_1_249' title='bbox 1345 1977 1438 2011; x_wconf 87' lang='lat' dir='ltr'><strong>vitae</strong></span> <span class='ocrx_word' id='word_1_250' title='bbox 1450 1976 1606 2020; x_wconf 85' lang='lat' dir='ltr'><strong>integrae</strong></span> <span class='ocrx_word' id='word_1_251' title='bbox 1619 1975 1752 2010; x_wconf 77' lang='lat' dir='ltr'><strong>intexta</strong></span> 
     </span>
     <span class='ocr_line' id='line_1_27' title="bbox 292 2023 1752 2069; baseline -0.003 -11"><span class='ocrx_word' id='word_1_252' title='bbox 292 2025 483 2058; x_wconf 88' lang='lat' dir='ltr'><strong>fortitudini</strong></span> <span class='ocrx_word' id='word_1_253' title='bbox 500 2024 696 2068; x_wconf 87' lang='lat' dir='ltr'><strong>prudentia,</strong></span> <span class='ocrx_word' id='word_1_254' title='bbox 727 2035 793 2057; x_wconf 91' lang='lat' dir='ltr'><strong>non</strong></span> <span class='ocrx_word' id='word_1_255' title='bbox 809 2023 909 2057; x_wconf 81' lang='lat' dir='ltr'><strong>facile</strong></span> <span class='ocrx_word' id='word_1_256' title='bbox 926 2029 1102 2056; x_wconf 90' lang='lat' dir='ltr'><strong>numeratu</strong></span> <span class='ocrx_word' id='word_1_257' title='bbox 1118 2028 1187 2066; x_wconf 87' lang='lat' dir='ltr'><strong>est,</strong></span> <span class='ocrx_word' id='word_1_258' title='bbox 1212 2029 1297 2068; x_wconf 87' lang='lat' dir='ltr'><strong>quot</strong></span> <span class='ocrx_word' id='word_1_259' title='bbox 1319 2023 1442 2069; x_wconf 83' lang='lat' dir='ltr'><strong>passim</strong></span> <span class='ocrx_word' id='word_1_260' title='bbox 1465 2027 1609 2066; x_wconf 86' lang='lat' dir='ltr'><strong>tropaea</strong></span> <span class='ocrx_word' id='word_1_261' title='bbox 1630 2031 1752 2055; x_wconf 86' lang='lat' dir='ltr'><strong>erexe-</strong></span> 
     </span>
     <span class='ocr_line' id='line_1_28' title="bbox 293 2065 1752 2113; baseline -0.003 -10"><span class='ocrx_word' id='word_1_262' title='bbox 293 2070 340 2104; x_wconf 84' lang='lat' dir='ltr'><strong>rit</strong></span> <span class='ocrx_word' id='word_1_263' title='bbox 355 2070 398 2103; x_wconf 88' lang='lat' dir='ltr'><strong>de</strong></span> <span class='ocrx_word' id='word_1_264' title='bbox 414 2070 566 2103; x_wconf 82' lang='lat' dir='ltr'>hostibus</span> <span class='ocrx_word' id='word_1_265' title='bbox 582 2069 723 2103; x_wconf 88' lang='lat' dir='ltr'><strong>Romani</strong></span> <span class='ocrx_word' id='word_1_266' title='bbox 738 2069 878 2102; x_wconf 89' lang='lat' dir='ltr'><strong>nominis</strong></span> <span class='ocrx_word' id='word_1_267' title='bbox 889 2094 900 2109; x_wconf 87' lang='lat'>‚</span> <span class='ocrx_word' id='word_1_268' title='bbox 917 2080 1056 2113; x_wconf 90' lang='lat' dir='ltr'><strong>quorum</strong></span> <span class='ocrx_word' id='word_1_269' title='bbox 1073 2069 1328 2103; x_wconf 89' lang='lat' dir='ltr'><strong>innumerabiles</strong></span> <span class='ocrx_word' id='word_1_270' title='bbox 1343 2068 1511 2102; x_wconf 87' lang='lat' dir='ltr'><strong>exercitus</strong></span> <span class='ocrx_word' id='word_1_271' title='bbox 1526 2066 1648 2112; x_wconf 86' lang='lat' dir='ltr'><strong>partim</strong></span> <span class='ocrx_word' id='word_1_272' title='bbox 1662 2065 1752 2099; x_wconf 81' lang='lat' dir='ltr'><strong>fudit</strong></span> 
     </span>
     <span class='ocr_line' id='line_1_29' title="bbox 293 2112 1751 2159; baseline -0.003 -10"><span class='ocrx_word' id='word_1_273' title='bbox 293 2115 494 2159; x_wconf 79' lang='lat' dir='ltr'><strong>fugavitque</strong></span> <span class='ocrx_word' id='word_1_274' title='bbox 505 2141 516 2158; x_wconf 81' lang='lat'><strong><em>‚</em></strong></span> <span class='ocrx_word' id='word_1_275' title='bbox 547 2115 669 2159; x_wconf 84' lang='lat' dir='ltr'><strong>partim</strong></span> <span class='ocrx_word' id='word_1_276' title='bbox 684 2115 840 2149; x_wconf 88' lang='lat' dir='ltr'><strong>servituti</strong></span> <span class='ocrx_word' id='word_1_277' title='bbox 854 2121 973 2159; x_wconf 89' lang='lat' dir='ltr'><strong>captos</strong></span> <span class='ocrx_word' id='word_1_278' title='bbox 987 2114 1206 2159; x_wconf 75' lang='lat' dir='ltr'>mancipavit,</span> <span class='ocrx_word' id='word_1_279' title='bbox 1235 2114 1353 2159; x_wconf 89' lang='lat' dir='ltr'><strong>partim</strong></span> <span class='ocrx_word' id='word_1_280' title='bbox 1370 2114 1564 2147; x_wconf 84' lang='lat' dir='ltr'><strong>foederatos</strong></span> <span class='ocrx_word' id='word_1_281' title='bbox 1578 2112 1751 2146; x_wconf 78' lang='lat' dir='ltr'><strong>Romanae</strong></span> 
     </span>
     <span class='ocr_line' id='line_1_30' title="bbox 294 2157 1749 2205; baseline -0.003 -11"><span class='ocrx_word' id='word_1_282' title='bbox 294 2160 428 2195; x_wconf 86' lang='lat' dir='ltr'><strong>militiae</strong></span> <span class='ocrx_word' id='word_1_283' title='bbox 438 2160 602 2194; x_wconf 86' lang='lat' dir='ltr'><strong>adiunxit.</strong></span> <span class='ocrx_word' id='word_1_284' title='bbox 620 2161 695 2194; x_wconf 85' lang='lat' dir='ltr'><strong>talis</strong></span> <span class='ocrx_word' id='word_1_285' title='bbox 710 2161 777 2194; x_wconf 85' lang='lat' dir='ltr'><strong>viri</strong></span> <span class='ocrx_word' id='word_1_286' title='bbox 792 2172 846 2194; x_wconf 88' lang='lat' dir='ltr'><strong>res</strong></span> <span class='ocrx_word' id='word_1_287' title='bbox 862 2165 976 2204; x_wconf 83' lang='lat' dir='ltr'><strong>gestas</strong></span> <span class='ocrx_word' id='word_1_288' title='bbox 992 2171 1095 2205; x_wconf 91' lang='lat' dir='ltr'><strong>opere</strong></span> <span class='ocrx_word' id='word_1_289' title='bbox 1112 2171 1176 2193; x_wconf 90' lang='lat' dir='ltr'><strong>uno</strong></span> <span class='ocrx_word' id='word_1_290' title='bbox 1193 2159 1367 2205; x_wconf 79' lang='lat' dir='ltr'><strong>complecti</strong></span> <span class='ocrx_word' id='word_1_291' title='bbox 1380 2159 1578 2193; x_wconf 86' lang='lat' dir='ltr'><strong>laboriosum</strong></span> <span class='ocrx_word' id='word_1_292' title='bbox 1592 2157 1749 2190; x_wconf 88' lang='lat' dir='ltr'><strong>arduum-</strong></span> 
     </span>
     <span class='ocr_line' id='line_1_31' title="bbox 296 2202 1751 2251; baseline -0.003 -12"><span class='ocrx_word' id='word_1_293' title='bbox 296 2218 363 2251; x_wconf 92' lang='lat' dir='ltr'><strong>que</strong></span> <span class='ocrx_word' id='word_1_294' title='bbox 386 2206 491 2239; x_wconf 84' lang='lat' dir='ltr'><strong>fuerit</strong></span> <span class='ocrx_word' id='word_1_295' title='bbox 517 2217 656 2249; x_wconf 84' lang='lat' dir='ltr'><strong>meaque</strong></span> <span class='ocrx_word' id='word_1_296' title='bbox 678 2207 842 2240; x_wconf 80' lang='lat' dir='ltr'><strong>facultate</strong></span> <span class='ocrx_word' id='word_1_297' title='bbox 867 2206 983 2250; x_wconf 86' lang='lat' dir='ltr'><strong>utique</strong></span> <span class='ocrx_word' id='word_1_298' title='bbox 1008 2206 1172 2250; x_wconf 82' lang='lat' dir='ltr'><strong>superius.</strong></span> <span class='ocrx_word' id='word_1_299' title='bbox 1218 2217 1426 2240; x_wconf 84' lang='lat' dir='ltr'><strong>recusassem</strong></span> <span class='ocrx_word' id='word_1_300' title='bbox 1441 2204 1553 2248; x_wconf 81' lang='lat' dir='ltr'><strong>itaque</strong></span> <span class='ocrx_word' id='word_1_301' title='bbox 1567 2202 1751 2245; x_wconf 82' lang='lat' dir='ltr'><strong>negotium,</strong></span> 
     </span>
     <span class='ocr_line' id='line_1_32' title="bbox 295 2247 1751 2295; baseline -0.004 -9"><span class='ocrx_word' id='word_1_302' title='bbox 295 2252 360 2286; x_wconf 87' lang='lat' dir='ltr'><strong>nisi</strong></span> <span class='ocrx_word' id='word_1_303' title='bbox 383 2251 427 2285; x_wconf 89' lang='lat' dir='ltr'><strong>ad</strong></span> <span class='ocrx_word' id='word_1_304' title='bbox 450 2252 485 2285; x_wconf 88' lang='lat' dir='ltr'><strong>id</strong></span> <span class='ocrx_word' id='word_1_305' title='bbox 501 2251 709 2285; x_wconf 89' lang='lat' dir='ltr'><strong>subeundum</strong></span> <span class='ocrx_word' id='word_1_306' title='bbox 724 2263 807 2285; x_wconf 89' lang='lat' dir='ltr'><strong>onus</strong></span> <span class='ocrx_word' id='word_1_307' title='bbox 822 2252 991 2286; x_wconf 79' lang='lat' dir='ltr'><strong>Herculea</strong></span> <span class='ocrx_word' id='word_1_308' title='bbox 1006 2263 1058 2285; x_wconf 89' lang='lat' dir='ltr'><strong>me</strong></span> <span class='ocrx_word' id='word_1_309' title='bbox 1073 2251 1123 2284; x_wconf 91' lang='lat' dir='ltr'><strong>vis</strong></span> <span class='ocrx_word' id='word_1_310' title='bbox 1139 2252 1300 2295; x_wconf 84' lang='lat' dir='ltr'><strong>quaedam</strong></span> <span class='ocrx_word' id='word_1_311' title='bbox 1316 2251 1505 2295; x_wconf 85' lang='lat' dir='ltr'><strong>adegisset;</strong></span> <span class='ocrx_word' id='word_1_312' title='bbox 1535 2247 1751 2293; x_wconf 75' lang='lat' dir='ltr'><strong>persuasione</strong></span> 
     </span>
     <span class='ocr_line' id='line_1_33' title="bbox 295 2293 1751 2341; baseline -0.002 -10"><span class='ocrx_word' id='word_1_313' title='bbox 295 2297 501 2332; x_wconf 81' lang='lat' dir='ltr'><strong>ineluctabili</strong></span> <span class='ocrx_word' id='word_1_314' title='bbox 516 2308 659 2330; x_wconf 86' lang='lat' dir='ltr'><strong>exorans</strong></span> <span class='ocrx_word' id='word_1_315' title='bbox 676 2308 696 2330; x_wconf 93' lang='lat' dir='ltr'><strong>a</strong></span> <span class='ocrx_word' id='word_1_316' title='bbox 712 2309 764 2330; x_wconf 91' lang='lat' dir='ltr'><strong>me</strong></span> <span class='ocrx_word' id='word_1_317' title='bbox 778 2297 931 2341; x_wconf 87' lang='lat' dir='ltr'><strong>exiguam</strong></span> <span class='ocrx_word' id='word_1_318' title='bbox 944 2325 954 2341; x_wconf 82' lang='lat'>,</span> <span class='ocrx_word' id='word_1_319' title='bbox 985 2302 1025 2330; x_wconf 88' lang='lat' dir='ltr'><strong>ut</strong></span> <span class='ocrx_word' id='word_1_320' title='bbox 1049 2297 1157 2330; x_wconf 84' lang='lat' dir='ltr'><strong>vicem</strong></span> <span class='ocrx_word' id='word_1_321' title='bbox 1182 2301 1233 2330; x_wconf 84' lang='lat' dir='ltr'><strong>tot</strong></span> <span class='ocrx_word' id='word_1_322' title='bbox 1259 2297 1321 2341; x_wconf 86' lang='lat' dir='ltr'><strong>ipsi</strong></span> <span class='ocrx_word' id='word_1_323' title='bbox 1347 2307 1387 2330; x_wconf 90' lang='lat' dir='ltr'><strong>ac</strong></span> <span class='ocrx_word' id='word_1_324' title='bbox 1405 2299 1572 2330; x_wconf 86' lang='lat' dir='ltr'><strong>tantorum</strong></span> <span class='ocrx_word' id='word_1_325' title='bbox 1588 2293 1751 2328; x_wconf 87' lang='lat' dir='ltr'><strong>bonorum</strong></span> 
     </span>
     <span class='ocr_line' id='line_1_34' title="bbox 296 2338 1751 2384; baseline -0.004 -6"><span class='ocrx_word' id='word_1_326' title='bbox 296 2343 493 2382; x_wconf 85' lang='lat' dir='ltr'><strong>redderem,</strong></span> <span class='ocrx_word' id='word_1_327' title='bbox 518 2342 615 2375; x_wconf 90' lang='lat' dir='ltr'><strong>brevi</strong></span> <span class='ocrx_word' id='word_1_328' title='bbox 630 2342 696 2375; x_wconf 91' lang='lat' dir='ltr'><strong>hoc</strong></span> <span class='ocrx_word' id='word_1_329' title='bbox 712 2343 756 2375; x_wconf 88' lang='lat' dir='ltr'><strong>ad</strong></span> <span class='ocrx_word' id='word_1_330' title='bbox 772 2343 842 2376; x_wconf 84' lang='lat' dir='ltr'><strong>eius</strong></span> <span class='ocrx_word' id='word_1_331' title='bbox 856 2343 1065 2376; x_wconf 86' lang='lat' dir='ltr'><strong>voluntatem</strong></span> <span class='ocrx_word' id='word_1_332' title='bbox 1081 2342 1283 2376; x_wconf 85' lang='lat' dir='ltr'><strong>exantlando</strong></span> <span class='ocrx_word' id='word_1_333' title='bbox 1298 2342 1428 2376; x_wconf 90' lang='lat' dir='ltr'><strong>labore.</strong></span> <span class='ocrx_word' id='word_1_334' title='bbox 1474 2338 1552 2384; x_wconf 86' lang='lat' dir='ltr'><strong>quid</strong></span> <span class='ocrx_word' id='word_1_335' title='bbox 1569 2338 1654 2372; x_wconf 88' lang='lat' dir='ltr'><strong>enim</strong></span> <span class='ocrx_word' id='word_1_336' title='bbox 1670 2350 1751 2373; x_wconf 79' lang='lat' dir='ltr'><strong>sane</strong></span> 
     </span>
     <span class='ocr_line' id='line_1_35' title="bbox 297 2383 1752 2432; baseline -0.003 -10"><span class='ocrx_word' id='word_1_337' title='bbox 297 2388 385 2423; x_wconf 86' lang='lat' dir='ltr'><strong>aliud</strong></span> <span class='ocrx_word' id='word_1_338' title='bbox 400 2387 583 2422; x_wconf 84' lang='lat' dir='ltr'><strong>retribuam</strong></span> <span class='ocrx_word' id='word_1_339' title='bbox 598 2387 664 2432; x_wconf 89' lang='lat' dir='ltr'><strong>ipsi</strong></span> <span class='ocrx_word' id='word_1_340' title='bbox 680 2399 740 2432; x_wconf 88' lang='lat' dir='ltr'><strong>pro</strong></span> <span class='ocrx_word' id='word_1_341' title='bbox 757 2388 906 2422; x_wconf 87' lang='lat' dir='ltr'><strong>omnibus</strong></span> <span class='ocrx_word' id='word_1_342' title='bbox 921 2399 1008 2432; x_wconf 86' lang='lat' dir='ltr'><strong>quae</strong></span> <span class='ocrx_word' id='word_1_343' title='bbox 1023 2388 1179 2422; x_wconf 79' lang='lat' dir='ltr'><strong>retribuit</strong></span> <span class='ocrx_word' id='word_1_344' title='bbox 1193 2388 1271 2421; x_wconf 83' lang='lat' dir='ltr'><strong>mibi</strong></span> <span class='ocrx_word' id='word_1_345' title='bbox 1285 2413 1293 2429; x_wconf 87' lang='lat'><em>,</em></span> <span class='ocrx_word' id='word_1_346' title='bbox 1318 2387 1346 2421; x_wconf 89' lang='lat' dir='ltr'><strong>si</strong></span> <span class='ocrx_word' id='word_1_347' title='bbox 1361 2397 1416 2420; x_wconf 84' lang='lat' dir='ltr'><strong>res</strong></span> <span class='ocrx_word' id='word_1_348' title='bbox 1431 2384 1501 2418; x_wconf 88' lang='lat' dir='ltr'><strong>eius</strong></span> <span class='ocrx_word' id='word_1_349' title='bbox 1515 2389 1630 2428; x_wconf 81' lang='lat' dir='ltr'><strong>gestas</strong></span> <span class='ocrx_word' id='word_1_350' title='bbox 1645 2383 1752 2418; x_wconf 85' lang='lat' dir='ltr'><strong>silen-</strong></span> 
     </span>
     <span class='ocr_line' id='line_1_36' title="bbox 296 2429 1751 2479; baseline -0.003 -12"><span class='ocrx_word' id='word_1_351' title='bbox 296 2434 343 2467; x_wconf 81' lang='lat' dir='ltr'><strong>tio</strong></span> <span class='ocrx_word' id='word_1_352' title='bbox 361 2438 571 2479; x_wconf 78' lang='lat' dir='ltr'><strong>praeteream</strong></span> <span class='ocrx_word' id='word_1_353' title='bbox 585 2460 595 2477; x_wconf 84' lang='lat'>,</span> <span class='ocrx_word' id='word_1_354' title='bbox 627 2433 895 2477; x_wconf 81' lang='lat' dir='ltr'><strong>committamque</strong></span> <span class='ocrx_word' id='word_1_355' title='bbox 909 2433 1098 2467; x_wconf 87' lang='lat' dir='ltr'><strong>cessatione</strong></span> <span class='ocrx_word' id='word_1_356' title='bbox 1113 2445 1154 2467; x_wconf 89' lang='lat' dir='ltr'><strong>ac</strong></span> <span class='ocrx_word' id='word_1_357' title='bbox 1170 2432 1375 2478; x_wconf 82' lang='lat' dir='ltr'><strong>negligentia</strong></span> <span class='ocrx_word' id='word_1_358' title='bbox 1390 2441 1483 2472; x_wconf 82' lang='lat' dir='ltr'><strong>mea,</strong></span> <span class='ocrx_word' id='word_1_359' title='bbox 1514 2435 1551 2463; x_wconf 87' lang='lat' dir='ltr'><strong>ut</strong></span> <span class='ocrx_word' id='word_1_360' title='bbox 1571 2429 1649 2462; x_wconf 84' lang='lat' dir='ltr'><strong>illae</strong></span> <span class='ocrx_word' id='word_1_361' title='bbox 1663 2429 1751 2463; x_wconf 89' lang='lat' dir='ltr'><strong>obli-</strong></span> 
     </span>
     <span class='ocr_line' id='line_1_37' title="bbox 297 2474 1752 2523; baseline -0.003 -11"><span class='ocrx_word' id='word_1_362' title='bbox 297 2479 407 2513; x_wconf 82' lang='lat' dir='ltr'><strong>vionis</strong></span> <span class='ocrx_word' id='word_1_363' title='bbox 424 2478 589 2523; x_wconf 83' lang='lat' dir='ltr'><strong>profundo</strong></span> <span class='ocrx_word' id='word_1_364' title='bbox 605 2490 735 2512; x_wconf 86' lang='lat' dir='ltr'><strong>mersae</strong></span> <span class='ocrx_word' id='word_1_365' title='bbox 750 2479 783 2512; x_wconf 90' lang='lat' dir='ltr'><strong>in</strong></span> <span class='ocrx_word' id='word_1_366' title='bbox 798 2478 945 2512; x_wconf 85' lang='lat' dir='ltr'><strong>tenebris</strong></span> <span class='ocrx_word' id='word_1_367' title='bbox 960 2479 1172 2513; x_wconf 83' lang='lat' dir='ltr'><strong>delitescant.</strong></span> <span class='ocrx_word' id='word_1_368' title='bbox 1219 2477 1337 2523; x_wconf 87' lang='lat' dir='ltr'><strong>quodsi</strong></span> <span class='ocrx_word' id='word_1_369' title='bbox 1359 2475 1537 2510; x_wconf 78' lang='lat' dir='ltr'><strong>exhaurire</strong></span> <span class='ocrx_word' id='word_1_370' title='bbox 1557 2475 1669 2509; x_wconf 88' lang='lat' dir='ltr'><strong>omnia</strong></span> <span class='ocrx_word' id='word_1_371' title='bbox 1696 2474 1752 2509; x_wconf 82' lang='lat' dir='ltr'><strong>‹li-</strong></span> 
     </span>
     <span class='ocr_line' id='line_1_38' title="bbox 299 2520 1753 2568; baseline -0.003 -11"><span class='ocrx_word' id='word_1_372' title='bbox 299 2525 406 2557; x_wconf 91' lang='lat' dir='ltr'><strong>cendo</strong></span> <span class='ocrx_word' id='word_1_373' title='bbox 423 2525 620 2568; x_wconf 87' lang='lat' dir='ltr'><strong>copiamque</strong></span> <span class='ocrx_word' id='word_1_374' title='bbox 635 2524 795 2558; x_wconf 88' lang='lat' dir='ltr'><strong>orationis</strong></span> <span class='ocrx_word' id='word_1_375' title='bbox 810 2530 913 2568; x_wconf 87' lang='lat' dir='ltr'><strong>atque</strong></span> <span class='ocrx_word' id='word_1_376' title='bbox 929 2529 1081 2558; x_wconf 88' lang='lat' dir='ltr'><strong>ornatum</strong></span> <span class='ocrx_word' id='word_1_377' title='bbox 1099 2536 1172 2558; x_wconf 90' lang='lat' dir='ltr'><strong>cum</strong></span> <span class='ocrx_word' id='word_1_378' title='bbox 1187 2524 1351 2568; x_wconf 78' lang='lat' dir='ltr'><strong>dignitate</strong></span> <span class='ocrx_word' id='word_1_379' title='bbox 1362 2520 1548 2565; x_wconf 86' lang='lat' dir='ltr'><strong>argumenti</strong></span> <span class='ocrx_word' id='word_1_380' title='bbox 1560 2531 1753 2565; x_wconf 77' lang='lat' dir='ltr'><strong>exaequare</strong></span> 
     </span>
     <span class='ocr_line' id='line_1_39' title="bbox 297 2566 1753 2615; baseline -0.003 -12"><span class='ocrx_word' id='word_1_381' title='bbox 297 2569 505 2613; x_wconf 80' lang='lat' dir='ltr'><strong>nequiverim</strong></span> <span class='ocrx_word' id='word_1_382' title='bbox 517 2595 528 2610; x_wconf 88' lang='lat'>‚</span> <span class='ocrx_word' id='word_1_383' title='bbox 552 2581 595 2603; x_wconf 90' lang='lat' dir='ltr'><strong>ne</strong></span> <span class='ocrx_word' id='word_1_384' title='bbox 610 2570 675 2603; x_wconf 92' lang='lat' dir='ltr'><strong>hoc</strong></span> <span class='ocrx_word' id='word_1_385' title='bbox 690 2570 848 2615; x_wconf 85' lang='lat' dir='ltr'><strong>scriptum</strong></span> <span class='ocrx_word' id='word_1_386' title='bbox 865 2575 1050 2614; x_wconf 87' lang='lat' dir='ltr'><strong>propterea</strong></span> <span class='ocrx_word' id='word_1_387' title='bbox 1066 2568 1171 2603; x_wconf 85' lang='lat' dir='ltr'><strong>meum</strong></span> <span class='ocrx_word' id='word_1_388' title='bbox 1188 2567 1424 2603; x_wconf 82' lang='lat' dir='ltr'><strong>exsibilandum</strong></span> <span class='ocrx_word' id='word_1_389' title='bbox 1440 2566 1753 2611; x_wconf 81' lang='lat' dir='ltr'><strong>explodendumque</strong></span> 
     </span>
     <span class='ocr_line' id='line_1_40' title="bbox 300 2611 1752 2658; baseline -0.001 -12"><span class='ocrx_word' id='word_1_390' title='bbox 300 2614 464 2658; x_wconf 86' lang='lat' dir='ltr'><strong>quispiam</strong></span> <span class='ocrx_word' id='word_1_391' title='bbox 488 2619 598 2658; x_wconf 87' lang='lat' dir='ltr'><strong>putet.</strong></span> <span class='ocrx_word' id='word_1_392' title='bbox 644 2627 710 2649; x_wconf 94' lang='lat' dir='ltr'><strong>non</strong></span> <span class='ocrx_word' id='word_1_393' title='bbox 726 2615 811 2649; x_wconf 91' lang='lat' dir='ltr'><strong>enim</strong></span> <span class='ocrx_word' id='word_1_394' title='bbox 826 2615 998 2649; x_wconf 86' lang='lat' dir='ltr'><strong>historiam</strong></span> <span class='ocrx_word' id='word_1_395' title='bbox 1015 2627 1066 2649; x_wconf 89' lang='lat' dir='ltr'><strong>me</strong></span> <span class='ocrx_word' id='word_1_396' title='bbox 1081 2627 1152 2648; x_wconf 89' lang='lat' dir='ltr'><strong>sum</strong></span> <span class='ocrx_word' id='word_1_397' title='bbox 1167 2615 1313 2648; x_wconf 87' lang='lat' dir='ltr'><strong>scribere</strong></span> <span class='ocrx_word' id='word_1_398' title='bbox 1329 2613 1521 2657; x_wconf 77' lang='lat' dir='ltr'><strong>professus,</strong></span> <span class='ocrx_word' id='word_1_399' title='bbox 1551 2622 1662 2656; x_wconf 84' lang='lat' dir='ltr'><strong>neque</strong></span> <span class='ocrx_word' id='word_1_400' title='bbox 1676 2611 1752 2645; x_wconf 75' lang='lat' dir='ltr'><strong>lau-</strong></span> 
     </span>
     <span class='ocr_line' id='line_1_41' title="bbox 299 2656 1753 2705; baseline -0.003 -11"><span class='ocrx_word' id='word_1_401' title='bbox 299 2659 467 2694; x_wconf 83' lang='lat' dir='ltr'><strong>dationem</strong></span> <span class='ocrx_word' id='word_1_402' title='bbox 484 2660 556 2693; x_wconf 89' lang='lat' dir='ltr'><strong>eius</strong></span> <span class='ocrx_word' id='word_1_403' title='bbox 571 2660 604 2693; x_wconf 88' lang='lat' dir='ltr'><strong>in</strong></span> <span class='ocrx_word' id='word_1_404' title='bbox 620 2661 788 2705; x_wconf 81' lang='lat' dir='ltr'><strong>panegyri</strong></span> <span class='ocrx_word' id='word_1_405' title='bbox 803 2661 937 2705; x_wconf 88' lang='lat' dir='ltr'><strong>suscepi</strong></span> <span class='ocrx_word' id='word_1_406' title='bbox 951 2661 1190 2705; x_wconf 85' lang='lat' dir='ltr'><strong>perorandam:</strong></span> <span class='ocrx_word' id='word_1_407' title='bbox 1221 2659 1266 2693; x_wconf 85' lang='lat' dir='ltr'><strong>ad</strong></span> <span class='ocrx_word' id='word_1_408' title='bbox 1316 2669 1378 2692; x_wconf 85' lang='lat' dir='ltr'><strong>uae</strong></span> <span class='ocrx_word' id='word_1_409' title='bbox 1400 2657 1458 2690; x_wconf 79' lang='lat' dir='ltr'><strong>vix</strong></span> <span class='ocrx_word' id='word_1_410' title='bbox 1472 2657 1587 2700; x_wconf 84' lang='lat' dir='ltr'><strong>gravis</strong></span> <span class='ocrx_word' id='word_1_411' title='bbox 1601 2656 1753 2691; x_wconf 79' lang='lat' dir='ltr'><strong>subtilis-</strong></span> 
     </span>
     <span class='ocr_line' id='line_1_42' title="bbox 301 2670 1771 2750; baseline -0.002 -12"><span class='ocrx_word' id='word_1_412' title='bbox 301 2716 369 2750; x_wconf 90' lang='lat' dir='ltr'><strong>que</strong></span> <span class='ocrx_word' id='word_1_413' title='bbox 383 2705 593 2748; x_wconf 87' lang='lat' dir='ltr'><strong>Thucydidis</strong></span> <span class='ocrx_word' id='word_1_414' title='bbox 609 2706 706 2750; x_wconf 84' lang='lat' dir='ltr'><strong>copia</strong></span> <span class='ocrx_word' id='word_1_415' title='bbox 720 2732 729 2747; x_wconf 91' lang='lat'>‚</span> <span class='ocrx_word' id='word_1_416' title='bbox 760 2706 818 2740; x_wconf 87' lang='lat' dir='ltr'><strong>vix</strong></span> <span class='ocrx_word' id='word_1_417' title='bbox 830 2706 1062 2740; x_wconf 84' lang='lat' dir='ltr'><strong>Demosthenis</strong></span> <span class='ocrx_word' id='word_1_418' title='bbox 1084 2705 1214 2750; x_wconf 82' lang='lat' dir='ltr'><strong>grande</strong></span> <span class='ocrx_word' id='word_1_419' title='bbox 1235 2670 1316 2737; x_wconf 56' lang='lat' dir='ltr'><strong>iuuil</strong></span> <span class='ocrx_word' id='word_1_420' title='bbox 1341 2708 1374 2737; x_wconf 91' lang='lat' dir='ltr'><strong>et</strong></span> <span class='ocrx_word' id='word_1_421' title='bbox 1398 2709 1520 2736; x_wconf 84' lang='lat' dir='ltr'><strong>ornatu</strong></span> <span class='ocrx_word' id='word_1_422' title='bbox 1536 2714 1577 2736; x_wconf 86' lang='lat' dir='ltr'><strong>ac</strong></span> <span class='ocrx_word' id='word_1_423' title='bbox 1590 2702 1750 2746; x_wconf 82' lang='lat' dir='ltr'><strong>magnifi-</strong></span> <span class='ocrx_word' id='word_1_424' title='bbox 1763 2704 1771 2711; x_wconf 91' lang='grc'><strong>’</strong></span> 
     </span>
     <span class='ocr_line' id='line_1_43' title="bbox 301 2747 1752 2795; baseline -0.002 -11"><span class='ocrx_word' id='word_1_425' title='bbox 301 2750 414 2784; x_wconf 86' lang='lat' dir='ltr'><strong>centia</strong></span> <span class='ocrx_word' id='word_1_426' title='bbox 429 2754 669 2794; x_wconf 85' lang='lat' dir='ltr'><strong>exaggeratum</strong></span> <span class='ocrx_word' id='word_1_427' title='bbox 685 2751 833 2785; x_wconf 77' lang='lat' dir='ltr'><strong>sufficiat</strong></span> <span class='ocrx_word' id='word_1_428' title='bbox 847 2762 967 2795; x_wconf 81' lang='lat' dir='ltr'><strong>genus.</strong></span> <span class='ocrx_word' id='word_1_429' title='bbox 1013 2762 1129 2784; x_wconf 83' lang='lat' dir='ltr'><strong>verum</strong></span> <span class='ocrx_word' id='word_1_430' title='bbox 1145 2749 1178 2783; x_wconf 92' lang='lat' dir='ltr'><strong>id</strong></span> <span class='ocrx_word' id='word_1_431' title='bbox 1194 2753 1323 2783; x_wconf 83' lang='lat' dir='ltr'><strong>tantum</strong></span> <span class='ocrx_word' id='word_1_432' title='bbox 1339 2749 1416 2782; x_wconf 86' lang='lat' dir='ltr'><strong>mihi</strong></span> <span class='ocrx_word' id='word_1_433' title='bbox 1432 2747 1611 2793; x_wconf 86' lang='lat' dir='ltr'><strong>proposui,</strong></span> <span class='ocrx_word' id='word_1_434' title='bbox 1643 2753 1683 2781; x_wconf 76' lang='lat' dir='ltr'><strong>ut</strong></span> <span class='ocrx_word' id='word_1_435' title='bbox 1695 2747 1752 2790; x_wconf 71' lang='lat' dir='ltr'><strong>iis,</strong></span> 
     </span>
     <span class='ocr_line' id='line_1_44' title="bbox 301 2791 1752 2841; baseline -0.003 -11"><span class='ocrx_word' id='word_1_436' title='bbox 301 2796 360 2841; x_wconf 89' lang='lat' dir='ltr'><strong>qui</strong></span> <span class='ocrx_word' id='word_1_437' title='bbox 381 2795 543 2830; x_wconf 82' lang='lat' dir='ltr'><strong>facultate</strong></span> <span class='ocrx_word' id='word_1_438' title='bbox 566 2800 669 2840; x_wconf 89' lang='lat' dir='ltr'><strong>atque</strong></span> <span class='ocrx_word' id='word_1_439' title='bbox 691 2795 826 2839; x_wconf 83' lang='lat' dir='ltr'><strong>ingenio</strong></span> <span class='ocrx_word' id='word_1_440' title='bbox 842 2796 950 2841; x_wconf 85' lang='lat' dir='ltr'><strong>parati</strong></span> <span class='ocrx_word' id='word_1_441' title='bbox 965 2795 1010 2830; x_wconf 89' lang='lat' dir='ltr'><strong>ad</strong></span> <span class='ocrx_word' id='word_1_442' title='bbox 1029 2794 1271 2841; x_wconf 85' lang='lat' dir='ltr'><strong>pulcherrimae</strong></span> <span class='ocrx_word' id='word_1_443' title='bbox 1286 2794 1382 2827; x_wconf 87' lang='lat' dir='ltr'><strong>huius</strong></span> <span class='ocrx_word' id='word_1_444' title='bbox 1398 2793 1682 2827; x_wconf 86' lang='lat' dir='ltr'><strong>elucubrationem</strong></span> <span class='ocrx_word' id='word_1_445' title='bbox 1697 2791 1752 2826; x_wconf 55' lang='lat' dir='ltr'><strong>hia</strong></span> 
     </span>
     <span class='ocr_line' id='line_1_45' title="bbox 301 2837 1755 2887; baseline -0.003 -9"><span class='ocrx_word' id='word_1_446' title='bbox 301 2841 425 2878; x_wconf 68' lang='lat' dir='ltr'><strong>:toriae</strong></span> <span class='ocrx_word' id='word_1_447' title='bbox 439 2840 604 2877; x_wconf 82' lang='lat' dir='ltr'><strong>accedere</strong></span> <span class='ocrx_word' id='word_1_448' title='bbox 617 2841 803 2887; x_wconf 82' lang='lat' dir='ltr'><strong>voluerint,</strong></span> <span class='ocrx_word' id='word_1_449' title='bbox 833 2841 1001 2877; x_wconf 86' lang='lat' dir='ltr'><strong>breviaria</strong></span> <span class='ocrx_word' id='word_1_450' title='bbox 1024 2851 1087 2886; x_wconf 84' lang='lat' dir='ltr'><strong>ego</strong></span> <span class='ocrx_word' id='word_1_451' title='bbox 1113 2839 1276 2886; x_wconf 83' lang='lat' dir='ltr'><strong>quaedam</strong></span> <span class='ocrx_word' id='word_1_452' title='bbox 1292 2839 1337 2875; x_wconf 83' lang='lat' dir='ltr'><strong>ad</strong></span> <span class='ocrx_word' id='word_1_453' title='bbox 1349 2839 1509 2875; x_wconf 83' lang='lat' dir='ltr'><strong>indicium</strong></span> <span class='ocrx_word' id='word_1_454' title='bbox 1521 2842 1559 2875; x_wconf 82' lang='lat' dir='ltr'><strong>ct</strong></span> <span class='ocrx_word' id='word_1_455' title='bbox 1570 2837 1755 2875; x_wconf 71' lang='lat' dir='ltr'><strong>memoriae</strong></span> 
     </span>
    </p>
   </div>
  </div>
 </body>
</html>
