1878 3262
594 198 608 208 .
652 166 1044 213 HISTORIARUM
1077 169 1124 211 L.
1158 167 1236 211 w.
1577 167 1676 214 259

217 297 286 331 νος
320 279 486 323 ἕστατον
522 279 739 338 ἀμφοτέρω
763 281 821 324 τὼ
848 281 1058 338 στρατηγῶ
1083 281 1158 324 σὺν
1182 288 1266 332 τοῖς
1291 282 1469 337 σημείοις
1493 283 1559 325 καὶ
1586 279 1672 325 ὀλί-

217 366 302 406 γοις
336 353 416 391 τῶν
453 349 563 406 ἀμφ’
601 348 748 399 αὐτούς
756 382 768 401 ,
804 351 971 404 οἰομένω
1004 350 1353 405 ἔπισυστήσασθαι
1389 347 1441 393 αὖ
1462 349 1670 405 Ῥωμαίων

217 415 350 467 τινάς·
385 415 440 467 ὥς
467 419 510 460 δὲ
535 418 664 468 οὐδεὶς
698 417 928 472 οὐδαμόθεν
953 420 1163 461 συνίστατο
1190 419 1366 471 τούτοις,
1400 424 1508 462 νῶτα
1533 420 1672 462 λοιπὸν

217 485 364 528 ἔδοσαν
388 488 454 528 καὶ
484 487 610 529 αὐτοί.
679 487 774 528 ἀλλ’
804 485 824 529 ὁ
850 488 922 541 μὲν
947 489 1113 543 Βρανᾶς
1137 488 1285 540 μεταξὺ
1312 490 1569 545 ἐπιστραφεὶς
1589 493 1670 531 τιῦν
1691 492 1722 527 C

183 562 306 598 ὅτινα
331 556 530 608 πολεμίων
555 553 696 611 δόρατι
723 555 880 598 ἔπαισεν
893 587 906 607 ,
932 554 1072 612 ἅτερος
1097 556 1139 597 δὲ
1167 555 1296 612 ἀπῄει.
1365 555 1429 598 ὅτε
1467 557 1517 611 δὴ
1543 574 1670 599 κατα-

202 627 356 679 φανῶς
393 623 562 679 ἔγνωστο
596 624 648 665 τὰ
691 628 763 678 τῆς
806 625 847 666 ἓν
888 628 1018 680 βουλῇ
1055 622 1248 680 πρότερον
1282 624 1418 674 αὐτοῖς
1451 627 1665 682 ὄιαᾳορᾶς.
1687 630 1721 665 V
1744 634 1810 670 118

213 689 236 734 ὅ
270 690 348 748 γάρ
388 709 449 734 τοι
484 695 651 748 Βρανᾶς
685 693 820 747 ἐπειδὴ
860 691 1044 749 φεύγοντι
1070 687 1194 742 αὖθις
1218 693 1398 745 συνέμιξε
1424 697 1483 749 τῷ
1509 695 1548 733 Γ
1546 698 1670 753 αβρᾷ,

1035 758 1060 774 “
1076 755 1187 817 ἇρα”
1218 760 1294 817 ἔφη
1314 758 1340 773 “
1356 759 1577 813 συνεβάλου
1604 780 1669 815 με,

166 755 170 762 ’
212 753 475 812 ἐπιτωθάζων
498 759 611 814 μάλα
636 765 702 802 καὶ
726 759 1018 816 ἕνδιάθρυπτος

214 822 248 870 ὦ
275 829 467 882 σεβαστέ,
503 827 611 879 ὅπως
636 830 805 879 ἐσαῦθις
828 836 911 879 τοῖς
935 830 1138 883 πολεμίοις
1163 829 1460 883 ἀντεκατὲστην,
1491 829 1569 870 ἀπὸ
1598 829 1670 872 δό-

159 895 338 954 1Ορατός
370 914 411 939 τε
448 896 584 946 αὐτοῖς
618 898 952 954 προσηνέχθην,·”
990 902 1062 940 τοῦ
1101 898 1144 939 δὲ
1170 896 1503 954 καταφῆσαντος,
1533 896 1666 939 ι(ἀλλ’

213 962 364 1021 Ξγωγε”
404 963 508 1007 εἶπεν
537 963 622 1006 “οὗ
656 966 716 1019 μὰ
750 966 822 1020 τὴν
859 967 1059 1020 βασιλέως
1092 964 1195 1008 εῗὸόν
1229 982 1271 1008 σε
1310 965 1489 1022 κεφαλὴν
1526 964 1585 1008 ὅτι
1611 966 1669 1021 μὴ

213 1032 419 1075 amima?
491 1032 618 1084 οὕτως
643 1035 681 1076 οἷ
705 1038 776 1075 νῦν
794 1032 994 1088 ζΡωμαῖοι
1020 1034 1092 1076 οὐκ
1118 1035 1181 1076 ἐπὶ
1207 1038 1264 1091 τῷ
1289 1038 1401 1090 κοινῇ
1427 1035 1671 1092 συμφέροντι

212 1102 329 1143 οὐδὲν
353 1100 701 1158 πεπραγμάτευται
727 1103 916 1154 ἕκαστος,
952 1103 1045 1144 ἀλλ’
1075 1101 1131 1153 ὥς
1156 1102 1205 1144 ἄν
1226 1120 1285 1153 τις
1310 1102 1431 1152 αὐτὸς
1454 1103 1577 1152 καλὸς
1602 1107 1670 1145 καὶ

223 1170 236 1185 a
332 1170 343 1185 x
427 1168 444 1186 3
577 1169 598 1185 Ι·
740 1170 750 1186 t
863 1172 874 1186 2
952 1172 977 1187 -r
1152 1170 1162 1186 Ι
1361 1165 1376 1184 3
1523 1172 1532 1187 x
1645 1172 1656 1187 x

213 1174 371 1225 αγαθος
407 1188 504 1212 ειναι
541 1172 659 1227 δοξῃ,
694 1189 827 1213 παντα
853 1174 1085 1224 αναὸεχεται
1111 1188 1245 1213 ποιόν.
1317 1173 1461 1213 Ουννοι
1489 1173 1532 1213 δε
1557 1189 1662 1214 κατα
1683 1174 1715 1208 D

139 1237 338 1282 115va5wv
375 1237 587 1289 διώξαντες
620 1240 666 1281 οὗ
704 1238 867 1296 σφόδρα
903 1240 1076 1289 πολλοὺς
1095 1238 1303 1293 Ῥωμαίων
1337 1239 1536 1291 ἔκτειναν,
1563 1237 1669 1282 εἶλον

211 1308 255 1349 δὲ
280 1308 346 1349 καὶ
374 1307 420 1349 οὗ
456 1306 639 1360 συχνούς.
709 1310 834 1367 ὸέιλιά
870 1308 946 1365 γὰρ
976 1308 1032 1350 ἔτι
1058 1312 1187 1365 πολλῇ
1212 1308 1377 1362 εἴχοντο.
1445 1307 1668 1365 τεκμηριώ-

209 1393 326 1417 σαιτο
354 1376 393 1417 δ’
434 1374 484 1417 ἄν
516 1393 577 1425 τις
602 1377 797 1418 ἐντεῦθεν.
866 1381 945 1419 τῶν
980 1375 1056 1433 γάρ
1082 1394 1143 1426 τις
1176 1378 1219 1418 ἐκ
1244 1378 1410 1427 πεζικῶν
1435 1375 1669 1432 καταλόγων

211 1444 344 1501 φυγὰς
370 1443 463 1501 ἄχρι
488 1447 556 1485 καὶ
582 1445 645 1486 ἐπὶ
681 1443 869 1500 Ζεύγμην
894 1440 1019 1499 ἦλθε,
1051 1445 1152 1502 πρὸς
1178 1444 1338 1495 οὗὸενὸς
1357 1443 1566 1498 Ῥωμαίων
1591 1463 1667 1487 κα-

207 1514 446 1569 ταληφθείς.
499 1511 605 1554 οὕτω
631 1517 758 1569 σχολῇ
782 1514 853 1568 τὴν
879 1511 973 1555 ὁδὸν
999 1515 1217 1555 ἐποιοῦντο.
1270 1512 1332 1555 ὅτε
1361 1513 1410 1567 δὴ
1437 1513 1538 1569 πρὸς
1551 1513 1674 1571 ὄγκον-

153 1582 356 1638 Ξοέπᾶραι
391 1580 436 1623 τὸ
474 1582 658 1637 πραχθὲν
693 1580 980 1636 ἐννοησάμενος
1014 1580 1230 1631 Διονύσιος
1263 1582 1376 1636 ὀλίγα
1403 1586 1482 1623 τῶν
1507 1599 1665 1624 πεπτω-

209 1648 337 1692 κότων
374 1649 609 1705 συναγαγών
647 1648 817 1703 σώματα
847 1654 949 1704 χοῦν
982 1650 1049 1692 ἐπ’
1086 1650 1192 1692 αὐτὰ
1229 1649 1288 1692 ὅτι
1315 1653 1499 1692 πλεῖστον
1523 1649 1667 1707 ἤγειρε,

207 1721 267 1775 τῷ
292 1721 365 1758 τοῦ
397 1716 588 1770 χώματος
619 1720 778 1773 μεγέθει
817 1721 883 1760 καὶ
910 1719 961 1761 τὰ
985 1726 1196 1775 νεκριμαῖα
1231 1723 1549 1774 συμμετρεῖσθαι
1576 1721 1668 1760 δια,-

207 1787 382 1841 νοηθείς.
449 1790 577 1827 ταῦτα
601 1787 674 1839 μὲν
700 1782 770 1828 οὖν
796 1787 900 1829 οὕτω
926 1789 1151 1842 συνηνέχθη
1177 1788 1376 1842 γενέσθαι,
1408 1787 1600 1839 βασιλεὺς
1623 1788 1667 1829 δὲ

299 1869 332 1904 5.
356 1869 603 1912 καταφανῶς]
635 1870 721 1904 Cod.
744 1869 807 1904 καὶ
832 1867 999 1914 ἀφανῶς.
1045 1871 1195 1905 correxit
1216 1871 1348 1915 Heyse.
1487 1871 1521 1905 8.
1543 1867 1666 1906 ἐνδιά-

297 1916 487 1959 θρυπτος]
515 1915 610 1950 Fort.
635 1912 1009 1960 ἐνδιαθρυπτόμενος.

207 1984 297 2018 tinus
312 1982 427 2027 itaque
443 1982 593 2019 omnibus
609 1982 857 2017 discedentibus
868 2009 878 2023 ‚
895 1983 1096 2028 aliquamdiu
1112 1994 1186 2018 cum
1201 1982 1326 2026 signis,
1345 1984 1379 2016 et
1395 1983 1510 2028 paucis
1526 1996 1567 2018 ex
1582 1985 1665 2028 suis,

205 2030 368 2065 restitere
383 2029 452 2062 dux
468 2033 628 2073 uterque,
657 2029 784 2073 aliquot
797 2029 907 2063 adhuc
921 2040 1034 2063 secum
1050 2040 1282 2073 permansuros
1299 2029 1466 2063 Romanos
1480 2030 1557 2064 rati.
1604 2033 1666 2066 sed

206 2076 267 2110 ubi
283 2086 379 2111 nemo
396 2085 537 2118 usquam
551 2086 624 2108 cum
639 2074 678 2107 iis
693 2075 806 2117 stetit,
830 2079 931 2119 terga
946 2080 982 2108 et
995 2075 1060 2120 ipsi
1073 2075 1208 2109 tandem
1223 2074 1397 2110 dederunt.
1442 2075 1573 2111 Branas
1588 2077 1666 2122 qui-‘

207 2121 284 2158 dem
311 2131 493 2154 conversus
520 2131 620 2154 unum
644 2120 686 2153 de
710 2121 861 2154 hostibus
884 2121 982 2154 hasta
1003 2120 1192 2166 percussit3
1220 2121 1308 2154 alter
1321 2126 1432 2155 autem
1446 2121 1531 2165 fuga
1546 2123 1666 2158 evasit.

206 2171 277 2201 tum
307 2177 391 2201 sane
418 2165 508 2211 quod
538 2166 573 2200 in
601 2166 738 2200 consilio
768 2166 862 2211 prius
887 2166 976 2199 inter
990 2178 1049 2200 eos
1064 2166 1233 2200 dissidium
1248 2165 1485 2201 intercesserat
1497 2167 1668 2212 innotuit3

205 2218 382 2267 postquam
403 2212 490 2246 enim
514 2211 697 2255 fugientem
726 2213 875 2246 Gabram
891 2212 1012 2245 iterum
1027 2217 1202 2246 assecutus
1217 2216 1270 2245 est
1282 2212 1411 2246 Branas
1422 2240 1432 2257 ‚
1462 2212 1607 2247 irridens
1622 2224 1664 2248 ac

205 2258 351 2293 illudens
380 2259 404 2276 ‘⁴
417 2269 494 2292 num
504 2257 523 2272 ''
551 2258 660 2302 inquit
684 2258 826 2292 “vidisti
836 2285 846 2302 ‚
877 2268 896 2290 o
923 2258 1078 2299 sebaste,
1113 2263 1151 2292 ut
1162 2257 1283 2294 iterum
1298 2259 1479 2292 restiterim
1495 2259 1663 2303 hostibus,

206 2315 334 2349 eosque
348 2304 445 2337 hasta
459 2303 636 2337 invaserim
647 2304 666 2337 ’ἔ
677 2301 698 2318 ”
742 2303 797 2337 illo
821 2309 989 2344 annuente
1019 2304 1042 2321 ‘⁶
1052 2303 1221 2337 enimvero
1231 2302 1252 2318 '’
1284 2303 1333 2337 ait
1362 2305 1384 2321 ‘⁴
1396 2316 1456 2349 per
1483 2310 1586 2349 caput
1599 2305 1663 2339 im-

206 2349 375 2395 peratoris
390 2360 553 2394 nusquam
568 2349 638 2382 vidi
653 2354 688 2383 te
704 2348 768 2382 nisi
782 2349 977 2393 fugientem.
987 2348 1018 2367 ''·
1055 2349 1106 2383 sic
1128 2350 1233 2393 igitur
1249 2360 1336 2382 nunc
1352 2350 1473 2383 aetatis
1489 2351 1662 2384 Rornano-

205 2406 280 2430 rum
295 2395 435 2439 quisque
447 2420 458 2436 ,
488 2395 516 2429 si
531 2394 576 2429 de
591 2395 753 2428 communi
767 2401 889 2439 agatur
905 2395 1076 2429 commodo
1092 2406 1133 2429 ac
1147 2395 1282 2440 publica
1294 2395 1459 2439 utilitate,
1488 2396 1660 2439 egregium

206 2440 286 2474 nihil
313 2441 470 2474 conficit:
503 2445 624 2474 contra
646 2452 752 2484 vero,
783 2447 820 2474 ut
837 2452 934 2475 manu
957 2445 1113 2475 strenuus
1138 2441 1304 2485 fortisque
1320 2440 1470 2474 omnibus
1485 2446 1662 2486 appareat,

206 2486 285 2520 nulli
309 2486 417 2520 labori
442 2487 560 2531 parcit.
606 2490 644 2519 at
666 2487 817 2529 Hungari
828 2513 839 2529 ‚
871 2487 926 2532 qui
941 2498 962 2520 a
978 2492 1075 2530 tergo
1089 2487 1295 2530 fugientibus
1309 2486 1481 2519 instabant
1491 2511 1502 2527 ,
1535 2498 1662 2531 paucos

207 2542 228 2564 e
244 2531 402 2565 Romanis
418 2532 591 2573 cecidere,
617 2544 679 2566 nec
694 2532 805 2578 plures
818 2532 993 2566 admodum
1012 2544 1152 2577 cepere,
1183 2543 1257 2565 cum
1273 2536 1387 2565 essent
1401 2536 1437 2565 et
1451 2531 1515 2577 ipsi
1530 2543 1661 2577 pavore

206 2576 296 2610 haud
310 2577 441 2612 minimo
458 2578 664 2612 conturbati:
697 2579 787 2622 quod
803 2578 882 2612 inde
897 2578 1056 2621 colligere
1072 2578 1182 2622 quivis
1198 2581 1319 2622 potest.
1365 2577 1498 2622 quidam
1514 2578 1600 2612 enim
1616 2590 1661 2613 ex

206 2621 418 2666 pedestribus
434 2624 578 2658 numeris
593 2624 634 2657 ad
650 2624 820 2668 Zeugmen
833 2635 939 2668 usque
954 2625 1034 2668 fuga
1049 2623 1181 2657 delatus
1195 2649 1204 2662 ,
1234 2622 1268 2657 in
1293 2623 1418 2657 nullum
1434 2623 1661 2659 Romanorum

205 2666 343 2708 incidit,
373 2667 459 2702 adeo
476 2669 658 2703 oscitanter
672 2670 719 2703 illi
734 2671 799 2703 iter
814 2669 995 2704 faciebant.
1041 2673 1111 2702 tum
1129 2668 1261 2713 quidem
1276 2668 1459 2713 Dionysius
1472 2669 1504 2703 in
1520 2669 1661 2703 immen-

207 2723 279 2746 sum
301 2713 456 2748 attollere
473 2726 545 2749 rem
568 2721 699 2759 gestum
722 2716 897 2759 cogitans,
928 2715 1043 2760 paucis
1057 2715 1090 2748 in
1107 2726 1206 2748 unum
1221 2714 1370 2748 collectis
1385 2715 1660 2760 interemptorum

208 2757 447 2802 cadaveribus,
475 2760 606 2794 humum
628 2761 669 2795 iis
692 2761 828 2803 iniecit,
855 2772 1080 2806 aggeremque
1095 2760 1197 2794 altius
1215 2760 1352 2803 eduxit,
1384 2761 1532 2794 futurum
1553 2766 1658 2801 ratus,

206 2808 245 2838 ut
260 2814 432 2843 caesorum
444 2804 520 2842 iude
533 2817 690 2842 numerus
703 2807 1024 2854 deprehenderetur.
1068 2806 1103 2843 in
1119 2806 1206 2842 hunc
1219 2806 1350 2841 modum
1365 2817 1420 2841 res
1438 2806 1486 2842 ibi
1500 2811 1660 2852 peractae

1688 1787 1718 1822 P
1743 1791 1809 1826 152
