1878 3262
251 157 312 203 IN
326 156 633 202 NICEPHORI
649 156 917 201 BRYENNII
935 154 1227 200 comfflNT.
1242 155 1446 200 NOTAE.
1512 156 1610 203 221

150 273 192 307 et
219 267 269 307 ab
295 267 436 307 Urselli
463 279 591 307 uxore
612 266 822 318 liberisque
848 264 900 304 ad
928 265 1176 304 Botaniatam
1202 264 1454 318 perductum.
1510 265 1611 316 Scy-

147 325 264 364 litzae
292 330 332 362 et
352 324 551 377 Bryennio
578 338 660 363 non
688 324 901 362 assentitur
930 323 1090 361 omnino
1116 322 1302 361 Zonaras.
1360 321 1484 360 tradit
1505 322 1611 361 enim

147 381 414 433 logothetam,
444 381 514 433 qui
544 394 626 420 sese
656 381 710 419 ad
734 380 929 419 Ursellum
962 379 1206 428 contulerat,
1237 379 1286 417 ab
1314 379 1422 416 eoin
1441 378 1611 417 vinculis

146 444 414 487 asservatum,
444 444 484 476 et
500 438 654 477 Ursello
673 437 876 476 subitanea
893 442 1022 474 morte
1040 435 1260 485 exstincto,
1287 435 1329 473 in
1348 434 1611 486 suspicionem

145 494 298 535 venisse
332 495 416 533 dati
440 495 495 533 illi
521 494 663 535 veneni
690 498 811 545 eaque
841 492 890 532 de
914 506 1029 531 causa
1054 493 1103 530 ab
1130 492 1270 531 Urselli
1291 492 1466 543 cognatis
1487 492 1610 529 Bota-

144 551 278 591 niatae
301 551 497 590 traditum
525 565 619 590 esse.
675 550 817 589 Urselli
850 550 1019 602 proinde
1046 549 1178 588 obitus
1207 548 1348 587 incidit
1376 549 1419 587 in
1447 547 1494 587 A.
1515 547 1610 587 Chr.

146 611 270 652 1078.
326 608 405 647 inm
430 621 526 647 vero
558 621 649 647 cum
671 607 924 646 Balliolorum
944 605 1259 644 nomenclatione
1284 605 1454 643 familiae
1477 604 1611 656 plures

144 665 187 704 in
209 665 391 703 Neustria
408 678 477 704 seu
493 665 734 703 Normannia
759 663 976 713 vicinisque
1001 663 1206 701 Neustriae
1234 661 1448 716 provinciis
1466 674 1612 699 occur-

144 727 262 770 rant,
289 721 433 760 harum
460 722 524 760 cui
546 721 828 760 adscribendus
848 719 900 758 sit
919 720 1091 758 Ursellus
1108 719 1217 758 haud
1238 719 1356 771 plane
1378 724 1612 771 promptum

144 784 206 816 est
223 778 398 816 definire.
456 778 554 817 duas
572 778 615 816 in
635 778 851 826 Caletibus,
880 790 980 828 quae
999 782 1057 814 est
1072 776 1335 814 Not-manniae
1352 789 1464 827 pars,
1494 775 1611 813 aliam

143 834 189 874 in
206 834 473 874 Vinemacensi
491 849 611 887 pago,
641 835 837 872 Caletibus
856 833 1098 872 contermino
1111 862 1122 882 ,
1153 833 1367 871 observant
1388 831 1610 883 scriptores-

103 902 108 908 ·
144 889 190 944 1)
218 905 309 929 nam
329 892 642 930 San-Paulanam
662 898 701 930 et
717 891 1019 939 Flandrensem,
1049 889 1206 927 tametsi
1223 895 1351 926 aetate
1370 888 1445 927 ista
1460 901 1610 940 perno-

142 947 240 986 biles
261 947 419 986 habitae
444 950 547 999 sint,
572 949 642 987 vix
662 954 722 986 est
738 954 784 986 ut
808 947 967 985 credam
986 945 1037 984 ad
1055 946 1251 984 Ursellum
1270 951 1459 996 spectare.
1516 944 1611 982 bina

142 1016 240 1043 vero
272 1005 424 1044 Ballioli
453 1005 712 1057 appellatione
739 1003 900 1056 praedia
928 1009 998 1041 aut
1032 1009 1160 1040 castra
1190 1007 1368 1040 recenset
1385 1000 1611 1038 Chronicon

142 1067 258 1100 vetus
288 1062 321 1099 F
322 1062 606 1111 ontanellense,
635 1074 806 1112 quorum
836 1061 1007 1098 alterum
1034 1073 1069 1098 c.
1102 1062 1155 1101 12
1183 1058 1224 1096 in
1252 1058 1509 1109 pago—Tellao
1540 1069 1612 1096 seu

142 1117 379 1169 Talogiensi‚
407 1118 678 1158 Vinemacensi
709 1117 902 1166 finitimo,
935 1116 1106 1154 alterum
1135 1128 1168 1153 c.
1187 1117 1214 1156 9
1244 1114 1287 1152 in
1312 1115 1398 1166 ipso
1421 1114 1610 1153 Vinema-

142 1175 249 1213 censi
274 1189 373 1227 pago
402 1175 553 1214 statuit.
610 1175 723 1226 prius
745 1187 827 1213 uno
849 1187 871 1210 a
889 1171 1185 1220 Novocastello,
1212 1171 1380 1209 alterum
1408 1170 1457 1208 ab
1474 1169 1609 1207 Abba-

140 1231 286 1270 tisvilla
312 1245 394 1269 uno
427 1238 468 1270 et
497 1231 786 1282 sesquimilliari
807 1230 948 1269 distat:
978 1235 1193 1279 utrumque
1210 1227 1326 1266 binae
1346 1226 1515 1265 familiae
1533 1226 1610 1265 ad-

139 1287 307 1325 modum
326 1288 450 1326 nobili
470 1300 684 1339 cognomen
705 1287 828 1326 dedit.
885 1286 1150 1337 Talogiensem
1176 1284 1432 1322 Balliolorum
1453 1289 1610 1335 gentem

139 1345 418 1396 perantiquam
444 1345 562 1383 fuisse
587 1343 818 1396 testatur2)
842 1343 1016 1395 diploma
1043 1341 1210 1387 Roberti
1237 1340 1424 1392 Augensis
1457 1339 1610 1378 comitis

140 1400 191 1440 A.
214 1404 342 1451 1036,
369 1402 410 1439 in
430 1415 509 1452 quo
526 1407 767 1440 memoratur
786 1398 1023 1452 Gaufiidus
1042 1397 1092 1436 de
1110 1398 1279 1437 Bailoil.
1336 1402 1470 1435 exstat
1489 1409 1609 1448 prae-

139 1461 251 1495 terea
280 1457 389 1496 aliud
414 1458 623 1496 Balliolum
651 1458 693 1496 in
725 1457 818 1508 ipsis
839 1456 1036 1494 Caletibus
1056 1455 1108 1493 ad
1126 1457 1327 1505 Sequanae
1351 1454 1470 1503 ostia,
1498 1452 1609 1504 quod

139 1513 403 1552 nobilissimae
420 1515 569 1566 pariter
584 1514 755 1553 familiae
773 1526 916 1552 nomen
934 1512 1082 1551 indidit
1099 1511 1231 1550 adhue
1244 1509 1460 1562 superstiti.
1514 1509 1609 1561 plu-

137 1583 203 1609 res
224 1570 394 1621 denique
413 1571 590 1610 eiusdem
611 1570 852 1622 cognominis
874 1570 1118 1622 perillustres
1140 1568 1247 1607 viros
1265 1566 1415 1605 habent
1434 1566 1608 1618 scripto-

138 1639 230 1677 res,
261 1640 361 1678 quos
390 1634 611 1680 postremae
639 1627 895 1665 Balliolorum
919 1626 1027 1677 genti
1054 1629 1261 1663 accensent
1288 1623 1476 1675 plerique.
1533 1621 1608 1660 hos

138 1684 246 1722 inter
271 1686 447 1724 occurrit
478 1685 584 1737 apud
611 1684 846 1723 ordericum
870 1683 1039 1723 Vitalem
1058 1682 1085 1722 l.
1106 1681 1132 1722 5
1157 1681 1205 1722 A.
1228 1683 1337 1723 1082
1357 1677 1607 1731 Raynaldus

141 1739 191 1778 de
219 1741 402 1790 Baillol,
438 1742 503 1780 cui
529 1755 636 1780 uxor
665 1741 744 1778 suit
771 1740 963 1787 Annei-ia,
1003 1738 1160 1790 Rogerii
1196 1737 1246 1775 de
1277 1735 1607 1786 Montegomerico

140 1797 500 1836 Scrobesburiensis
527 1799 570 1843 in
596 1797 734 1848 Anglia
765 1804 805 1835 et
828 1796 1071 1834 Belismensis
1086 1795 1129 1832 in
1149 1793 1275 1831 Gallia
1296 1793 1449 1830 comitis
1464 1792 1607 1843 neptiS,

140 1853 211 1904 qui
228 1853 270 1891 in
289 1853 478 1905 Hispania
500 1861 638 1893 contra
659 1856 872 1891 Saracenos
894 1864 1121 1902 congressus
1141 1856 1213 1888 est.
1269 1849 1372 1886 illius
1393 1862 1514 1900 porro
1535 1862 1605 1885 ca·-

140 1915 290 1959 strum,
318 1911 428 1961 quod
454 1910 575 1949 fidem
601 1910 772 1948 debitam
799 1909 1037 1957 abiurasset‚
1061 1906 1216 1945 obsedit
1232 1905 1427 1943 Henricus
1445 1904 1605 1955 Angliae

140 1979 216 2006 rex
232 1966 305 2005 sub
326 1967 371 2005 A.
396 1969 503 2009 1119
523 1966 581 2019 ³).
619 1972 749 2004 castro
768 1978 913 2004 nomen
928 1965 1006 2003 fuit
1022 1963 1173 2001 Mansio
1192 1962 1417 2012 Renwardi‚
1438 1961 1546 2011 quod
1564 1960 1606 1999 in

139 2023 396 2062 Balliolorum
426 2023 572 2061 familia
596 2022 787 2060 caletensi
812 2022 864 2060 ad
885 2024 1105 2071 Sequanam
1126 2019 1197 2058 diu
1215 2019 1338 2057 stetit.
1394 2030 1606 2056 recensen-

141 2085 210 2117 tur
237 2087 439 2130 praeterea
463 2080 528 2118 alii
554 2094 635 2118 non
656 2079 792 2131 pauci,
829 2078 1079 2117 Guillelmus
1105 2076 1252 2114 scilicet
1273 2081 1313 2113 et
1330 2076 1538 2113 Henricus
1556 2072 1606 2111 de

139 2136 306 2174 Baillol
316 2137 358 2175 in
378 2136 576 2175 Caletibus
592 2136 664 2174 sub
678 2135 858 2187 Philippo
878 2134 1054 2186 Augusto
1075 2145 1183 2184 rege:
1213 2132 1312 2170 alter
1333 2132 1538 2170 Hem-icus
1556 2129 1604 2182 4)

140 2193 215 2231 sub
233 2192 306 2231 An.
326 2196 453 2243 12713
485 2194 760 2244 Inger-rannus
780 2192 948 2242 denique
969 2190 1018 2228 de
1039 2190 1213 2239 Baillol,
1242 2188 1429 2226 Franciae
1450 2186 1605 2225 thalas-

139 2249 319 2287 siarchus
343 2249 523 2302 Philippo
547 2250 599 2288 111
627 2255 839 2300 regnante,
885 2260 1000 2298 quem
1031 2259 1236 2299 perperam
1264 2243 1604 2282 Codiciacensibus

140 2306 329 2344 adscribit
347 2306 596 2344 Belforestus.
653 2306 721 2343 sed
737 2305 814 2343 hoc
830 2305 1022 2342 indicasse
1037 2303 1129 2341 satis
1145 2303 1196 2340 sit
1212 2301 1261 2339 ad
1278 2301 1401 2351 gentis
1419 2299 1604 2338 Balliolae

140 2362 544 2413 commendationem,
575 2362 686 2400 cuius
717 2362 945 2412 ceteroquin
971 2367 1134 2399 stemma
1163 2363 1345 2396 accurate
1366 2358 1481 2405 satis,
1509 2356 1604 2394 licet

139 2432 223 2457 non
240 2434 263 2457 a
280 2420 480 2472 primaeva
499 2419 561 2457 sui
578 2419 744 2469 origine,
773 2417 979 2456 contexuit
993 2417 1023 2454 F
1025 2415 1223 2454 ranciscus
1241 2413 1532 2462 Blanchardus,
1561 2411 1603 2450 in

139 2477 304 2526 gratiam
338 2475 593 2515 Balliolorum
626 2475 922 2524 Parisiensium,
961 2473 1030 2525 qui
1055 2472 1236 2511 abdicato
1266 2483 1470 2523 pronuper
1498 2481 1602 2520 sag0‚

234 2643 281 2687 1)
305 2644 521 2677 malbrancus
544 2643 568 2677 l.
589 2644 632 2678 10
657 2641 700 2676 de
720 2641 844 2675 morin.
861 2652 891 2675 c.
912 2642 967 2683 10,
993 2641 1015 2675 1.
1034 2641 1076 2675 11
1105 2651 1135 2674 c.
1152 2641 1195 2675 61
1211 2640 1275 2679 90,
1298 2636 1440 2670 Locrius
1452 2635 1485 2669 in
1500 2633 1599 2679 epist.

142 2688 298 2732 praefixa
313 2690 481 2724 Chronico
496 2689 592 2732 Belg.
608 2689 790 2723 Froissart.
807 2690 825 2722 1
843 2687 910 2724 vol.
926 2699 962 2732 p.
979 2688 1043 2730 67,
1066 2686 1240 2720 Lambert.
1259 2683 1340 2718 Ard.
1356 2694 1391 2728 p.
1406 2683 1464 2718 79.

233 2735 286 2775 2)
310 2735 347 2767 ln
364 2741 431 2769 not.
447 2736 493 2769 ad
509 2735 723 2769 Guibertum.

238 2780 289 2822 3)
313 2780 423 2815 catal.
438 2782 577 2815 Ferent.
595 2780 765 2816 Banerias.

234 2826 282 2870 4)
306 2826 392 2871 Reg.
409 2832 508 2872 pater
520 2826 676 2863 Menard.
691 2826 726 2861 in
742 2828 812 2861 not.
830 2825 876 2861 ad
889 2824 1031 2862 Ioinvill.
1047 2823 1172 2872 p.350‚
1193 2824 1304 2859 Gesta
1316 2817 1465 2857 Pham
1482 2813 1602 2862 p-548-

1626 1849 1658 1882 P
1679 1848 1747 1883 212
