1878 3262
621 218 1020 262 HISTORIARUM
1051 220 1102 262 L.
1135 220 1195 262 V.
1559 216 1657 264 245

190 335 376 383 πολλοῖς,
410 333 477 374 καὶ
498 331 632 376 αὕτῶν
650 330 782 383 οὐδεὶς
801 331 872 375 τὸν
889 333 1072 376 κίνδυνον
1091 331 1226 391 ἔφυγε.
1294 336 1427 391 θροῦς
1443 331 1577 382 τοίνυν
1596 335 1665 377 καὶ

190 398 313 442 πάλιν
332 400 488 458 ἠγέρθη
515 404 582 444 καὶ
601 401 627 457 ἦ
645 400 758 457 μα’χη
777 401 833 443 ἔτι
855 405 1012 455 μᾶλλον
1031 403 1226 456 ἐμαίνετο.
1296 401 1361 445 ὅτε
1390 403 1544 458 λέγεται
1554 435 1570 455 ,
1603 402 1660 455 ὥς
1681 414 1711 450 P
1737 414 1803 450 142

183 467 394 523 Ῥωμαίων
423 470 514 512 τινὰ
544 470 826 525 εὐστοχώτατοι
844 470 1172 524 ἓπιτοξαζόμενον
1188 470 1382 527 βασιλεὺς
1407 469 1666 527 κατανοήσας

189 538 393 594 ἐπέδραμέ
409 556 450 581 τε
474 541 541 582 καὶ
558 539 631 595 τὴν
653 540 805 584 ἀσπίδα
827 539 1037 596 προτείνας
1054 540 1202 595 ἀπαθῆ
1219 544 1351 594 βελῶν
1369 539 1575 598 συνετήρει
1595 541 1665 584 τὸν

154 611 178 648 5
190 605 423 664 ἄνθρωπον.

329 675 407 720 16.
479 670 625 719 Ozinen:
654 674 722 726 δέ,
758 672 968 732 Ξπειὸἧπερ
1008 675 1050 717 ἓν
1085 679 1212 733 στενῷ
1246 677 1395 731 κομιδῇ
1430 681 1665 733 περιστῆναι

188 742 305 801 σφίσι
335 744 389 786 τὰ
418 744 636 801 πράγματα
662 743 862 799 ἔγνωσαν,
896 745 1130 799 πέμψαντες
1155 743 1320 800 ἔχρῃζον
1349 746 1573 797 βασιλέως,
1608 743 1665 796 ὡς

187 811 366 863 ἐνδόντες
396 813 470 867 τὴν
505 811 621 855 πόλιν
661 812 772 869 αὐτῷ
808 812 944 870 ἀθῷοι
982 813 1168 855 ἐντεῦθεν
1196 811 1336 854 λοιπὸν
1362 812 1663 863 ἀπαλλάξωσιν.

187 878 209 922 ὃ
228 880 272 922 δὲ
293 881 340 922 οὗ
359 879 554 938 πρότερον
573 881 651 938 ἔφη
672 885 792 923 τοῦτο
818 879 998 936 ποιήσειν
1018 883 1112 938 πρὶν
1131 880 1180 923 ἂν
1197 879 1380 923 καλώδια
1407 885 1488 922 τῶν
1506 880 1662 937 τραχή-

133 955 179 990 10
190 953 271 993 λων
293 951 335 990 Γ
331 948 519 1006 ρηγόριός
538 968 579 992 τε
601 951 668 991 καὶ
685 953 766 991 τῶν
785 950 827 991 ἕν
844 951 959 1007 σφίσι
978 949 1186 1002 ζουπάνων
1207 950 1245 991 οἱ
1269 949 1386 991 ἄλλοι
1406 948 1663 1003 ἀναψάμενοι

185 1022 434 1073 γυμνωθεΐσι
454 1020 548 1061 ποσὶ
566 1020 633 1060 καὶ
656 1018 880 1075 ἀκαλυφέσι
899 1025 989 1069 ταῖς
1008 1023 1206 1076 κεφαλαῖς
1225 1025 1315 1068 ταῖς
1337 1017 1471 1060 αὐτῶν
1489 1018 1663 1061 ἔλθοιεν.

186 1084 209 1128 ὃ
236 1087 310 1140 μὲν
336 1087 387 1141 δὴ
412 1088 475 1128 ἐπὶ
496 1085 692 1137 τοιούτοις
711 1087 859 1137 αὐτοὺς
878 1087 1145 1142 ἀπεπέμψατο
1158 1120 1173 1139 ,
1201 1085 1394 1141 Ῥωμαῖοι
1414 1087 1458 1129 δὲ
1478 1085 1661 1144 σφοδρό-

183 1171 301 1211 τερον
326 1156 602 1212 ἐπιβρίσαντες
617 1155 691 1209 τὴν
710 1153 825 1197 πόλιν
846 1153 953 1198 εἷλον
965 1188 979 1208 ,
1003 1151 1053 1211 ἧς
1073 1156 1151 1211 ἤδη
1174 1154 1461 1210 ἁλισκομένης,
1496 1157 1538 1196 Γ
1534 1154 1656 1213 ρηγό-
1678 1164 1710 1199 Β

185 1221 273 1279 ριός
290 1240 332 1265 τε
352 1225 419 1266 καὶ
441 1224 478 1265 οἱ
499 1224 573 1267 σὺν
592 1225 703 1282 αὐτῷ
724 1226 941 1281 στρατηγοὶ
959 1229 1041 1267 τῶν
1066 1225 1232 1268 Οὕννων
1255 1224 1329 1266 σὺν
1351 1224 1492 1283 ἀτιμία
1511 1223 1661 1281 τρόπον

131 1297 174 1334 15
187 1291 255 1333 τὸν
285 1293 493 1349 εἰρημένον
520 1295 679 1336 ε’λεεινοὶ
713 1297 794 1334 τῶν
826 1291 1045 1348 σχημάτων
1070 1298 1237 1348 βασιλεῖ
1249 1291 1482 1350 προσιόντες
1503 1293 1661 1336 ἔκλαον.

183 1358 206 1401 ὅ
237 1360 281 1402 δὲ
308 1362 427 1417 μέχρι
457 1361 530 1414 μέν
556 1378 664 1411 τινος
689 1361 782 1403 οὐδὲ
808 1363 1072 1418 προσβλέπειν
1095 1363 1207 1417 ἠξίου
1218 1394 1232 1414 ,
1267 1362 1347 1416 ὀψὲ
1369 1362 1412 1403 δὲ
1433 1362 1565 1403 πολλὰ
1586 1366 1661 1405 τοῦ

182 1431 297 1471 Βελᾶ
316 1431 695 1486 παραιτησαμένου,
721 1429 791 1472 τὸν
810 1431 884 1484 μὲν
904 1429 1028 1488 φόνον
1050 1432 1204 1488 ἀφῆκεν
1212 1463 1225 1483 ,
1253 1431 1295 1480 ἔς
1314 1431 1357 1472 δὲ
1374 1430 1562 1486 φρουρὰν
1581 1430 1657 1472 αὖ·

181 1499 275 1539 τίκα
306 1497 474 1552 ἔπεμψε.
536 1497 729 1552 Ῥωμαῖοι
756 1499 800 1540 δὲ
819 1503 946 1556 θυμῷ
971 1498 1133 1558 μεγάλῳ
1159 1502 1215 1550 εἷς
1234 1499 1307 1554 τὴν
1325 1496 1442 1540 πόλιν
1470 1497 1659 1548 εἰσιόντες

182 1566 252 1608 ἅτε
273 1565 401 1623 ἄρνας
417 1566 513 1617 τοὺς
530 1569 625 1623 τῇδε
645 1568 845 1609 κατέθυον
866 1566 1124 1624 ἀνθρώπους.
1194 1567 1258 1610 ὅτε
1277 1584 1349 1621 μοι
1370 1568 1436 1608 καὶ
1456 1569 1677 1623 δακρῦσαί

126 1635 335 1690 Ξθὲπῆλθε
352 1637 444 1689 βίον
461 1636 705 1692 ἐννοουμένῳ
722 1635 792 1677 τὸν
812 1635 1068 1693 ἀνθρώπειον
1085 1637 1195 1687 ὅσοις
1211 1654 1253 1679 τε
1273 1635 1319 1678 τό
1343 1637 1518 1677 δείλαιον
1536 1640 1656 1678 τοῦτο

180 1704 294 1759 γένος
311 1702 508 1754 ἑκουσίοις
528 1703 648 1747 ἑαυτὸ
672 1705 858 1759 ξυνέδησε
881 1712 1033 1755 κακοῖς.
1099 1704 1242 1761 ἤγοντο
1260 1702 1446 1759 κειμήλια
1466 1706 1534 1746 καὶ
1558 1704 1655 1758 ἱμα-

181 1773 319 1825 τισμοὶ
348 1773 416 1814 καὶ
448 1771 748 1830 ἀργυρώματα,
781 1775 850 1815 καὶ
876 1772 1010 1816 πάντα
1040 1774 1093 1817 τὰ
1124 1776 1282 1817 ἐκείνων
1311 1775 1476 1825 ἓλεῖζετο
1499 1771 1656 1828 ἀγαθά.

277 1891 333 1925 12.
366 1887 540 1933 Ῥωμαῖοι
564 1887 630 1935 δὲ]
664 1891 704 1925 In
727 1891 814 1927 eod.
839 1890 879 1927 δὲ
903 1892 1013 1929 deest.
1151 1893 1208 1929 22.
1240 1888 1421 1936 ἐλεΐζετο]
1450 1890 1538 1925 cod.
1563 1888 1654 1926 ἓλκί-

273 1937 366 1979 ζετο.
411 1937 498 1971 Duc.
522 1933 694 1981 ἐληΐζετο.

182 2050 280 2072 nemo
306 2038 483 2073 discrimen
509 2039 641 2080 evasit,
672 2039 811 2083 delapsa
825 2040 858 2073 in
874 2042 999 2074 terram
1018 2038 1159 2074 corruit.
1201 2038 1286 2072 inde·
1295 2038 1414 2072 iterum
1432 2038 1558 2073 clamor
1571 2038 1655 2074 eriri

182 2085 316 2130 coepit,
349 2090 384 2119 et
409 2096 522 2129 pugna
544 2085 649 2119 multo
674 2085 785 2118 acrior
808 2086 910 2120 facta.
955 2091 1026 2119 tum
1052 2085 1154 2118 etiam
1176 2084 1415 2129 imperatorem
1430 2085 1545 2127 aiunt,
1575 2097 1652 2119 cum

179 2131 369 2165 Romanum
388 2131 563 2175 quemdam
586 2135 680 2164 certo
693 2131 763 2165 ictu
778 2132 821 2164 ab
836 2132 990 2165 hostibus
1015 2130 1268 2176 percutiendum
1283 2135 1319 2164 et
1334 2130 1422 2164 haud
1442 2131 1544 2165 dubie
1559 2131 1651 2176 peri-

179 2181 294 2211 turum
316 2177 480 2222 vidisset,
508 2177 698 2211 accurrisse
723 2182 759 2211 et
780 2182 940 2222 protenso
963 2177 1072 2223 clipeo
1094 2188 1117 2211 a
1140 2176 1283 2211 vibratis
1305 2176 1386 2210 telis
1395 2177 1562 2212 hominem
1577 2188 1652 2212 ser-

178 2234 292 2258 vasse.

278 2269 333 2304 16.
378 2268 534 2313 Hungari
557 2279 641 2302 vero
664 2271 703 2303 ut
726 2268 892 2313 angustiis
913 2279 952 2302 se
971 2267 1123 2313 undique
1145 2266 1251 2313 premi
1273 2266 1513 2311 adverterunt,
1538 2267 1651 2303 missis

179 2314 300 2359 legatis
316 2314 499 2361 principem
514 2326 683 2359 rogavere
693 2340 704 2356 ‚
732 2319 770 2348 ut
793 2314 955 2348 dedentes
970 2314 1142 2349 civitatem
1157 2313 1244 2348 salvi
1261 2318 1297 2347 et
1308 2313 1492 2348 incolumes
1508 2318 1650 2358 possent
1664 2330 1679 2347 ι

181 2360 360 2396 excedere.
405 2361 513 2395 atille
527 2372 595 2394 non
611 2372 648 2394 se
662 2360 755 2405 prius
770 2360 803 2393 id
818 2361 984 2394 facturum
999 2360 1190 2406 respondit,
1214 2370 1314 2405 quam
1330 2359 1521 2403 Gregorius
1538 2365 1572 2392 et
1588 2359 1648 2403 qui

179 2418 255 2441 cum
268 2406 310 2440 iis
326 2411 424 2442 erant
438 2407 560 2453 zupani
575 2407 736 2440 adstricto
750 2407 887 2440 funibus
899 2406 1005 2448 collo,
1035 2406 1180 2451 pedibus
1206 2405 1441 2450 capitibusque
1459 2404 1556 2438 nudis
1582 2416 1647 2438 ve-

178 2452 321 2487 nissent.
365 2453 487 2498 quibus
515 2464 590 2487 cum
621 2453 686 2486 hoc
712 2463 874 2498 responso
903 2452 1076 2494 remissis,
1106 2451 1251 2485 Romani
1269 2451 1371 2495 longe
1394 2450 1504 2484 acrius
1526 2450 1656 2485 urbem>

179 2498 292 2532 adorti
307 2510 380 2533 eam
394 2510 458 2545 per
473 2499 539 2533 vim
557 2504 763 2544 expugnant.
808 2509 876 2543 qua
901 2503 1022 2544 capta,
1053 2498 1244 2541 Gregorius
1266 2502 1302 2529 et
1327 2496 1432 2530 ceteri
1455 2496 1643 2539 Hungaro-

180 2554 253 2578 rum
273 2544 377 2579 duces
400 2556 475 2579 cum
495 2545 700 2590 ignominia,
731 2544 774 2577 ad
801 2556 876 2578 eum
899 2556 999 2589 quem
1019 2544 1162 2577 diximus
1182 2542 1314 2576 modum
1329 2541 1513 2575 miserabili
1524 2542 1642 2576 habitu

181 2599 245 2623 neo
266 2590 341 2624 sine
365 2590 492 2625 eiulatu
517 2591 562 2624 ad
584 2590 767 2636 principem
791 2601 978 2625 accessere.
1021 2600 1139 2623 verum
1158 2588 1216 2622 ille
1230 2587 1430 2633 aliquamdiu
1445 2599 1488 2621 ne
1499 2592 1641 2631 aspectu

179 2634 312 2678 quidem
338 2647 396 2670 eos
420 2637 579 2681 dignatus
602 2641 674 2670 est:
705 2636 765 2669 sed
779 2636 914 2670 tandem
928 2635 1013 2670 Bela
1024 2634 1275 2675 intercedente,
1303 2638 1443 2668 mortem
1466 2633 1641 2667 condona-

182 2679 252 2721 vit,
281 2691 339 2715 eos
363 2693 407 2716 ue
434 2682 470 2716 in
497 2682 684 2717 custodiam
713 2682 881 2727 extemplo
912 2681 1032 2715 coniici
1055 2680 1163 2716 iussit.
1210 2680 1356 2713 Romani
1377 2684 1487 2713 autem
1510 2691 1639 2713 summo

180 2724 281 2758 animi
302 2737 340 2760 ar
365 2739 425 2761 ore
438 2729 556 2763 urbem
571 2728 715 2772 ingressi
728 2728 878 2762 homines
891 2728 938 2761 ibi
954 2727 1046 2761 velut
1058 2737 1165 2770 agnos
1180 2726 1402 2760 trucidarunt.
1447 2725 1539 2759 unde
1558 2724 1638 2759 mihi

177 2770 378 2806 oboriuntur
396 2773 554 2808 lacrimae
564 2800 575 2818 ‚
605 2786 679 2808 cum
700 2774 805 2808 vitam
820 2774 995 2808 humanam
1007 2773 1160 2814 intueor,
1192 2777 1227 2806 et
1241 2772 1376 2817 quantis
1388 2771 1477 2805 ultro
1492 2783 1530 2805 se
1546 2770 1640 2804 malis

178 2815 333 2850 miserum
346 2817 412 2851 hoc
425 2819 590 2853 hominum
603 2831 710 2863 genus
722 2820 886 2856 involvat.
906 2820 1146 2854 auferebantur
1157 2817 1310 2852 thesauri
1323 2822 1360 2851 et
1374 2822 1489 2851 vestes
1505 2821 1540 2850 et
1552 2826 1639 2849 vasa

179 2866 364 2907 argentea,
392 2865 570 2910 omniaque
584 2866 670 2901 adeo
684 2877 802 2902 eorum
817 2867 907 2902 bone
919 2865 1175 2912 diripiebantur.
1222 2864 1303 2910 quin
1317 2868 1354 2898 et
1365 2863 1504 2898 inventa
1519 2866 1571 2896 est
1582 2860 1636 2894 in-
