1878 3262
342 511 397 579 P
454 512 516 579 R
575 509 638 578 A
696 509 751 578 E
811 509 867 577 F
926 507 990 575 A
1050 508 1203 577 TI
1262 507 1326 578 Ο

506 636 594 686 IN
642 633 1166 683 HISTORIAM

180 735 777 794 IOANNIS
859 732 1488 791 CINNAMI.

102 968 226 1039 Cum
250 1013 479 1056 propensus
508 1012 602 1052 erga
627 999 765 1040 literas
796 1013 942 1040 omnes
977 1005 1166 1053 artesque
1198 997 1397 1050 ingenuas
1430 1009 1562 1047 amor,

98 1083 184 1108 non
203 1067 374 1108 decorus
393 1069 526 1108 solum
543 1068 792 1124 principibus
811 1068 934 1119 viris,
970 1068 1104 1122 iisque
1134 1081 1238 1122 quos
1267 1065 1322 1106 ad
1341 1066 1562 1106 hominum

97 1136 270 1192 imperia
290 1150 540 1191 magnasque
558 1151 624 1177 res
650 1145 691 1177 et
712 1135 860 1177 arduas
880 1135 1174 1192 capessendas,
1205 1149 1279 1176 seu
1300 1135 1430 1176 virtus
1444 1165 1456 1186 ,
1485 1147 1559 1174 seu

96 1212 238 1244 natura
257 1205 418 1256 genuit,
463 1204 539 1245 sed
571 1206 698 1246 etiam
722 1205 906 1262 perutilis
928 1205 1015 1245 iure
1037 1211 1268 1245 censeatur:
1303 1211 1391 1244 tum
1408 1203 1446 1243 is
1467 1215 1560 1242 ma-

95 1273 210 1312 xime
241 1273 310 1327 qui
337 1281 523 1314 versatur
549 1274 593 1314 in
625 1275 704 1314 hoc
725 1272 874 1325 studio,
910 1272 1020 1328 quod
1038 1274 1082 1314 in
1100 1273 1298 1313 historiae
1317 1280 1358 1313 et
1379 1271 1559 1325 antiqui-

97 1328 191 1381 tatis
220 1342 389 1381 scientia
415 1342 540 1382 situm
569 1350 644 1383 est.
714 1356 769 1382 ex
800 1356 849 1382 ea
876 1343 1026 1398 quippe
1054 1356 1137 1382 non
1154 1341 1411 1397 superiorum
1427 1338 1555 1379 modo

93 1409 285 1450 notitiam
302 1417 505 1461 aetatum,
541 1409 616 1451 sed
647 1418 687 1451 et
714 1418 822 1451 certa
850 1410 983 1451 civilis
1001 1409 1243 1467 prudentiae
1262 1415 1406 1465 petunt
1428 1406 1556 1448 docu-

93 1485 252 1529 menta,
289 1486 330 1518 et
351 1479 496 1519 alienis
516 1480 717 1535 exemplis
736 1487 777 1519 et
796 1477 956 1519 casibus
990 1480 1035 1519 in
1067 1479 1153 1518 suis
1184 1479 1254 1519 vel
1271 1477 1557 1518 communibus

91 1545 281 1597 gerendis
307 1547 428 1588 rebus
454 1548 565 1587 nullo
594 1562 670 1588 suo
700 1547 880 1605 periculo
902 1548 1101 1588 cautiores
1128 1546 1320 1587 evadunt.
1388 1552 1430 1585 et
1453 1558 1554 1586 vero

91 1614 265 1655 historia
291 1616 485 1667 magistra
515 1630 699 1668 morum,
753 1624 794 1656 et
820 1610 1167 1672 regula'posteris
1200 1623 1283 1666 est,
1345 1612 1400 1654 ad
1431 1627 1555 1668 quam

90 1683 222 1724 vitam
251 1682 425 1736 dirigere
450 1698 568 1724 suam
596 1685 806 1736 iubentur3
851 1693 893 1726 et
910 1683 1112 1740 quaedam
1134 1684 1238 1724 clara
1259 1685 1332 1723 lux
1351 1682 1553 1732 veritatis,

55 1741 61 1747 ⁸
91 1764 196 1805 quae
219 1752 348 1792 sicubi
374 1754 578 1804 aberrent,
614 1761 684 1793 aut
714 1752 982 1806 degenerent,
1017 1754 1263 1809 pravitatem
1291 1764 1551 1805 erroremque

89 1818 135 1858 in
154 1820 324 1860 obscuro
342 1835 434 1862 esse
452 1836 536 1862 non
556 1822 667 1862 sinit.
734 1836 831 1878 prae
852 1822 1019 1877 reliquis
1040 1829 1178 1861 autem
1201 1820 1550 1873 Constantinopo-

87 1887 309 1928 litanorum
338 1889 631 1946 imperatorum
667 1892 835 1931 annales
871 1891 1073 1945 frequenti
1106 1904 1242 1929 rerum
1276 1889 1550 1928 humanarum

88 1958 372 2011 fortunaeque,
409 1973 531 2013 quam
547 1959 591 1998 in
611 1959 664 1999 iis
681 1960 816 2011 legere
837 1967 919 2010 est,
954 1956 1251 2008 vicissitudine,
1287 1954 1386 2011 quid
1406 1962 1550 1994 tenen-

90 2022 190 2064 dum
216 2024 510 2081 vitandumque
537 2028 614 2078 sit,
650 2028 815 2067 attentis
836 2027 1046 2068 variorum
1068 2033 1291 2066 eventuum
1307 2024 1547 2064 aestimato-

87 2093 200 2132 ribus
228 2092 339 2133 haud
368 2094 537 2134 obscure
564 2094 857 2135 demonstrant.
924 2095 1046 2134 huius
1071 2109 1193 2150 porro
1224 2092 1546 2147 Byzantinarum

87 2160 286 2201 historiae
303 2176 440 2202 rerum
462 2163 506 2202 in
524 2177 617 2202 eam
635 2177 710 2215 ego
729 2171 890 2219 partem
907 2162 1092 2204 studiose
1110 2163 1235 2213 mihi,
1270 2175 1318 2201 ac
1349 2174 1470 2210 sane,
1502 2159 1546 2199 ni

87 2229 217 2279 fallor,
245 2230 396 2270 utiliter
409 2230 727 2271 incumbendum
743 2232 898 2287 putavi,
928 2245 1032 2286 quae
1052 2239 1092 2271 et
1113 2230 1328 2272 videbatur
1348 2243 1373 2268 a
1391 2228 1546 2268 nostris

87 2297 326 2339 hominibus
348 2297 479 2339 adhuc
497 2308 566 2339 aut
586 2301 791 2351 ignorata,
828 2308 897 2341 aut
912 2301 1063 2351 relicta,
1086 2307 1127 2339 et
1148 2299 1310 2340 arctiori
1330 2296 1543 2349 cognatio-

87 2365 153 2405 nis
178 2380 290 2406 nexu
320 2381 414 2408 cum
431 2367 598 2410 Gallicis
626 2367 814 2410 devincta
848 2377 968 2424 atque
996 2369 1229 2419 coniuncta,
1271 2367 1372 2406 lucis
1389 2364 1542 2405 iisdem

85 2433 306 2489 plurimum
324 2437 470 2477 afferre
491 2444 646 2494 posset.
711 2451 785 2478 eos
806 2439 928 2490 igitur
952 2436 1256 2478 commentariis
1283 2443 1323 2475 et
1348 2431 1539 2473 animad-

85 2503 344 2545 versionibus
365 2513 548 2546 auctores
568 2503 829 2547 illustrandos
850 2506 1061 2557 constitui,
1107 2506 1176 2559 qui
1196 2505 1241 2545 in
1257 2502 1301 2543 id
1320 2502 1537 2559 praecipue

86 2571 238 2623 stylum
263 2574 535 2625 contulerunt,
578 2582 623 2613 ut
656 2587 749 2614 eam
773 2576 901 2616 literis
928 2581 1227 2615 consecrarent:
1272 2579 1317 2611 ut
1344 2576 1538 2627 appareat

85 2650 169 2678 non
210 2641 357 2681 frustra
392 2643 671 2699 amplissimos
707 2643 840 2695 viros,
892 2645 963 2698 qui
994 2644 1230 2683 universam
1260 2639 1537 2694 Byzantinam

86 2703 302 2748 historiam
316 2712 427 2766 typis
446 2712 571 2764 regiis
589 2712 784 2753 hactenus
805 2711 1008 2752 edendam
1024 2718 1210 2751 curarunt
1221 2741 1232 2761 ,
1263 2722 1432 2765 operam
1450 2707 1536 2746 col-

85 2773 261 2826 locasse,
304 2792 384 2832 quo
411 2794 496 2820 non
528 2788 807 2821 senescentem
833 2780 982 2831 modo,
1028 2779 1101 2820 sed
1130 2779 1372 2820 exstinctam
1394 2788 1536 2832 prope,

87 2842 326 2898 scriptorum
360 2854 446 2889 tam
474 2849 691 2890 illustrium
715 2848 879 2890 laudem
910 2858 951 2890 et
973 2850 1218 2890 memoriam
1248 2848 1299 2887 ab
1327 2844 1537 2887 oblivione
