1878 3262
281 217 356 247 xvi
887 202 1156 249 DUCANGII

279 333 378 361 men
403 320 454 360 ab
477 316 648 360 eruditis
675 317 902 374 quibusque
924 316 979 359 ad
1001 318 1277 360 immortalem
1294 318 1468 372 gloriam
1488 319 1647 363 facilius
1667 328 1755 363 tra-

282 387 462 429 ducatur.
529 395 636 428 certe
677 402 770 427 cum
807 387 1061 445 amplissima
1091 387 1261 429 laudum
1293 391 1527 431 accessione
1557 398 1674 430 aucta
1699 391 1754 431 sit

280 465 402 513 atque
431 457 674 513 locupletata
707 454 863 508 Gallia,
906 470 961 497 ex
989 471 1070 512 quo
1101 456 1336 499 Ludovicus
1375 457 1633 499 subditorum
1672 458 1755 499 sibi

275 526 522 583 populorum
551 522 759 581 splendori
779 533 819 565 et
842 524 1063 566 commodo
1090 532 1203 566 tanta
1226 541 1319 566 cum
1338 527 1468 566 animi
1492 527 1754 568 contentione

275 594 486 646 invigilat,
532 591 577 633 id
614 591 849 645 diligentiae
880 593 1123 650 praesertim
1158 602 1200 635 et
1236 593 1462 636 industriae
1502 594 1642 647 Tuae,
1687 595 1755 637 vir

279 662 579 712 illustrissime,
614 662 790 702 memori
816 663 963 717 animo
983 663 1053 702 illa
1085 661 1299 714 adscribit,
1344 662 1456 719 quod
1488 662 1615 704 ardua
1648 663 1754 704 tanti

278 731 475 788 principis
494 729 664 771 consilia
682 738 869 771 strenuus
889 731 1012 787 plane
1030 729 1218 786 fidusque
1238 723 1482 773 administer
1501 732 1755 787 exsequeris.

279 800 318 841 si
348 798 555 840 redditum
585 800 636 838 ab
668 813 764 852 rege
794 799 958 855 populis
991 807 1100 840 terra
1129 799 1316 855 marique
1349 802 1666 851 commercium3
1715 800 1754 842 si

276 868 551 926 principatum
569 868 685 907 illum
704 868 984 923 eloquentiae,
1021 882 1145 923 quem
1164 869 1292 909 etiam
1313 868 1495 910 Romani
1516 867 1646 911 Gallis
1673 869 1753 909 ali-

277 935 441 993 quando
465 935 666 991 detulere,
695 951 801 997 nunc
823 937 941 992 quasi
959 937 1215 992 postliminio
1235 946 1538 994 recuperatum3
1573 938 1611 980 si
1629 937 1754 979 resti-
1813 971 1827 980 .

275 1013 407 1048 tutam
437 1004 613 1060 denique
641 1018 760 1045 suam
792 1006 946 1046 artibus
975 1006 1167 1046 omnibus
1196 1006 1474 1046 celebritatem
1503 1006 1653 1047 merito
1680 1006 1752 1047 illa

275 1074 489 1128 gloriatur:
524 1074 604 1114 hoc
625 1087 749 1130 opera
767 1072 1074 1129 quodammodo
1093 1074 1184 1115 Tua
1201 1076 1428 1131 perfectum
1447 1075 1650 1127 agnoscit,
1682 1074 1754 1130 qui

275 1157 446 1184 omnem
475 1142 631 1195 ingenii
656 1156 702 1182 ac
727 1143 919 1183 solertiae
938 1142 1028 1183 vim
1047 1143 1092 1183 in
1115 1142 1322 1184 mandatis
1342 1144 1467 1196 regiis
1486 1141 1752 1184 conficiendis

275 1219 363 1252 tam
390 1225 566 1268 operose
590 1210 812 1268 impendis.
879 1210 1030 1252 eodem
1047 1212 1201 1268 pariter
1217 1212 1306 1252 iure
1329 1211 1568 1253 obstrictam
1587 1226 1632 1252 se
1654 1210 1752 1252 Tibi

274 1281 488 1338 profitetur
523 1281 771 1321 bibliotheca
804 1281 939 1332 regia,
977 1294 1101 1336 quam
1133 1294 1157 1320 a
1188 1280 1406 1321 Francisco
1439 1280 1460 1322 I
1500 1281 1751 1331 inchoatam,

275 1351 328 1390 ab
357 1348 538 1390 Henrico
554 1347 598 1391 II
628 1356 668 1389 et
691 1348 910 1390 Catharina
926 1347 1118 1390 Medicea
1140 1364 1226 1390 non
1245 1348 1505 1390 mediocriter
1523 1347 1750 1400 adauctam,

274 1433 350 1460 rex
376 1417 491 1459 idem
515 1426 657 1459 noster
683 1431 795 1460 nova
828 1418 1199 1475 manuscriptorum
1227 1418 1487 1460 voluminum
1515 1417 1752 1458 accessione

272 1486 552 1543 locupletavit.
622 1500 671 1526 ea
694 1487 806 1526 enim
825 1494 866 1526 et
885 1501 1058 1528 numero
1084 1486 1388 1544 propemodum
1408 1487 1590 1538 infinita,
1627 1493 1667 1526 et
1684 1499 1753 1526 ra-

272 1556 405 1596 ritatis
435 1553 555 1594 laude
585 1555 772 1599 omnium
805 1554 918 1595 haud
941 1556 1026 1596 scio
1050 1569 1103 1595 an
1121 1554 1496 1612 praestantissima,
1532 1555 1590 1595 ita
1612 1552 1750 1595 studio

269 1623 364 1666 Tuo
384 1622 616 1665 incredibili
638 1631 734 1664 sunt
752 1623 1001 1678 conquisita,
1036 1631 1082 1664 ut
1101 1638 1186 1665 non
1205 1632 1292 1665 tam
1310 1624 1499 1675 auxisse,
1530 1637 1653 1679 quam
1671 1637 1752 1663 no-

270 1706 371 1735 vam
387 1692 680 1733 bibliothecam
697 1693 882 1733 effecisse
905 1690 1102 1733 dicendus
1125 1692 1200 1744 sit,
1237 1700 1359 1748 atque
1379 1690 1484 1733 adeo
1507 1690 1688 1733 divisam
1705 1691 1752 1731 in

271 1761 499 1802 maioribus
521 1760 627 1812 suis,
663 1761 708 1801 in
733 1775 780 1802 se
808 1762 1042 1813 collectam,
1078 1759 1142 1802 Te
1162 1768 1426 1817 procurante,
1457 1761 1631 1813 gloriam
1650 1774 1752 1800 con-

270 1829 473 1872 iunxisse.
542 1828 614 1870 sed
646 1837 687 1870 et
715 1830 981 1886 praecipuum
1015 1829 1288 1870 bibliothecae
1313 1829 1435 1870 istius
1463 1828 1608 1880 decus,
1653 1841 1751 1885 pre-

270 1899 380 1940 tiosa
405 1899 475 1938 illa
502 1911 672 1953 raraque
705 1899 979 1950 numismata,
1016 1912 1120 1954 quae
1145 1912 1167 1938 a
1193 1898 1460 1939 serenissimo
1484 1897 1752 1938 Aurelianen-

275 1968 385 2009 sium
405 1966 506 2007 duce
528 1965 712 2008 Gastone
731 1968 899 2007 collecta
925 1974 1040 2008 tanto
1061 1968 1201 2008 labore
1229 1974 1426 2022 tantoque
1446 1954 1627 2015 delectu,
1661 1972 1751 2005 tum

275 2049 475 2086 coronae,
511 2043 554 2075 ut
577 2035 710 2086 aiunt,
746 2036 884 2088 regiae
902 2036 1058 2088 legata,
1083 2050 1190 2076 nunc
1212 2043 1473 2077 asservantur
1493 2035 1554 2075 ibi
1574 2032 1751 2085 diligen-

274 2111 358 2156 ter,
390 2101 575 2159 quotidie
603 2104 654 2143 ab
686 2117 781 2155 rege
812 2105 994 2145 consiliis
1027 2104 1131 2145 Tuis
1157 2104 1325 2145 incitato
1356 2103 1530 2144 mirifice
1550 2099 1750 2158 multipli-

277 2180 430 2213 cantur.
499 2185 545 2211 ac
577 2185 629 2211 ne
661 2170 948 2213 reconderetur
979 2174 1073 2214 fons
1099 2173 1168 2213 ille
1191 2171 1434 2214 eruditionis
1453 2169 1638 2220 uberior,
1674 2183 1750 2210 eo-

277 2240 375 2283 dem
406 2255 487 2297 quo
516 2240 761 2280 bibliotheca
789 2248 1016 2286 constructa
1046 2249 1110 2281 est
1134 2242 1252 2292 loco,
1293 2238 1537 2281 Academiae
1564 2237 1750 2279 virorum

277 2311 405 2352 totius
427 2309 614 2365 Europae
634 2309 999 2365 peritissimorum,
1035 2309 1099 2349 Te
1121 2308 1342 2359 suadente,
1380 2308 1646 2357 constitutae3
1679 2305 1750 2361 qui

277 2393 371 2420 cum
401 2393 451 2420 eo
484 2377 616 2434 parati
642 2375 836 2418 accedant
871 2377 991 2416 certis
1021 2376 1268 2431 quibusdam
1290 2375 1435 2417 diebus
1454 2374 1508 2415 ad
1527 2389 1651 2416 omne
1668 2375 1750 2414 hu-

275 2448 476 2489 manioris
496 2445 704 2487 doctrinae
724 2459 851 2498 genus
870 2444 1148 2497 tractandum,
1182 2453 1271 2486 tum
1298 2445 1335 2486 si
1361 2443 1459 2499 quid
1479 2444 1587 2484 inter
1604 2442 1749 2506 dispu-

276 2515 450 2558 tandum
477 2513 592 2556 dubii
619 2516 725 2556 forte
754 2514 1087 2569 controversique
1109 2513 1319 2565 acciderit,
1352 2513 1463 2554 illico
1481 2511 1534 2552 ad
1552 2513 1749 2553 librorum

255 2585 583 2635 auctoritatem,
619 2582 737 2639 quasi
765 2581 819 2623 ad
849 2580 1121 2623 decretorium
1141 2581 1340 2623 iudicium
1365 2581 1614 2633 confugiant.
1682 2586 1749 2620 at-

275 2667 355 2716 que
383 2653 503 2694 hoc
489 2667 534 2693 m
559 2652 807 2693 memoriam
833 2658 1019 2703 revocat,
1057 2649 1168 2691 haud
1197 2650 1429 2692 absimilem
1445 2651 1547 2691 olim
1566 2649 1748 2705 impera—

274 2730 411 2764 torum
441 2719 713 2778 quorumdam
739 2719 1064 2775 Byzantinorum
1093 2734 1168 2776 pro
1200 2734 1245 2760 re
1271 2719 1450 2759 literaria
1481 2730 1642 2767 curam3
1678 2715 1748 2771 qui

273 2790 480 2844 insignem
508 2789 866 2846 Constantinopoli
883 2789 1173 2830 bibliothecam
1196 2788 1476 2838 instituerant,
1513 2794 1554 2827 et
1573 2784 1655 2842 ipsi
1677 2799 1748 2825 cu-

275 2859 430 2902 randae
461 2857 816 2918 perficiendaeque
851 2859 1129 2917 praefecerant
1162 2856 1277 2901 viros
1309 2856 1480 2898 omnino
1497 2852 1748 2904 duodecim,
