<?xml version="1.0" encoding="UTF-8"?>
<!DOCTYPE html PUBLIC "-//W3C//DTD XHTML 1.0 Transitional//EN"
    "http://www.w3.org/TR/xhtml1/DTD/xhtml1-transitional.dtd">
<html xmlns="http://www.w3.org/1999/xhtml" xml:lang="en" lang="en">
 <head>
  <title>
</title>
<meta http-equiv="Content-Type" content="text/html;charset=utf-8" />
  <meta name='ocr-system' content='tesseract 3.04.00' />
  <meta name='ocr-capabilities' content='ocr_page ocr_carea ocr_par ocr_line ocrx_word'/>
</head>
<body>
  <div class='ocr_page' id='page_1' title='image "./corpusscriptorum26niebuoft_0409.png"; bbox 0 0 1878 3262; ppageno 0'>
   <div class='ocr_carea' id='block_1_1' title="bbox 345 230 1635 281">
    <p class='ocr_par' dir='ltr' id='par_1_1' title="bbox 345 230 1635 281">
     <span class='ocr_line' id='line_1_1' title="bbox 345 230 1635 281; baseline -0.003 0"><span class='ocrx_word' id='word_1_1' title='bbox 345 237 406 281; x_wconf 90' lang='lat' dir='ltr'><em>IN</em></span> <span class='ocrx_word' id='word_1_2' title='bbox 425 233 741 278; x_wconf 85' lang='lat' dir='ltr'><strong>HISTORIAM</strong></span> <span class='ocrx_word' id='word_1_3' title='bbox 757 232 984 277; x_wconf 86' lang='lat' dir='ltr'><strong>IOANNIS</strong></span> <span class='ocrx_word' id='word_1_4' title='bbox 1006 230 1237 276; x_wconf 83' lang='lat' dir='ltr'><strong>CINNAMI</strong></span> <span class='ocrx_word' id='word_1_5' title='bbox 1251 231 1456 276; x_wconf 85' lang='lat' dir='ltr'><strong>NOTAE.</strong></span> <span class='ocrx_word' id='word_1_6' title='bbox 1538 230 1635 277; x_wconf 86' lang='grc'><em>377</em></span> 
     </span>
    </p>
   </div>
   <div class='ocr_carea' id='block_1_2' title="bbox 169 341 1794 2271">
    <p class='ocr_par' dir='ltr' id='par_1_2' title="bbox 169 341 1794 2271">
     <span class='ocr_line' id='line_1_2' title="bbox 174 341 1636 397; baseline -0.005 -10"><span class='ocrx_word' id='word_1_7' title='bbox 174 346 319 389; x_wconf 73' lang='lat' dir='ltr'><em>vidisti</em></span> <span class='ocrx_word' id='word_1_8' title='bbox 342 353 379 384; x_wconf 88' lang='lat' dir='ltr'><em>et</em></span> <span class='ocrx_word' id='word_1_9' title='bbox 398 343 459 384; x_wconf 85' lang='lat' dir='ltr'><em>ad</em></span> <span class='ocrx_word' id='word_1_10' title='bbox 474 346 666 397; x_wconf 82' lang='lat' dir='ltr'><em>antiquae</em></span> <span class='ocrx_word' id='word_1_11' title='bbox 685 341 938 382; x_wconf 85' lang='lat' dir='ltr'><em>celsitudinis</em></span> <span class='ocrx_word' id='word_1_12' title='bbox 958 341 1337 394; x_wconf 76' lang='lat' dir='ltr'><em>redintegrationem</em></span> <span class='ocrx_word' id='word_1_13' title='bbox 1356 341 1636 380; x_wconf 77' lang='lat' dir='ltr'><strong><em>monarchiam</em></strong></span> 
     </span>
     <span class='ocr_line' id='line_1_3' title="bbox 178 396 1637 455; baseline -0.004 -13"><span class='ocrx_word' id='word_1_14' title='bbox 178 403 621 455; x_wconf 81' lang='lat' dir='ltr'><em>Constantinopolitani</em></span> <span class='ocrx_word' id='word_1_15' title='bbox 638 399 893 449; x_wconf 70' lang='lat' dir='ltr'><em>vindicabis,</em></span> <span class='ocrx_word' id='word_1_16' title='bbox 922 401 1011 438; x_wconf 73' lang='lat' dir='ltr'><em>vita</em></span> <span class='ocrx_word' id='word_1_17' title='bbox 1033 402 1195 450; x_wconf 83' lang='lat' dir='ltr'><em>comite,</em></span> <span class='ocrx_word' id='word_1_18' title='bbox 1235 401 1417 451; x_wconf 86' lang='lat' dir='ltr'><em>imperii,</em></span> <span class='ocrx_word' id='word_1_19' title='bbox 1462 396 1574 452; x_wconf 85' lang='lat' dir='ltr'><em>quod</em></span> <span class='ocrx_word' id='word_1_20' title='bbox 1591 413 1637 436; x_wconf 82' lang='lat' dir='ltr'><em>ex</em></span> 
     </span>
     <span class='ocr_line' id='line_1_4' title="bbox 169 456 1637 514; baseline -0.004 -15"><span class='ocrx_word' id='word_1_21' title='bbox 169 462 479 514; x_wconf 77' lang='lat' dir='ltr'><em>propinquitate</em></span> <span class='ocrx_word' id='word_1_22' title='bbox 503 466 600 497; x_wconf 89' lang='lat' dir='ltr'><em>tuae</em></span> <span class='ocrx_word' id='word_1_23' title='bbox 631 457 794 496; x_wconf 87' lang='lat' dir='ltr'><em>debetur</em></span> <span class='ocrx_word' id='word_1_24' title='bbox 819 457 1047 508; x_wconf 83' lang='lat' dir='ltr'><em>Augustae.</em></span> <span class='ocrx_word' id='word_1_25' title='bbox 1095 471 1239 508; x_wconf 82' lang='lat' dir='ltr'><em>precor</em></span> <span class='ocrx_word' id='word_1_26' title='bbox 1257 459 1406 508; x_wconf 86' lang='lat' dir='ltr'><em>itaque,</em></span> <span class='ocrx_word' id='word_1_27' title='bbox 1436 456 1637 495; x_wconf 79' lang='lat' dir='ltr'><em>Christia-</em></span> 
     </span>
     <span class='ocr_line' id='line_1_5' title="bbox 175 513 1638 569; baseline -0.003 -13"><span class='ocrx_word' id='word_1_28' title='bbox 175 519 340 557; x_wconf 83' lang='lat' dir='ltr'><em>nissime</em></span> <span class='ocrx_word' id='word_1_29' title='bbox 356 519 596 569; x_wconf 86' lang='lat' dir='ltr'><em>imperator,</em></span> <span class='ocrx_word' id='word_1_30' title='bbox 626 523 674 553; x_wconf 90' lang='lat' dir='ltr'><em>ut</em></span> <span class='ocrx_word' id='word_1_31' title='bbox 698 528 790 552; x_wconf 91' lang='lat' dir='ltr'><em>cum</em></span> <span class='ocrx_word' id='word_1_32' title='bbox 807 520 879 551; x_wconf 87' lang='lat' dir='ltr'><em>tuo</em></span> <span class='ocrx_word' id='word_1_33' title='bbox 899 521 1170 551; x_wconf 81' lang='lat' dir='ltr'><em>consecratore</em></span> <span class='ocrx_word' id='word_1_34' title='bbox 1185 514 1346 551; x_wconf 89' lang='lat' dir='ltr'><em>nullam</em></span> <span class='ocrx_word' id='word_1_35' title='bbox 1363 513 1516 552; x_wconf 82' lang='lat' dir='ltr'><em>habeas</em></span> <span class='ocrx_word' id='word_1_36' title='bbox 1538 528 1638 551; x_wconf 88' lang='lat' dir='ltr'><em>con-</em></span> 
     </span>
     <span class='ocr_line' id='line_1_6' title="bbox 175 568 1638 624; baseline -0.003 -11"><span class='ocrx_word' id='word_1_37' title='bbox 175 576 431 624; x_wconf 74' lang='lat' dir='ltr'><em>troversiam,</em></span> <span class='ocrx_word' id='word_1_38' title='bbox 460 572 531 611; x_wconf 86' lang='lat' dir='ltr'><em>sed</em></span> <span class='ocrx_word' id='word_1_39' title='bbox 549 573 658 612; x_wconf 75' lang='lat' dir='ltr'><em>velut</em></span> <span class='ocrx_word' id='word_1_40' title='bbox 687 571 782 610; x_wconf 86' lang='lat' dir='ltr'><em>boni</em></span> <span class='ocrx_word' id='word_1_41' title='bbox 801 571 940 622; x_wconf 85' lang='lat' dir='ltr'><em>patris</em></span> <span class='ocrx_word' id='word_1_42' title='bbox 964 568 1146 621; x_wconf 83' lang='lat' dir='ltr'><em>prudens</em></span> <span class='ocrx_word' id='word_1_43' title='bbox 1163 571 1309 621; x_wconf 81' lang='lat' dir='ltr'><em>filius,</em></span> <span class='ocrx_word' id='word_1_44' title='bbox 1339 578 1518 609; x_wconf 58' lang='lat' dir='ltr'><em>conuerte</em></span> <span class='ocrx_word' id='word_1_45' title='bbox 1535 571 1638 622; x_wconf 85' lang='lat' dir='ltr'><em>gla-</em></span> 
     </span>
     <span class='ocr_line' id='line_1_7' title="bbox 175 627 1640 684; baseline -0.003 -14"><span class='ocrx_word' id='word_1_46' title='bbox 175 631 294 670; x_wconf 84' lang='lat' dir='ltr'><em>dium</em></span> <span class='ocrx_word' id='word_1_47' title='bbox 313 630 374 669; x_wconf 87' lang='lat' dir='ltr'><em>ad</em></span> <span class='ocrx_word' id='word_1_48' title='bbox 387 638 538 684; x_wconf 84' lang='lat' dir='ltr'><em>gentes,</em></span> <span class='ocrx_word' id='word_1_49' title='bbox 558 643 663 682; x_wconf 88' lang='lat' dir='ltr'><em>quae</em></span> <span class='ocrx_word' id='word_1_50' title='bbox 681 635 718 666; x_wconf 87' lang='lat' dir='ltr'><em>te</em></span> <span class='ocrx_word' id='word_1_51' title='bbox 735 642 814 667; x_wconf 86' lang='lat' dir='ltr'><em>non</em></span> <span class='ocrx_word' id='word_1_52' title='bbox 829 633 1038 677; x_wconf 74' lang='lat' dir='ltr'><em>noverunt,</em></span> <span class='ocrx_word' id='word_1_53' title='bbox 1059 635 1094 664; x_wconf 85' lang='lat' dir='ltr'><em>et</em></span> <span class='ocrx_word' id='word_1_54' title='bbox 1113 628 1220 664; x_wconf 88' lang='lat' dir='ltr'><em>sicut</em></span> <span class='ocrx_word' id='word_1_55' title='bbox 1239 641 1284 664; x_wconf 86' lang='lat' dir='ltr'><em>ex</em></span> <span class='ocrx_word' id='word_1_56' title='bbox 1300 629 1552 665; x_wconf 66' lang='lat' dir='ltr'><em>sanctissimi</em></span> <span class='ocrx_word' id='word_1_57' title='bbox 1569 627 1640 666; x_wconf 89' lang='lat' dir='ltr'><em>In-</em></span> 
     </span>
     <span class='ocr_line' id='line_1_8' title="bbox 176 684 1641 740; baseline -0.003 -13"><span class='ocrx_word' id='word_1_58' title='bbox 176 690 351 727; x_wconf 87' lang='lat' dir='ltr'><em>nocentii</em></span> <span class='ocrx_word' id='word_1_59' title='bbox 363 703 432 740; x_wconf 85' lang='lat' dir='ltr'><em>pp.</em></span> <span class='ocrx_word' id='word_1_60' title='bbox 452 687 522 727; x_wconf 89' lang='lat' dir='ltr'><em>III</em></span> <span class='ocrx_word' id='word_1_61' title='bbox 541 686 702 738; x_wconf 83' lang='lat' dir='ltr'><em>duplici</em></span> <span class='ocrx_word' id='word_1_62' title='bbox 715 686 858 738; x_wconf 89' lang='lat' dir='ltr'><em>gratia</em></span> <span class='ocrx_word' id='word_1_63' title='bbox 883 684 1076 721; x_wconf 83' lang='lat' dir='ltr'><em>ultimum</em></span> <span class='ocrx_word' id='word_1_64' title='bbox 1093 685 1351 734; x_wconf 82' lang='lat' dir='ltr'><em>imperatoris</em></span> <span class='ocrx_word' id='word_1_65' title='bbox 1371 699 1513 724; x_wconf 87' lang='lat' dir='ltr'><em>nomen</em></span> <span class='ocrx_word' id='word_1_66' title='bbox 1532 684 1641 723; x_wconf 82' lang='lat' dir='ltr'><em>obti-</em></span> 
     </span>
     <span class='ocr_line' id='line_1_9' title="bbox 179 742 1642 797; baseline -0.003 -13"><span class='ocrx_word' id='word_1_67' title='bbox 179 747 330 794; x_wconf 87' lang='lat' dir='ltr'><em>nuisti,</em></span> <span class='ocrx_word' id='word_1_68' title='bbox 360 747 420 782; x_wconf 85' lang='lat' dir='ltr'><em>sic</em></span> <span class='ocrx_word' id='word_1_69' title='bbox 440 759 516 797; x_wconf 88' lang='lat' dir='ltr'><em>per</em></span> <span class='ocrx_word' id='word_1_70' title='bbox 544 744 690 782; x_wconf 86' lang='lat' dir='ltr'><em>bonam</em></span> <span class='ocrx_word' id='word_1_71' title='bbox 716 742 985 780; x_wconf 79' lang='lat' dir='ltr'><em>innocentiam</em></span> <span class='ocrx_word' id='word_1_72' title='bbox 1005 747 1121 778; x_wconf 89' lang='lat' dir='ltr'><em>tuam</em></span> <span class='ocrx_word' id='word_1_73' title='bbox 1143 747 1179 777; x_wconf 84' lang='lat' dir='ltr'><em>et</em></span> <span class='ocrx_word' id='word_1_74' title='bbox 1201 743 1290 778; x_wconf 89' lang='lat' dir='ltr'><em>eius</em></span> <span class='ocrx_word' id='word_1_75' title='bbox 1304 743 1490 793; x_wconf 80' lang='lat' dir='ltr'><em>gratiam</em></span> <span class='ocrx_word' id='word_1_76' title='bbox 1511 743 1642 794; x_wconf 90' lang='lat' dir='ltr'><em>impe-</em></span> 
     </span>
     <span class='ocr_line' id='line_1_10' title="bbox 177 797 1643 851; baseline -0.003 -11"><span class='ocrx_word' id='word_1_77' title='bbox 177 805 288 840; x_wconf 86' lang='lat' dir='ltr'><em>rium</em></span> <span class='ocrx_word' id='word_1_78' title='bbox 305 816 455 840; x_wconf 84' lang='lat' dir='ltr'><em>novum</em></span> <span class='ocrx_word' id='word_1_79' title='bbox 474 808 509 838; x_wconf 85' lang='lat' dir='ltr'><em>et</em></span> <span class='ocrx_word' id='word_1_80' title='bbox 530 815 557 837; x_wconf 90' lang='lat' dir='ltr'><em>a</em></span> <span class='ocrx_word' id='word_1_81' title='bbox 578 799 649 838; x_wconf 89' lang='lat' dir='ltr'><em>deo</em></span> <span class='ocrx_word' id='word_1_82' title='bbox 669 799 745 837; x_wconf 82' lang='lat' dir='ltr'><em>suh</em></span> <span class='ocrx_word' id='word_1_83' title='bbox 769 799 1034 837; x_wconf 86' lang='lat' dir='ltr'><em>Constantino</em></span> <span class='ocrx_word' id='word_1_84' title='bbox 1045 797 1264 848; x_wconf 86' lang='lat' dir='ltr'><em>firmatum</em></span> <span class='ocrx_word' id='word_1_85' title='bbox 1282 798 1463 836; x_wconf 84' lang='lat' dir='ltr'><em>obtineas</em></span> <span class='ocrx_word' id='word_1_86' title='bbox 1484 806 1520 836; x_wconf 90' lang='lat' dir='ltr'><em>et</em></span> <span class='ocrx_word' id='word_1_87' title='bbox 1536 813 1643 851; x_wconf 83' lang='lat' dir='ltr'><em>gau-</em></span> 
     </span>
     <span class='ocr_line' id='line_1_11' title="bbox 179 853 1643 909; baseline -0.004 -12"><span class='ocrx_word' id='word_1_88' title='bbox 179 858 294 897; x_wconf 80' lang='lat' dir='ltr'><em>dium</em></span> <span class='ocrx_word' id='word_1_89' title='bbox 319 866 434 897; x_wconf 86' lang='lat' dir='ltr'><em>tuum</em></span> <span class='ocrx_word' id='word_1_90' title='bbox 460 858 696 909; x_wconf 75' lang='lat' dir='ltr'><em>impleatur,</em></span> <span class='ocrx_word' id='word_1_91' title='bbox 736 855 836 893; x_wconf 87' lang='lat' dir='ltr'><em>dum</em></span> <span class='ocrx_word' id='word_1_92' title='bbox 856 855 966 892; x_wconf 87' lang='lat' dir='ltr'><em>nihil</em></span> <span class='ocrx_word' id='word_1_93' title='bbox 982 856 1079 902; x_wconf 85' lang='lat' dir='ltr'><em>erit,</em></span> <span class='ocrx_word' id='word_1_94' title='bbox 1120 853 1230 905; x_wconf 80' lang='lat' dir='ltr'><em>quod</em></span> <span class='ocrx_word' id='word_1_95' title='bbox 1255 854 1332 891; x_wconf 83' lang='lat' dir='ltr'><em>tibi</em></span> <span class='ocrx_word' id='word_1_96' title='bbox 1362 855 1490 893; x_wconf 84' lang='lat' dir='ltr'><em>deesse</em></span> <span class='ocrx_word' id='word_1_97' title='bbox 1508 856 1643 907; x_wconf 85' lang='lat' dir='ltr'><em>possit</em></span> 
     </span>
     <span class='ocr_line' id='line_1_12' title="bbox 178 910 1644 967; baseline -0.003 -13"><span class='ocrx_word' id='word_1_98' title='bbox 178 914 238 954; x_wconf 88' lang='lat' dir='ltr'><em>ad</em></span> <span class='ocrx_word' id='word_1_99' title='bbox 247 916 428 967; x_wconf 79' lang='lat' dir='ltr'><em>gloriam</em></span> <span class='ocrx_word' id='word_1_100' title='bbox 449 914 720 966; x_wconf 81' lang='lat' dir='ltr'><em>imperialem,</em></span> <span class='ocrx_word' id='word_1_101' title='bbox 748 913 845 950; x_wconf 85' lang='lat' dir='ltr'><em>hinc</em></span> <span class='ocrx_word' id='word_1_102' title='bbox 861 913 1021 949; x_wconf 86' lang='lat' dir='ltr'><em>nomine</em></span> <span class='ocrx_word' id='word_1_103' title='bbox 1040 910 1117 948; x_wconf 80' lang='lat' dir='ltr'><em>tibi</em></span> <span class='ocrx_word' id='word_1_104' title='bbox 1133 911 1367 963; x_wconf 75' lang='lat' dir='ltr'><em>Augustali</em></span> <span class='ocrx_word' id='word_1_105' title='bbox 1387 911 1498 961; x_wconf 83' lang='lat' dir='ltr'><em>(lato,</em></span> <span class='ocrx_word' id='word_1_106' title='bbox 1528 912 1644 949; x_wconf 86' lang='lat' dir='ltr'><em>illinc</em></span> 
     </span>
     <span class='ocr_line' id='line_1_13' title="bbox 178 968 1644 1023; baseline -0.003 -13"><span class='ocrx_word' id='word_1_107' title='bbox 178 972 412 1023; x_wconf 79' lang='lat' dir='ltr'><em>insignibus</em></span> <span class='ocrx_word' id='word_1_108' title='bbox 432 970 724 1023; x_wconf 71' lang='lat' dir='ltr'><em>imperialibuS,</em></span> <span class='ocrx_word' id='word_1_109' title='bbox 745 983 848 1021; x_wconf 88' lang='lat' dir='ltr'><em>quae</em></span> <span class='ocrx_word' id='word_1_110' title='bbox 866 983 946 1006; x_wconf 88' lang='lat' dir='ltr'><em>non</em></span> <span class='ocrx_word' id='word_1_111' title='bbox 966 968 1102 1017; x_wconf 73' lang='lat' dir='ltr'><em>habes,</em></span> <span class='ocrx_word' id='word_1_112' title='bbox 1123 968 1355 1006; x_wconf 63' lang='lat' dir='ltr'><em>obventuris</em></span> <span class='ocrx_word' id='word_1_113' title='bbox 1374 977 1410 1006; x_wconf 89' lang='lat' dir='ltr'><em>et</em></span> <span class='ocrx_word' id='word_1_114' title='bbox 1428 968 1644 1019; x_wconf 83' lang='lat' dir='ltr'><em>utrobique</em></span> 
     </span>
     <span class='ocr_line' id='line_1_14' title="bbox 179 1023 1645 1080; baseline -0.003 -13"><span class='ocrx_word' id='word_1_115' title='bbox 179 1028 415 1067; x_wconf 85' lang='lat' dir='ltr'><em>donationis</em></span> <span class='ocrx_word' id='word_1_116' title='bbox 436 1035 653 1080; x_wconf 87' lang='lat' dir='ltr'><em>augmento</em></span> <span class='ocrx_word' id='word_1_117' title='bbox 678 1033 879 1064; x_wconf 83' lang='lat' dir='ltr'><em>crescente.</em></span> <span class='ocrx_word' id='word_1_118' title='bbox 935 1023 1016 1063; x_wconf 89' lang='lat' dir='ltr'><em>hue</em></span> <span class='ocrx_word' id='word_1_119' title='bbox 1035 1025 1151 1063; x_wconf 84' lang='lat' dir='ltr'><em>etiam</em></span> <span class='ocrx_word' id='word_1_120' title='bbox 1170 1031 1370 1076; x_wconf 77' lang='lat' dir='ltr'><em>spectant,</em></span> <span class='ocrx_word' id='word_1_121' title='bbox 1402 1038 1502 1076; x_wconf 88' lang='lat' dir='ltr'><em>quae</em></span> <span class='ocrx_word' id='word_1_122' title='bbox 1522 1025 1645 1063; x_wconf 81' lang='lat' dir='ltr'><em>habet</em></span> 
     </span>
     <span class='ocr_line' id='line_1_15' title="bbox 178 1082 1646 1134; baseline -0.003 -10"><span class='ocrx_word' id='word_1_123' title='bbox 178 1085 285 1124; x_wconf 89' lang='lat' dir='ltr'><em>idem</em></span> <span class='ocrx_word' id='word_1_124' title='bbox 299 1085 582 1124; x_wconf 71' lang='lat' dir='ltr'><em>Tilleberiensis</em></span> <span class='ocrx_word' id='word_1_125' title='bbox 603 1085 678 1122; x_wconf 86' lang='lat' dir='ltr'><em>alio</em></span> <span class='ocrx_word' id='word_1_126' title='bbox 697 1084 808 1122; x_wconf 87' lang='lat' dir='ltr'><em>loco:</em></span> <span class='ocrx_word' id='word_1_127' title='bbox 858 1082 1032 1121; x_wconf 86' lang='lat' dir='ltr'><em>Carolus</em></span> <span class='ocrx_word' id='word_1_128' title='bbox 1061 1089 1198 1120; x_wconf 87' lang='lat' dir='ltr'><em>autem</em></span> <span class='ocrx_word' id='word_1_129' title='bbox 1217 1096 1295 1134; x_wconf 85' lang='lat' dir='ltr'><em>pro</em></span> <span class='ocrx_word' id='word_1_130' title='bbox 1317 1097 1359 1120; x_wconf 89' lang='lat' dir='ltr'><em>re</em></span> <span class='ocrx_word' id='word_1_131' title='bbox 1370 1083 1540 1134; x_wconf 86' lang='lat' dir='ltr'><em>publica</em></span> <span class='ocrx_word' id='word_1_132' title='bbox 1557 1096 1646 1134; x_wconf 84' lang='lat' dir='ltr'><em>pu-</em></span> 
     </span>
     <span class='ocr_line' id='line_1_16' title="bbox 176 1140 1645 1195; baseline -0.003 -15"><span class='ocrx_word' id='word_1_133' title='bbox 176 1157 314 1195; x_wconf 82' lang='lat' dir='ltr'><em>gnans</em></span> <span class='ocrx_word' id='word_1_134' title='bbox 343 1157 484 1180; x_wconf 89' lang='lat' dir='ltr'><em>nomen</em></span> <span class='ocrx_word' id='word_1_135' title='bbox 515 1143 558 1179; x_wconf 88' lang='lat' dir='ltr'><em>in</em></span> <span class='ocrx_word' id='word_1_136' title='bbox 590 1142 748 1178; x_wconf 80' lang='lat' dir='ltr'><em>ultimis</em></span> <span class='ocrx_word' id='word_1_137' title='bbox 776 1154 878 1178; x_wconf 89' lang='lat' dir='ltr'><em>suae</em></span> <span class='ocrx_word' id='word_1_138' title='bbox 899 1142 1009 1178; x_wconf 69' lang='lat' dir='ltr'><em>vitae</em></span> <span class='ocrx_word' id='word_1_139' title='bbox 1028 1140 1211 1176; x_wconf 87' lang='lat' dir='ltr'><em>terminis</em></span> <span class='ocrx_word' id='word_1_140' title='bbox 1229 1141 1454 1191; x_wconf 85' lang='lat' dir='ltr'><em>assumpsit</em></span> <span class='ocrx_word' id='word_1_141' title='bbox 1473 1141 1645 1191; x_wconf 79' lang='lat' dir='ltr'><em>imperii,</em></span> 
     </span>
     <span class='ocr_line' id='line_1_17' title="bbox 181 1197 1646 1251; baseline -0.003 -13"><span class='ocrx_word' id='word_1_142' title='bbox 181 1207 227 1238; x_wconf 85' lang='lat' dir='ltr'><em>ut</em></span> <span class='ocrx_word' id='word_1_143' title='bbox 249 1201 323 1251; x_wconf 87' lang='lat' dir='ltr'><em>qui</em></span> <span class='ocrx_word' id='word_1_144' title='bbox 342 1200 522 1238; x_wconf 87' lang='lat' dir='ltr'><em>Romani</em></span> <span class='ocrx_word' id='word_1_145' title='bbox 539 1197 724 1250; x_wconf 80' lang='lat' dir='ltr'><em>defensor</em></span> <span class='ocrx_word' id='word_1_146' title='bbox 745 1205 832 1235; x_wconf 88' lang='lat' dir='ltr'><em>erat</em></span> <span class='ocrx_word' id='word_1_147' title='bbox 850 1198 1031 1248; x_wconf 86' lang='lat' dir='ltr'><em>imperii,</em></span> <span class='ocrx_word' id='word_1_148' title='bbox 1060 1198 1161 1247; x_wconf 87' lang='lat' dir='ltr'><em>quin</em></span> <span class='ocrx_word' id='word_1_149' title='bbox 1182 1197 1305 1233; x_wconf 83' lang='lat' dir='ltr'><em>immo</em></span> <span class='ocrx_word' id='word_1_150' title='bbox 1329 1197 1513 1233; x_wconf 89' lang='lat' dir='ltr'><em>caelestis</em></span> <span class='ocrx_word' id='word_1_151' title='bbox 1530 1199 1646 1248; x_wconf 85' lang='lat' dir='ltr'><em>regni</em></span> 
     </span>
     <span class='ocr_line' id='line_1_18' title="bbox 172 1253 1646 1308; baseline -0.003 -14"><span class='ocrx_word' id='word_1_152' title='bbox 172 1264 381 1308; x_wconf 85' lang='lat' dir='ltr'><em>patronus</em></span> <span class='ocrx_word' id='word_1_153' title='bbox 400 1270 479 1308; x_wconf 91' lang='lat' dir='ltr'><em>pro</em></span> <span class='ocrx_word' id='word_1_154' title='bbox 502 1256 632 1293; x_wconf 88' lang='lat' dir='ltr'><em>tantis</em></span> <span class='ocrx_word' id='word_1_155' title='bbox 651 1256 807 1292; x_wconf 87' lang='lat' dir='ltr'><em>meritis</em></span> <span class='ocrx_word' id='word_1_156' title='bbox 823 1262 859 1291; x_wconf 94' lang='lat' dir='ltr'><em>et</em></span> <span class='ocrx_word' id='word_1_157' title='bbox 875 1255 979 1290; x_wconf 87' lang='lat' dir='ltr'><em>inter</em></span> <span class='ocrx_word' id='word_1_158' title='bbox 995 1253 1177 1290; x_wconf 77' lang='lat' dir='ltr'><em>homines</em></span> <span class='ocrx_word' id='word_1_159' title='bbox 1194 1253 1384 1303; x_wconf 83' lang='lat' dir='ltr'><em>Augusti</em></span> <span class='ocrx_word' id='word_1_160' title='bbox 1403 1267 1544 1291; x_wconf 88' lang='lat' dir='ltr'><em>nomen</em></span> <span class='ocrx_word' id='word_1_161' title='bbox 1566 1267 1646 1290; x_wconf 87' lang='lat' dir='ltr'><em>ac-</em></span> 
     </span>
     <span class='ocr_line' id='line_1_19' title="bbox 182 1309 1645 1365; baseline -0.002 -14"><span class='ocrx_word' id='word_1_162' title='bbox 182 1314 327 1365; x_wconf 85' lang='lat' dir='ltr'><em>ciperet</em></span> <span class='ocrx_word' id='word_1_163' title='bbox 354 1320 390 1351; x_wconf 87' lang='lat' dir='ltr'><em>et</em></span> <span class='ocrx_word' id='word_1_164' title='bbox 417 1314 520 1350; x_wconf 87' lang='lat' dir='ltr'><em>inter</em></span> <span class='ocrx_word' id='word_1_165' title='bbox 542 1312 727 1350; x_wconf 86' lang='lat' dir='ltr'><em>caelestes</em></span> <span class='ocrx_word' id='word_1_166' title='bbox 753 1312 915 1348; x_wconf 88' lang='lat' dir='ltr'><em>aulicos</em></span> <span class='ocrx_word' id='word_1_167' title='bbox 933 1310 1048 1347; x_wconf 88' lang='lat' dir='ltr'><em>miles</em></span> <span class='ocrx_word' id='word_1_168' title='bbox 1071 1309 1226 1347; x_wconf 81' lang='lat' dir='ltr'><em>Christi</em></span> <span class='ocrx_word' id='word_1_169' title='bbox 1235 1309 1499 1360; x_wconf 76' lang='lat' dir='ltr'><em>fortissimus</em></span> <span class='ocrx_word' id='word_1_170' title='bbox 1515 1324 1645 1362; x_wconf 86' lang='lat' dir='ltr'><em>prae-</em></span> 
     </span>
     <span class='ocr_line' id='line_1_20' title="bbox 181 1367 1645 1419; baseline -0.002 -12"><span class='ocrx_word' id='word_1_171' title='bbox 181 1368 399 1408; x_wconf 85' lang='lat' dir='ltr'><em>dicaretur.</em></span> <span class='ocrx_word' id='word_1_172' title='bbox 458 1376 601 1406; x_wconf 84' lang='lat' dir='ltr'><em>extunc</em></span> <span class='ocrx_word' id='word_1_173' title='bbox 622 1382 714 1419; x_wconf 88' lang='lat' dir='ltr'><em>ergo</em></span> <span class='ocrx_word' id='word_1_174' title='bbox 742 1367 861 1419; x_wconf 87' lang='lat' dir='ltr'><em>apud</em></span> <span class='ocrx_word' id='word_1_175' title='bbox 873 1368 1048 1405; x_wconf 86' lang='lat' dir='ltr'><em>Latinos</em></span> <span class='ocrx_word' id='word_1_176' title='bbox 1075 1373 1133 1404; x_wconf 83' lang='lat' dir='ltr'><em>est</em></span> <span class='ocrx_word' id='word_1_177' title='bbox 1154 1369 1374 1404; x_wconf 84' lang='lat' dir='ltr'><em>terminata</em></span> <span class='ocrx_word' id='word_1_178' title='bbox 1396 1368 1645 1405; x_wconf 86' lang='lat' dir='ltr'><em>Graecorum</em></span> 
     </span>
     <span class='ocr_line' id='line_1_21' title="bbox 174 1423 1647 1478; baseline -0.002 -14"><span class='ocrx_word' id='word_1_179' title='bbox 174 1428 380 1478; x_wconf 84' lang='lat' dir='ltr'><em>potentia,</em></span> <span class='ocrx_word' id='word_1_180' title='bbox 411 1427 624 1476; x_wconf 83' lang='lat' dir='ltr'><em>Romaque</em></span> <span class='ocrx_word' id='word_1_181' title='bbox 645 1427 798 1476; x_wconf 85' lang='lat' dir='ltr'><em>accepit</em></span> <span class='ocrx_word' id='word_1_182' title='bbox 815 1438 958 1462; x_wconf 86' lang='lat' dir='ltr'><em>nomen</em></span> <span class='ocrx_word' id='word_1_183' title='bbox 975 1425 1174 1461; x_wconf 85' lang='lat' dir='ltr'><em>amissum</em></span> <span class='ocrx_word' id='word_1_184' title='bbox 1194 1438 1271 1461; x_wconf 87' lang='lat' dir='ltr'><em>non</em></span> <span class='ocrx_word' id='word_1_185' title='bbox 1292 1423 1530 1463; x_wconf 79' lang='lat' dir='ltr'><em>dominium.</em></span> <span class='ocrx_word' id='word_1_186' title='bbox 1559 1438 1647 1461; x_wconf 89' lang='lat' dir='ltr'><em>mo-</em></span> 
     </span>
     <span class='ocr_line' id='line_1_22' title="bbox 183 1479 1652 1532; baseline -0.001 -12"><span class='ocrx_word' id='word_1_187' title='bbox 183 1482 275 1520; x_wconf 85' lang='lat' dir='ltr'><em>dico</em></span> <span class='ocrx_word' id='word_1_188' title='bbox 305 1490 440 1520; x_wconf 90' lang='lat' dir='ltr'><em>tamen</em></span> <span class='ocrx_word' id='word_1_189' title='bbox 473 1489 656 1520; x_wconf 85' lang='lat' dir='ltr'><em>contenta</em></span> <span class='ocrx_word' id='word_1_190' title='bbox 688 1483 853 1519; x_wconf 88' lang='lat' dir='ltr'><em>termino</em></span> <span class='ocrx_word' id='word_1_191' title='bbox 886 1495 966 1519; x_wconf 88' lang='lat' dir='ltr'><em>non</em></span> <span class='ocrx_word' id='word_1_192' title='bbox 989 1488 1117 1532; x_wconf 84' lang='lat' dir='ltr'><em>caput</em></span> <span class='ocrx_word' id='word_1_193' title='bbox 1135 1480 1265 1530; x_wconf 85' lang='lat' dir='ltr'><em>orbis,</em></span> <span class='ocrx_word' id='word_1_194' title='bbox 1309 1488 1355 1518; x_wconf 92' lang='lat' dir='ltr'><em>ut</em></span> <span class='ocrx_word' id='word_1_195' title='bbox 1376 1482 1545 1529; x_wconf 87' lang='lat' dir='ltr'><em>assolet,</em></span> <span class='ocrx_word' id='word_1_196' title='bbox 1576 1479 1652 1518; x_wconf 80' lang='lat' dir='ltr'><em>sed</em></span> 
     </span>
     <span class='ocr_line' id='line_1_23' title="bbox 183 1537 1649 1590; baseline -0.003 -12"><span class='ocrx_word' id='word_1_197' title='bbox 183 1538 328 1578; x_wconf 83' lang='lat' dir='ltr'><em>umbra</em></span> <span class='ocrx_word' id='word_1_198' title='bbox 347 1541 493 1578; x_wconf 76' lang='lat' dir='ltr'><em>vetusti</em></span> <span class='ocrx_word' id='word_1_199' title='bbox 510 1541 657 1590; x_wconf 85' lang='lat' dir='ltr'><em>capitis</em></span> <span class='ocrx_word' id='word_1_200' title='bbox 675 1538 762 1576; x_wconf 84' lang='lat' dir='ltr'><em>dici</em></span> <span class='ocrx_word' id='word_1_201' title='bbox 774 1545 919 1589; x_wconf 87' lang='lat' dir='ltr'><em>potest,</em></span> <span class='ocrx_word' id='word_1_202' title='bbox 951 1551 1056 1589; x_wconf 85' lang='lat' dir='ltr'><em>quae</em></span> <span class='ocrx_word' id='word_1_203' title='bbox 1074 1539 1135 1574; x_wconf 88' lang='lat' dir='ltr'><em>sic</em></span> <span class='ocrx_word' id='word_1_204' title='bbox 1156 1537 1208 1574; x_wconf 85' lang='lat' dir='ltr'><em>ab</em></span> <span class='ocrx_word' id='word_1_205' title='bbox 1229 1539 1534 1589; x_wconf 84' lang='lat' dir='ltr'><em>omnipotentia</em></span> <span class='ocrx_word' id='word_1_206' title='bbox 1553 1551 1649 1576; x_wconf 67' lang='lat' dir='ltr'><em>eva-</em></span> 
     </span>
     <span class='ocr_line' id='line_1_24' title="bbox 184 1594 1651 1648; baseline -0.002 -14"><span class='ocrx_word' id='word_1_207' title='bbox 184 1603 347 1645; x_wconf 87' lang='lat' dir='ltr'><em>cuatur,</em></span> <span class='ocrx_word' id='word_1_208' title='bbox 369 1594 482 1648; x_wconf 87' lang='lat' dir='ltr'><em>quod</em></span> <span class='ocrx_word' id='word_1_209' title='bbox 498 1610 604 1647; x_wconf 87' lang='lat' dir='ltr'><em>quae</em></span> <span class='ocrx_word' id='word_1_210' title='bbox 613 1596 773 1644; x_wconf 87' lang='lat' dir='ltr'><em>fraena</em></span> <span class='ocrx_word' id='word_1_211' title='bbox 792 1597 918 1633; x_wconf 87' lang='lat' dir='ltr'><em>totius</em></span> <span class='ocrx_word' id='word_1_212' title='bbox 939 1594 1048 1632; x_wconf 74' lang='lat' dir='ltr'><em>orbis</em></span> <span class='ocrx_word' id='word_1_213' title='bbox 1066 1601 1262 1641; x_wconf 86' lang='lat' dir='ltr'><em>tenuerat,</em></span> <span class='ocrx_word' id='word_1_214' title='bbox 1281 1608 1391 1632; x_wconf 87' lang='lat' dir='ltr'><em>nunc</em></span> <span class='ocrx_word' id='word_1_215' title='bbox 1409 1609 1488 1632; x_wconf 89' lang='lat' dir='ltr'><em>sua</em></span> <span class='ocrx_word' id='word_1_216' title='bbox 1505 1609 1651 1633; x_wconf 89' lang='lat' dir='ltr'><em>mura-</em></span> 
     </span>
     <span class='ocr_line' id='line_1_25' title="bbox 183 1650 1794 1704; baseline -0.002 -13"><span class='ocrx_word' id='word_1_217' title='bbox 183 1654 242 1691; x_wconf 85' lang='lat' dir='ltr'><em>lia</em></span> <span class='ocrx_word' id='word_1_218' title='bbox 262 1653 439 1691; x_wconf 80' lang='lat' dir='ltr'><em>cohihere</em></span> <span class='ocrx_word' id='word_1_219' title='bbox 456 1667 537 1690; x_wconf 90' lang='lat' dir='ltr'><em>non</em></span> <span class='ocrx_word' id='word_1_220' title='bbox 556 1652 717 1703; x_wconf 86' lang='lat' dir='ltr'><em>sufficit</em></span> <span class='ocrx_word' id='word_1_221' title='bbox 733 1652 919 1704; x_wconf 87' lang='lat' dir='ltr'><em>nullique</em></span> <span class='ocrx_word' id='word_1_222' title='bbox 938 1652 1041 1704; x_wconf 87' lang='lat' dir='ltr'><em>plus</em></span> <span class='ocrx_word' id='word_1_223' title='bbox 1062 1653 1213 1702; x_wconf 88' lang='lat' dir='ltr'><em>infesta</em></span> <span class='ocrx_word' id='word_1_224' title='bbox 1234 1665 1359 1702; x_wconf 89' lang='lat' dir='ltr'><em>quam</em></span> <span class='ocrx_word' id='word_1_225' title='bbox 1379 1666 1452 1690; x_wconf 88' lang='lat' dir='ltr'><em>suo</em></span> <span class='ocrx_word' id='word_1_226' title='bbox 1473 1654 1651 1703; x_wconf 85' lang='lat' dir='ltr'><em>impera-</em></span> <span class='ocrx_word' id='word_1_227' title='bbox 1672 1652 1702 1687; x_wconf 91' lang='lat' dir='ltr'>P</span> <span class='ocrx_word' id='word_1_228' title='bbox 1726 1650 1794 1688; x_wconf 85' lang='lat'><em>478</em></span> 
     </span>
     <span class='ocr_line' id='line_1_26' title="bbox 184 1707 1656 1760; baseline -0.001 -12"><span class='ocrx_word' id='word_1_229' title='bbox 184 1712 277 1758; x_wconf 90' lang='lat' dir='ltr'><em>tori,</em></span> <span class='ocrx_word' id='word_1_230' title='bbox 296 1709 393 1748; x_wconf 89' lang='lat' dir='ltr'><em>dum</em></span> <span class='ocrx_word' id='word_1_231' title='bbox 409 1708 512 1747; x_wconf 88' lang='lat' dir='ltr'><em>duos</em></span> <span class='ocrx_word' id='word_1_232' title='bbox 526 1709 669 1747; x_wconf 85' lang='lat' dir='ltr'><em>habere</em></span> <span class='ocrx_word' id='word_1_233' title='bbox 688 1708 874 1746; x_wconf 85' lang='lat' dir='ltr'><em>dominos</em></span> <span class='ocrx_word' id='word_1_234' title='bbox 891 1707 1109 1756; x_wconf 84' lang='lat' dir='ltr'><em>contendit,</em></span> <span class='ocrx_word' id='word_1_235' title='bbox 1131 1709 1235 1746; x_wconf 85' lang='lat' dir='ltr'><em>inter</em></span> <span class='ocrx_word' id='word_1_236' title='bbox 1246 1709 1505 1760; x_wconf 75' lang='lat' dir='ltr'><em>pontificium</em></span> <span class='ocrx_word' id='word_1_237' title='bbox 1512 1710 1656 1760; x_wconf 84' lang='lat' dir='ltr'><em>posita</em></span> 
     </span>
     <span class='ocr_line' id='line_1_27' title="bbox 186 1764 1653 1819; baseline -0.001 -15"><span class='ocrx_word' id='word_1_238' title='bbox 186 1774 223 1804; x_wconf 91' lang='lat' dir='ltr'><em>et</em></span> <span class='ocrx_word' id='word_1_239' title='bbox 241 1769 454 1819; x_wconf 88' lang='lat' dir='ltr'><em>imperium</em></span> <span class='ocrx_word' id='word_1_240' title='bbox 466 1795 477 1815; x_wconf 94' lang='lat'><em>,</em></span> <span class='ocrx_word' id='word_1_241' title='bbox 507 1766 682 1803; x_wconf 88' lang='lat' dir='ltr'><em>alterum</em></span> <span class='ocrx_word' id='word_1_242' title='bbox 703 1764 897 1814; x_wconf 86' lang='lat' dir='ltr'><em>excludit,</em></span> <span class='ocrx_word' id='word_1_243' title='bbox 930 1766 1105 1803; x_wconf 88' lang='lat' dir='ltr'><em>alterum</em></span> <span class='ocrx_word' id='word_1_244' title='bbox 1124 1767 1350 1804; x_wconf 82' lang='lat' dir='ltr'><em>contemnit.</em></span> <span class='ocrx_word' id='word_1_245' title='bbox 1383 1765 1489 1817; x_wconf 81' lang='lat' dir='ltr'><em>quid</em></span> <span class='ocrx_word' id='word_1_246' title='bbox 1494 1765 1653 1817; x_wconf 80' lang='lat' dir='ltr'><em>plura?</em></span> 
     </span>
     <span class='ocr_line' id='line_1_28' title="bbox 185 1821 1655 1875; baseline 0 -15"><span class='ocrx_word' id='word_1_247' title='bbox 185 1823 262 1861; x_wconf 86' lang='lat' dir='ltr'><em>lzoc</em></span> <span class='ocrx_word' id='word_1_248' title='bbox 281 1824 613 1875; x_wconf 72' lang='lat' dir='ltr'><em>efficacissimum</em></span> <span class='ocrx_word' id='word_1_249' title='bbox 633 1821 780 1859; x_wconf 83' lang='lat' dir='ltr'><em>excidii</em></span> <span class='ocrx_word' id='word_1_250' title='bbox 797 1823 978 1860; x_wconf 83' lang='lat' dir='ltr'><em>Romani</em></span> <span class='ocrx_word' id='word_1_251' title='bbox 996 1823 1094 1871; x_wconf 84' lang='lat' dir='ltr'><em>fuit</em></span> <span class='ocrx_word' id='word_1_252' title='bbox 1123 1829 1411 1873; x_wconf 83' lang='lat' dir='ltr'><em>argumentum</em></span> <span class='ocrx_word' id='word_1_253' title='bbox 1424 1852 1435 1871; x_wconf 87' lang='lat'>‚</span> <span class='ocrx_word' id='word_1_254' title='bbox 1478 1821 1590 1874; x_wconf 87' lang='lat' dir='ltr'><em>quod</em></span> <span class='ocrx_word' id='word_1_255' title='bbox 1607 1821 1655 1860; x_wconf 85' lang='lat' dir='ltr'><em>de</em></span> 
     </span>
     <span class='ocr_line' id='line_1_29' title="bbox 188 1878 1656 1931; baseline -0.001 -14"><span class='ocrx_word' id='word_1_256' title='bbox 188 1882 356 1931; x_wconf 88' lang='lat' dir='ltr'><em>imperio</em></span> <span class='ocrx_word' id='word_1_257' title='bbox 378 1886 564 1916; x_wconf 84' lang='lat' dir='ltr'><em>mutatur</em></span> <span class='ocrx_word' id='word_1_258' title='bbox 590 1880 635 1915; x_wconf 90' lang='lat' dir='ltr'><em>in</em></span> <span class='ocrx_word' id='word_1_259' title='bbox 653 1879 930 1929; x_wconf 83' lang='lat' dir='ltr'><em>pontificium.</em></span> <span class='ocrx_word' id='word_1_260' title='bbox 988 1880 1050 1915; x_wconf 85' lang='lat' dir='ltr'><em>sic</em></span> <span class='ocrx_word' id='word_1_261' title='bbox 1078 1880 1184 1916; x_wconf 88' lang='lat' dir='ltr'><em>enim</em></span> <span class='ocrx_word' id='word_1_262' title='bbox 1215 1893 1385 1930; x_wconf 85' lang='lat' dir='ltr'><em>regnum</em></span> <span class='ocrx_word' id='word_1_263' title='bbox 1406 1878 1656 1917; x_wconf 86' lang='lat' dir='ltr'><em>Iudaeorum</em></span> 
     </span>
     <span class='ocr_line' id='line_1_30' title="bbox 189 1934 1656 1987; baseline -0.001 -12"><span class='ocrx_word' id='word_1_264' title='bbox 189 1951 217 1975; x_wconf 86' lang='lat' dir='ltr'><em>a</em></span> <span class='ocrx_word' id='word_1_265' title='bbox 240 1935 311 1974; x_wconf 85' lang='lat' dir='ltr'><em>deo</em></span> <span class='ocrx_word' id='word_1_266' title='bbox 319 1936 537 1987; x_wconf 85' lang='lat' dir='ltr'><em>firmatum</em></span> <span class='ocrx_word' id='word_1_267' title='bbox 554 1934 631 1972; x_wconf 86' lang='lat' dir='ltr'><em>sub</em></span> <span class='ocrx_word' id='word_1_268' title='bbox 650 1934 813 1986; x_wconf 80' lang='lat' dir='ltr'><em>regibus</em></span> <span class='ocrx_word' id='word_1_269' title='bbox 830 1936 975 1986; x_wconf 90' lang='lat' dir='ltr'><em>lapsus</em></span> <span class='ocrx_word' id='word_1_270' title='bbox 997 1935 1066 1972; x_wconf 89' lang='lat' dir='ltr'><em>sui</em></span> <span class='ocrx_word' id='word_1_271' title='bbox 1086 1936 1329 1973; x_wconf 75' lang='lat' dir='ltr'><em>vaticinium</em></span> <span class='ocrx_word' id='word_1_272' title='bbox 1347 1935 1497 1973; x_wconf 87' lang='lat' dir='ltr'><em>habuit</em></span> <span class='ocrx_word' id='word_1_273' title='bbox 1513 1937 1656 1974; x_wconf 86' lang='lat' dir='ltr'><em>statim</em></span> 
     </span>
     <span class='ocr_line' id='line_1_31' title="bbox 190 1991 1657 2043; baseline -0.001 -12"><span class='ocrx_word' id='word_1_274' title='bbox 190 2001 239 2031; x_wconf 91' lang='lat' dir='ltr'><em>ut</em></span> <span class='ocrx_word' id='word_1_275' title='bbox 256 1995 450 2031; x_wconf 65' lang='lat' dir='ltr'><em>transivit</em></span> <span class='ocrx_word' id='word_1_276' title='bbox 470 1991 761 2042; x_wconf 81' lang='lat' dir='ltr'><em>adpontiflces,</em></span> <span class='ocrx_word' id='word_1_277' title='bbox 777 1993 837 2029; x_wconf 84' lang='lat' dir='ltr'><em>sic</em></span> <span class='ocrx_word' id='word_1_278' title='bbox 846 1993 995 2042; x_wconf 87' lang='lat' dir='ltr'><em>Roma,</em></span> <span class='ocrx_word' id='word_1_279' title='bbox 1017 2005 1109 2028; x_wconf 90' lang='lat' dir='ltr'><em>cum</em></span> <span class='ocrx_word' id='word_1_280' title='bbox 1121 1993 1232 2028; x_wconf 87' lang='lat' dir='ltr'><em>exuit</em></span> <span class='ocrx_word' id='word_1_281' title='bbox 1244 1993 1486 2043; x_wconf 83' lang='lat' dir='ltr'><em>principem,</em></span> <span class='ocrx_word' id='word_1_282' title='bbox 1504 1994 1657 2029; x_wconf 86' lang='lat' dir='ltr'><em>cineres</em></span> 
     </span>
     <span class='ocr_line' id='line_1_32' title="bbox 189 2046 1656 2101; baseline -0.001 -14"><span class='ocrx_word' id='word_1_283' title='bbox 189 2064 288 2088; x_wconf 89' lang='lat' dir='ltr'><em>suos</em></span> <span class='ocrx_word' id='word_1_284' title='bbox 306 2063 486 2101; x_wconf 83' lang='lat' dir='ltr'><em>respuere</em></span> <span class='ocrx_word' id='word_1_285' title='bbox 507 2050 625 2085; x_wconf 85' lang='lat' dir='ltr'><em>iussa</em></span> <span class='ocrx_word' id='word_1_286' title='bbox 643 2055 721 2085; x_wconf 89' lang='lat' dir='ltr'><em>est:</em></span> <span class='ocrx_word' id='word_1_287' title='bbox 754 2046 854 2086; x_wconf 87' lang='lat' dir='ltr'><em>dum</em></span> <span class='ocrx_word' id='word_1_288' title='bbox 880 2051 986 2086; x_wconf 89' lang='lat' dir='ltr'><em>enim</em></span> <span class='ocrx_word' id='word_1_289' title='bbox 1013 2062 1094 2085; x_wconf 88' lang='lat' dir='ltr'><em>non</em></span> <span class='ocrx_word' id='word_1_290' title='bbox 1108 2047 1227 2085; x_wconf 82' lang='lat' dir='ltr'><em>habet</em></span> <span class='ocrx_word' id='word_1_291' title='bbox 1248 2050 1453 2086; x_wconf 88' lang='lat' dir='ltr'><em>iustitiam</em></span> <span class='ocrx_word' id='word_1_292' title='bbox 1475 2052 1656 2088; x_wconf 69' lang='lat' dir='ltr'><em>vastitas</em></span> 
     </span>
     <span class='ocr_line' id='line_1_33' title="bbox 190 2103 1656 2157; baseline -0.001 -12"><span class='ocrx_word' id='word_1_293' title='bbox 190 2115 228 2145; x_wconf 92' lang='lat' dir='ltr'><em>et</em></span> <span class='ocrx_word' id='word_1_294' title='bbox 248 2108 450 2144; x_wconf 82' lang='lat' dir='ltr'><em>instantia</em></span> <span class='ocrx_word' id='word_1_295' title='bbox 469 2103 677 2144; x_wconf 86' lang='lat' dir='ltr'><em>indicatur</em></span> <span class='ocrx_word' id='word_1_296' title='bbox 697 2107 914 2144; x_wconf 80' lang='lat' dir='ltr'><em>morientis,</em></span> <span class='ocrx_word' id='word_1_297' title='bbox 970 2105 1068 2143; x_wconf 84' lang='lat' dir='ltr'><em>haec</em></span> <span class='ocrx_word' id='word_1_298' title='bbox 1089 2104 1182 2142; x_wconf 84' lang='lat' dir='ltr'><em>licet</em></span> <span class='ocrx_word' id='word_1_299' title='bbox 1204 2105 1450 2156; x_wconf 78' lang='lat' dir='ltr'><em>prolixiora,</em></span> <span class='ocrx_word' id='word_1_300' title='bbox 1475 2106 1568 2157; x_wconf 89' lang='lat' dir='ltr'><em>quia</em></span> <span class='ocrx_word' id='word_1_301' title='bbox 1589 2105 1656 2144; x_wconf 85' lang='lat' dir='ltr'><em>hic</em></span> 
     </span>
     <span class='ocr_line' id='line_1_34' title="bbox 191 2160 1655 2215; baseline -0.001 -13"><span class='ocrx_word' id='word_1_302' title='bbox 191 2164 364 2215; x_wconf 86' lang='lat' dir='ltr'><em>egregius</em></span> <span class='ocrx_word' id='word_1_303' title='bbox 385 2163 576 2213; x_wconf 86' lang='lat' dir='ltr'><em>scriptor,</em></span> <span class='ocrx_word' id='word_1_304' title='bbox 605 2162 673 2212; x_wconf 91' lang='lat' dir='ltr'><em>qui</em></span> <span class='ocrx_word' id='word_1_305' title='bbox 689 2167 914 2200; x_wconf 79' lang='lat' dir='ltr'><em>asservatur</em></span> <span class='ocrx_word' id='word_1_306' title='bbox 935 2161 977 2200; x_wconf 90' lang='lat' dir='ltr'><em>in</em></span> <span class='ocrx_word' id='word_1_307' title='bbox 998 2160 1238 2199; x_wconf 85' lang='lat' dir='ltr'><em>bibliotheca</em></span> <span class='ocrx_word' id='word_1_308' title='bbox 1263 2161 1452 2214; x_wconf 71' lang='lat' dir='ltr'><em>Thuma,</em></span> <span class='ocrx_word' id='word_1_309' title='bbox 1482 2162 1655 2201; x_wconf 80' lang='lat' dir='ltr'><em>necdum</em></span> 
     </span>
     <span class='ocr_line' id='line_1_35' title="bbox 192 2218 1408 2271; baseline -0.002 -11"><span class='ocrx_word' id='word_1_310' title='bbox 192 2227 252 2260; x_wconf 84' lang='lat' dir='ltr'><em>est</em></span> <span class='ocrx_word' id='word_1_311' title='bbox 271 2221 424 2268; x_wconf 87' lang='lat' dir='ltr'><em>editus,</em></span> <span class='ocrx_word' id='word_1_312' title='bbox 450 2218 630 2257; x_wconf 85' lang='lat' dir='ltr'><em>hocloco</em></span> <span class='ocrx_word' id='word_1_313' title='bbox 650 2219 822 2257; x_wconf 85' lang='lat' dir='ltr'><em>inserere</em></span> <span class='ocrx_word' id='word_1_314' title='bbox 841 2232 982 2271; x_wconf 83' lang='lat' dir='ltr'><em>operae</em></span> <span class='ocrx_word' id='word_1_315' title='bbox 999 2218 1174 2271; x_wconf 84' lang='lat' dir='ltr'><em>pretium</em></span> <span class='ocrx_word' id='word_1_316' title='bbox 1191 2219 1322 2257; x_wconf 87' lang='lat' dir='ltr'><em>visum</em></span> <span class='ocrx_word' id='word_1_317' title='bbox 1338 2225 1408 2258; x_wconf 86' lang='lat' dir='ltr'><em>est.</em></span> 
     </span>
    </p>
   </div>
   <div class='ocr_carea' id='block_1_3' title="bbox 304 2286 1452 2341">
    <p class='ocr_par' dir='ltr' id='par_1_3' title="bbox 304 2286 1452 2341">
     <span class='ocr_line' id='line_1_36' title="bbox 304 2286 1452 2341; baseline -0.003 -10"><span class='ocrx_word' id='word_1_318' title='bbox 304 2302 345 2341; x_wconf 85' lang='lat' dir='ltr'><em>p.</em></span> <span class='ocrx_word' id='word_1_319' title='bbox 369 2291 452 2330; x_wconf 89' lang='grc'><em>220</em></span> <span class='ocrx_word' id='word_1_320' title='bbox 470 2300 510 2328; x_wconf 86' lang='lat' dir='ltr'><em>v.</em></span> <span class='ocrx_word' id='word_1_321' title='bbox 534 2290 600 2329; x_wconf 85' lang='lat'><em>19.</em></span> <span class='ocrx_word' id='word_1_322' title='bbox 657 2286 814 2339; x_wconf 80' lang='grc' dir='ltr'><strong><em>βίβλοι]</em></strong></span> <span class='ocrx_word' id='word_1_323' title='bbox 846 2286 893 2328; x_wconf 87' lang='lat' dir='ltr'><em>V.</em></span> <span class='ocrx_word' id='word_1_324' title='bbox 918 2293 1003 2326; x_wconf 89' lang='lat' dir='ltr'><em>not.</em></span> <span class='ocrx_word' id='word_1_325' title='bbox 1027 2286 1078 2325; x_wconf 85' lang='lat' dir='ltr'><em>ad</em></span> <span class='ocrx_word' id='word_1_326' title='bbox 1095 2286 1273 2325; x_wconf 82' lang='lat' dir='ltr'><em>Alexiad.</em></span> <span class='ocrx_word' id='word_1_327' title='bbox 1292 2300 1334 2339; x_wconf 90' lang='lat' dir='ltr'><em>p.</em></span> <span class='ocrx_word' id='word_1_328' title='bbox 1352 2290 1452 2331; x_wconf 88' lang='grc'><em>288.</em></span> 
     </span>
    </p>
   </div>
   <div class='ocr_carea' id='block_1_4' title="bbox 193 2365 1659 2703">
    <p class='ocr_par' dir='ltr' id='par_1_4' title="bbox 193 2365 1659 2703">
     <span class='ocr_line' id='line_1_37' title="bbox 305 2365 1656 2422; baseline 0 -17"><span class='ocrx_word' id='word_1_329' title='bbox 305 2367 401 2408; x_wconf 89' lang='lat' dir='ltr'><em>ibid.</em></span> <span class='ocrx_word' id='word_1_330' title='bbox 458 2369 518 2422; x_wconf 80' lang='grc' dir='ltr'><em>τῷ</em></span> <span class='ocrx_word' id='word_1_331' title='bbox 537 2365 712 2420; x_wconf 79' lang='grc' dir='ltr'><strong><em>ἔδαφῖῳ]</em></strong></span> <span class='ocrx_word' id='word_1_332' title='bbox 742 2365 852 2414; x_wconf 84' lang='lat' dir='ltr'><em>Quid</em></span> <span class='ocrx_word' id='word_1_333' title='bbox 874 2366 906 2404; x_wconf 84' lang='lat' dir='ltr'><em>si</em></span> <span class='ocrx_word' id='word_1_334' title='bbox 923 2366 1114 2421; x_wconf 67' lang='lat' dir='ltr'><em>ypaqaigo?</em></span> <span class='ocrx_word' id='word_1_335' title='bbox 1141 2366 1300 2405; x_wconf 86' lang='lat' dir='ltr'><em>Graecis</em></span> <span class='ocrx_word' id='word_1_336' title='bbox 1325 2373 1374 2422; x_wconf 70' lang='lat' dir='ltr'><em>et,</em></span> <span class='ocrx_word' id='word_1_337' title='bbox 1384 2367 1534 2406; x_wconf 83' lang='lat' dir='ltr'><em>Latinis</em></span> <span class='ocrx_word' id='word_1_338' title='bbox 1553 2368 1656 2406; x_wconf 88' lang='lat' dir='ltr'><em>scri-</em></span> 
     </span>
     <span class='ocr_line' id='line_1_38' title="bbox 193 2423 1658 2477; baseline -0.001 -15"><span class='ocrx_word' id='word_1_339' title='bbox 193 2423 372 2477; x_wconf 84' lang='lat' dir='ltr'><em>ptoribus</em></span> <span class='ocrx_word' id='word_1_340' title='bbox 384 2423 608 2476; x_wconf 77' lang='lat' dir='ltr'><em>graphium</em></span> <span class='ocrx_word' id='word_1_341' title='bbox 624 2429 664 2460; x_wconf 89' lang='lat' dir='ltr'><em>et</em></span> <span class='ocrx_word' id='word_1_342' title='bbox 679 2426 875 2476; x_wconf 75' lang='grc' dir='ltr'><em>γραφεῖον</em></span> <span class='ocrx_word' id='word_1_343' title='bbox 895 2423 1044 2463; x_wconf 81' lang='lat' dir='ltr'><em>dicitur</em></span> <span class='ocrx_word' id='word_1_344' title='bbox 1060 2423 1185 2475; x_wconf 82' lang='lat' dir='ltr'><em>stylus</em></span> <span class='ocrx_word' id='word_1_345' title='bbox 1203 2424 1354 2462; x_wconf 84' lang='lat' dir='ltr'><em>ferreus</em></span> <span class='ocrx_word' id='word_1_346' title='bbox 1374 2425 1423 2462; x_wconf 89' lang='lat' dir='ltr'><em>ab</em></span> <span class='ocrx_word' id='word_1_347' title='bbox 1444 2438 1524 2462; x_wconf 89' lang='lat' dir='ltr'><em>una</em></span> <span class='ocrx_word' id='word_1_348' title='bbox 1543 2429 1658 2475; x_wconf 86' lang='lat' dir='ltr'><em>parte</em></span> 
     </span>
     <span class='ocr_line' id='line_1_39' title="bbox 196 2479 1657 2532; baseline 0 -14"><span class='ocrx_word' id='word_1_349' title='bbox 196 2485 358 2531; x_wconf 89' lang='lat' dir='ltr'><em>acutus,</em></span> <span class='ocrx_word' id='word_1_350' title='bbox 398 2494 476 2531; x_wconf 91' lang='lat' dir='ltr'><em>qua</em></span> <span class='ocrx_word' id='word_1_351' title='bbox 504 2480 770 2518; x_wconf 78' lang='lat' dir='ltr'><em>exarabantur</em></span> <span class='ocrx_word' id='word_1_352' title='bbox 794 2479 837 2517; x_wconf 85' lang='lat' dir='ltr'><em>in</em></span> <span class='ocrx_word' id='word_1_353' title='bbox 857 2493 946 2518; x_wconf 90' lang='lat' dir='ltr'><em>cera</em></span> <span class='ocrx_word' id='word_1_354' title='bbox 966 2480 1124 2518; x_wconf 82' lang='lat' dir='ltr'><em>literae:</em></span> <span class='ocrx_word' id='word_1_355' title='bbox 1153 2481 1202 2518; x_wconf 89' lang='lat' dir='ltr'><em>ab</em></span> <span class='ocrx_word' id='word_1_356' title='bbox 1226 2481 1349 2519; x_wconf 84' lang='lat' dir='ltr'><em>altera</em></span> <span class='ocrx_word' id='word_1_357' title='bbox 1369 2487 1483 2532; x_wconf 89' lang='lat' dir='ltr'><em>parte</em></span> <span class='ocrx_word' id='word_1_358' title='bbox 1501 2481 1657 2532; x_wconf 84' lang='lat' dir='ltr'><em>planus,</em></span> 
     </span>
     <span class='ocr_line' id='line_1_40' title="bbox 196 2537 1659 2589; baseline 0 -13"><span class='ocrx_word' id='word_1_359' title='bbox 196 2550 274 2588; x_wconf 89' lang='lat' dir='ltr'><em>qua</em></span> <span class='ocrx_word' id='word_1_360' title='bbox 289 2538 550 2576; x_wconf 83' lang='lat' dir='ltr'><em>inducebatur</em></span> <span class='ocrx_word' id='word_1_361' title='bbox 569 2537 676 2588; x_wconf 84' lang='lat' dir='ltr'><em>quod</em></span> <span class='ocrx_word' id='word_1_362' title='bbox 691 2549 896 2589; x_wconf 87' lang='lat' dir='ltr'><em>perperam</em></span> <span class='ocrx_word' id='word_1_363' title='bbox 914 2543 1000 2575; x_wconf 86' lang='lat' dir='ltr'><em>erat</em></span> <span class='ocrx_word' id='word_1_364' title='bbox 1018 2542 1224 2575; x_wconf 78' lang='lat' dir='ltr'><em>exaratum</em></span> <span class='ocrx_word' id='word_1_365' title='bbox 1253 2543 1294 2575; x_wconf 87' lang='lat' dir='ltr'><em>et</em></span> <span class='ocrx_word' id='word_1_366' title='bbox 1316 2551 1456 2577; x_wconf 75' lang='lat' dir='ltr'><em>rursus</em></span> <span class='ocrx_word' id='word_1_367' title='bbox 1480 2538 1659 2589; x_wconf 86' lang='lat' dir='ltr'><em>compla-</em></span> 
     </span>
     <span class='ocr_line' id='line_1_41' title="bbox 196 2591 1659 2648; baseline 0.001 -17"><span class='ocrx_word' id='word_1_368' title='bbox 196 2594 380 2635; x_wconf 71' lang='lat' dir='ltr'><em>nubatur.</em></span> <span class='ocrx_word' id='word_1_369' title='bbox 437 2594 694 2646; x_wconf 86' lang='lat' dir='ltr'><em>Symphosius</em></span> <span class='ocrx_word' id='word_1_370' title='bbox 703 2591 758 2631; x_wconf 69' lang='lat' dir='ltr'><em>&#39;in</em></span> <span class='ocrx_word' id='word_1_371' title='bbox 779 2593 1007 2645; x_wconf 86' lang='lat' dir='ltr'><em>aenigmate,</em></span> <span class='ocrx_word' id='word_1_372' title='bbox 1039 2594 1150 2632; x_wconf 86' lang='lat' dir='ltr'><em>cuius</em></span> <span class='ocrx_word' id='word_1_373' title='bbox 1171 2594 1314 2632; x_wconf 86' lang='lat' dir='ltr'><em>lemma</em></span> <span class='ocrx_word' id='word_1_374' title='bbox 1344 2601 1404 2633; x_wconf 87' lang='lat' dir='ltr'><em>est</em></span> <span class='ocrx_word' id='word_1_375' title='bbox 1431 2595 1659 2648; x_wconf 76' lang='lat' dir='ltr'><em>graphius:</em></span> 
     </span>
     <span class='ocr_line' id='line_1_42' title="bbox 199 2649 1254 2703; baseline 0.003 -16"><span class='ocrx_word' id='word_1_376' title='bbox 199 2649 249 2688; x_wconf 85' lang='lat' dir='ltr'><em>de</em></span> <span class='ocrx_word' id='word_1_377' title='bbox 267 2665 422 2689; x_wconf 87' lang='lat' dir='ltr'><em>summo</em></span> <span class='ocrx_word' id='word_1_378' title='bbox 434 2653 615 2703; x_wconf 87' lang='lat' dir='ltr'><em>planus,</em></span> <span class='ocrx_word' id='word_1_379' title='bbox 646 2649 719 2688; x_wconf 87' lang='lat' dir='ltr'><em>sed</em></span> <span class='ocrx_word' id='word_1_380' title='bbox 735 2664 817 2688; x_wconf 90' lang='lat' dir='ltr'><em>non</em></span> <span class='ocrx_word' id='word_1_381' title='bbox 834 2665 904 2703; x_wconf 83' lang='lat' dir='ltr'><em>ego</em></span> <span class='ocrx_word' id='word_1_382' title='bbox 916 2651 1075 2703; x_wconf 88' lang='lat' dir='ltr'><em>planus</em></span> <span class='ocrx_word' id='word_1_383' title='bbox 1094 2651 1140 2687; x_wconf 89' lang='lat' dir='ltr'><em>in</em></span> <span class='ocrx_word' id='word_1_384' title='bbox 1160 2651 1254 2690; x_wconf 89' lang='lat' dir='ltr'><em>imo.</em></span> 
     </span>
    </p>
   </div>
   <div class='ocr_carea' id='block_1_5' title="bbox 200 2715 1660 2827">
    <p class='ocr_par' dir='ltr' id='par_1_5' title="bbox 200 2715 1660 2827">
     <span class='ocr_line' id='line_1_43' title="bbox 311 2715 1660 2773; baseline -0.004 -11"><span class='ocrx_word' id='word_1_385' title='bbox 311 2732 353 2758; x_wconf 73' lang='lat' dir='ltr'><em>V·</em></span> <span class='ocrx_word' id='word_1_386' title='bbox 376 2722 445 2761; x_wconf 87' lang='lat'><em>21.</em></span> <span class='ocrx_word' id='word_1_387' title='bbox 503 2715 712 2773; x_wconf 81' lang='grc' dir='ltr'><strong><em>κοθόρνου</em></strong></span> <span class='ocrx_word' id='word_1_388' title='bbox 743 2719 881 2771; x_wconf 83' lang='grc' dir='ltr'><strong><em>δίκην]</em></strong></span> <span class='ocrx_word' id='word_1_389' title='bbox 921 2718 1022 2759; x_wconf 84' lang='lat' dir='ltr'><em>Vide</em></span> <span class='ocrx_word' id='word_1_390' title='bbox 1049 2719 1208 2772; x_wconf 85' lang='lat' dir='ltr'><em>Diogen.</em></span> <span class='ocrx_word' id='word_1_391' title='bbox 1242 2726 1392 2760; x_wconf 85' lang='lat' dir='ltr'><em>centur.</em></span> <span class='ocrx_word' id='word_1_392' title='bbox 1422 2720 1449 2763; x_wconf 83' lang='lat'>4</span> <span class='ocrx_word' id='word_1_393' title='bbox 1474 2734 1514 2760; x_wconf 90' lang='lat' dir='ltr'><em>n.</em></span> <span class='ocrx_word' id='word_1_394' title='bbox 1539 2723 1597 2764; x_wconf 81' lang='grc'><em>72</em></span> <span class='ocrx_word' id='word_1_395' title='bbox 1622 2724 1660 2757; x_wconf 86' lang='lat' dir='ltr'><em>et</em></span> 
     </span>
     <span class='ocr_line' id='line_1_44' title="bbox 200 2773 824 2827; baseline 0.002 -13"><span class='ocrx_word' id='word_1_396' title='bbox 200 2773 319 2816; x_wconf 84' lang='lat' dir='ltr'><em>Mich.</em></span> <span class='ocrx_word' id='word_1_397' title='bbox 337 2774 510 2827; x_wconf 80' lang='lat' dir='ltr'><em>Apostol.</em></span> <span class='ocrx_word' id='word_1_398' title='bbox 531 2783 630 2816; x_wconf 85' lang='lat' dir='ltr'><em>cent.</em></span> <span class='ocrx_word' id='word_1_399' title='bbox 646 2780 672 2820; x_wconf 90' lang='lat'><strong>9</strong></span> <span class='ocrx_word' id='word_1_400' title='bbox 696 2790 736 2815; x_wconf 89' lang='lat' dir='ltr'><em>n.</em></span> <span class='ocrx_word' id='word_1_401' title='bbox 754 2777 824 2818; x_wconf 88' lang='grc'><em>29.</em></span> 
     </span>
    </p>
   </div>
   <div class='ocr_carea' id='block_1_6' title="bbox 203 2839 1659 2953">
    <p class='ocr_par' dir='ltr' id='par_1_6' title="bbox 203 2839 1659 2953">
     <span class='ocr_line' id='line_1_45' title="bbox 312 2839 1659 2899; baseline -0.001 -15"><span class='ocrx_word' id='word_1_402' title='bbox 312 2856 355 2894; x_wconf 88' lang='lat' dir='ltr'><em>p.</em></span> <span class='ocrx_word' id='word_1_403' title='bbox 374 2846 457 2885; x_wconf 86' lang='grc'><em>222</em></span> <span class='ocrx_word' id='word_1_404' title='bbox 477 2857 517 2887; x_wconf 79' lang='lat' dir='ltr'><em>v,</em></span> <span class='ocrx_word' id='word_1_405' title='bbox 536 2844 578 2888; x_wconf 87' lang='lat'><em>5.</em></span> <span class='ocrx_word' id='word_1_406' title='bbox 634 2839 885 2898; x_wconf 81' lang='grc' dir='ltr'><strong><em>Παγοὶτζιον]</em></strong></span> <span class='ocrx_word' id='word_1_407' title='bbox 913 2842 1035 2882; x_wconf 85' lang='lat' dir='ltr'><em>Forte</em></span> <span class='ocrx_word' id='word_1_408' title='bbox 1051 2844 1162 2898; x_wconf 87' lang='lat' dir='ltr'><em>urbs,</em></span> <span class='ocrx_word' id='word_1_409' title='bbox 1189 2858 1291 2898; x_wconf 83' lang='lat' dir='ltr'><em>quae</em></span> <span class='ocrx_word' id='word_1_410' title='bbox 1313 2847 1478 2899; x_wconf 81' lang='lat' dir='ltr'><em>Posega</em></span> <span class='ocrx_word' id='word_1_411' title='bbox 1499 2842 1659 2893; x_wconf 78' lang='lat' dir='ltr'><em>dicitur,</em></span> 
     </span>
     <span class='ocr_line' id='line_1_46' title="bbox 203 2898 1095 2953; baseline 0.003 -15"><span class='ocrx_word' id='word_1_412' title='bbox 203 2898 429 2952; x_wconf 82' lang='lat' dir='ltr'><em>episcopatu</em></span> <span class='ocrx_word' id='word_1_413' title='bbox 441 2899 604 2953; x_wconf 64' lang='lat' dir='ltr'><em>insignis</em></span> <span class='ocrx_word' id='word_1_414' title='bbox 622 2902 666 2942; x_wconf 87' lang='lat' dir='ltr'><em>in</em></span> <span class='ocrx_word' id='word_1_415' title='bbox 686 2900 895 2943; x_wconf 75' lang='lat' dir='ltr'><em>Sdavonia</em></span> <span class='ocrx_word' id='word_1_416' title='bbox 913 2901 1095 2944; x_wconf 79' lang='lat' dir='ltr'><em>Saviana.</em></span> 
     </span>
    </p>
   </div>
  </div>
 </body>
</html>
