1878 3262
262 215 357 262 112
679 211 986 257 NICEPHORI
1021 212 1288 258 BRYENNII
1330 229 1333 232 ’

251 328 475 378 τετέλεστο,
510 323 532 368 ὅ
554 329 628 368 w&
646 330 931 381 βασιλειῶντος
958 326 1037 382 ἤδη
1066 325 1306 385 Νικηφόρου
1337 329 1425 381 υἱὸς
1455 329 1478 374 ὅ
1506 331 1714 390 πατρίκιος

255 396 490 452 Βρυέννιος,
527 393 618 452 ἄρτι
649 396 722 450 τὴν
752 396 941 451 παιδικὴν
967 394 1126 452 ἡλικίαν
1155 394 1405 453 ὗπερελάσας
1421 402 1488 442 καὶ
1506 400 1714 457 μειράκιον

202 467 235 502 D
258 464 314 506 ὢν
335 465 550 517 θυμοειδὲς
570 466 638 506 καὶ
657 471 846 520 γενναῖον,
880 465 976 515 τοὺς
995 463 1283 519 συνηλικιώτας
1299 468 1547 523 παραλαβὼν
1568 469 1714 524 (ἤστην

254 533 298 575 δὲ
328 531 458 575 τούτω
486 531 507 574 ὃ
530 532 847 589 Κατζαμούντης
879 535 946 576 καὶ
978 532 998 576 ὃ
1032 535 1261 589 Κουρτίκης
1295 537 1530 587 Βασίλειος,
1566 536 1610 581 ὃν
1644 539 1714 579 καὶ

248 601 487 644 Ἰωαννίκιον
511 600 697 656 ἐκάλουν)
725 601 842 660 ἀπῄει
872 604 1036 652 παιδιᾶς
1059 600 1181 659 χάριν
1211 602 1312 657 πρὸς
1332 603 1426 654 τοὺς
1447 604 1520 659 τὴν
1545 604 1622 656 ἔξω
1639 610 1746 660 τῆς5

254 668 410 720 πόλεως
441 671 772 725 πεπιστευμένους
809 671 993 728 φρουρὰν
1015 669 1290 726 στρατιώτας,
1326 674 1393 714 καὶ
1417 673 1716 729 ἀγρυπνοῦντας

253 737 437 788 ἅπαντας
466 739 636 789 ἐκείνους
674 737 801 796 εὖριὺν
830 741 1000 782 ἐπαίνων
1036 739 1171 794 ἠξίου,
1227 742 1294 782 καὶ
1323 741 1542 798 παρελθών
1570 741 1715 792 αὐτοὺς

254 809 423 862 πλησίον
450 811 522 862 τῆς
552 806 705 858 πόλεως
727 809 858 864 γέγονε
882 810 947 849 καὶ
968 806 1118 864 περιῄει
1142 808 1268 863 ἀγχοῦ
1287 813 1366 851 τῶν
1387 813 1528 863 τειχίόν
1549 810 1622 865 τὴν
1644 813 1716 865 τῆς

254 874 409 926 πόλεως
429 881 678 933 περισκοπῶν
705 875 902 934 φυλακήν.
971 874 1026 926 ὡς
1049 877 1090 918 δ’
1120 874 1399 928 ὖπνιόττοντας
1422 877 1603 928 ἅπαντας
1621 878 1717 929 τοὺς

255 942 370 986 ἔνδον
402 943 678 1001 φυλάττοντας
704 944 1028 999 κατεμάνθανεν,
1062 943 1327 1003 ὑποστρέφων
1349 953 1437 997 ταῖς
1459 948 1715 1001 σχεδιασθεί-
1726 949 1772 985 10

254 1029 346 1063 σαις
366 1012 592 1067 ἐντετύχηκε
614 1015 788 1066 κλιζιιαξι.
843 1015 910 1055 καὶ
932 1011 1082 1063 ταύτας
1101 1008 1196 1070 ἆραι
1218 1013 1449 1071 προστάξας
1468 1023 1550 1066 τοῖς
1570 1013 1717 1069 {nopai-

253 1098 337 1130 νοις
356 1085 414 1137 τῷ
435 1085 506 1134 τῆς
528 1079 680 1131 πόλεως
701 1083 816 1135 τείχει
837 1080 1073 1139 προσήρεισε
1098 1084 1165 1124 καὶ
1191 1088 1350 1139 πρῶτος
1380 1083 1501 1133 αὐτὸς
1524 1082 1634 1140 ἀνῄει
1661 1081 1716 1134 ὥς

253 1149 317 1190 ἐπὶ
340 1149 414 1198 τὰς
434 1147 627 1198 ἐπάλξεις.
696 1152 920 1199 ’ξυνείποντο
953 1151 999 1192 δέ
1027 1151 1065 1192 οἱ
1098 1153 1165 1192 καὶ
1196 1151 1233 1192 οἳ
1255 1154 1399 1194 λοιποί.
1470 1150 1650 1209 εὖρόντες
1672 1152 1716 1194 δὲ

135 1228 164 1262 Ρ
187 1227 233 1263 76
256 1217 351 1267 τοὺς
381 1215 567 1274 φύλακας
588 1218 756 1270 βαθέως
782 1216 1060 1268 ὖπνῶττοντας
1091 1221 1157 1260 καὶ
1179 1220 1304 1274 μηδέν
1334 1237 1373 1262 τι
1399 1225 1479 1263 τῶν
1502 1221 1716 1277 δρωμένων

250 1286 620 1343 προαισθομένους,
655 1286 706 1328 τὰ
738 1288 834 1344 ξίφη
864 1285 1142 1342 γυμνώσαντες
1162 1288 1423 1344 περιέστησαν
1445 1289 1582 1339 αὐτοῖς
1604 1287 1715 1346 ἀφύ-
1726 1291 1769 1327 15

251 1353 386 1407 πνιζόν
406 1372 446 1396 τε
465 1356 530 1396 καὶ
549 1355 719 1408 βασιλέα
736 1354 946 1409 Ῥωμαίων
962 1355 1031 1397 τὸν
1049 1354 1287 1412 Νικηφόρον
1309 1357 1500 1413 εὐφημεῖν
1522 1358 1714 1400 ἐκέλευον.

250 1428 310 1481 τῷ
341 1427 437 1479 γοῦν
470 1425 657 1481 αἲφνιόίῳ
689 1424 1006 1479 καταπλαγέντες
1035 1418 1143 1466 οὗτοι
1172 1426 1239 1467 καὶ
1262 1422 1309 1466 οἷ
1318 1430 1452 1467 κακῶν
1474 1427 1548 1468 εἶσι
1573 1442 1715 1468 συναιη

252 1490 446 1546 σθόμενοι
476 1493 514 1534 οἷ
541 1493 614 1546 μὲν
643 1492 722 1534 ἀπὸ
745 1497 825 1534 τῶν
850 1497 991 1546 τειχῶν
1013 1497 1123 1549 σφᾶς
1141 1493 1288 1543 αὐτοὺς
1307 1492 1638 1550 κατεκρήμνιζον,
1674 1494 1714 1536 οἳ

253 1561 298 1602 δὲ
330 1560 375 1602 τὸ
411 1561 624 1602 κελευσθὲν
656 1561 815 1602 ἐποίουν
841 1556 1013 1619 βρᾶχεία
1043 1564 1111 1603 καὶ
1148 1563 1435 1618 ὃιακεκομμένῃ
1461 1567 1595 1619 φωνῇ·
1631 1563 1713 1604 ὁιέ-

253 1645 373 1671 κοπτε
396 1628 473 1685 γὰρ
497 1629 633 1678 αὐτοῖς
654 1629 728 1679 τὰς
747 1629 886 1686 φωνὰς
905 1627 926 1670 ὃ
948 1628 1090 1686 φόβος.
1159 1630 1197 1672 οἳ
1227 1631 1270 1672 δὲ
1290 1634 1361 1685 τῆς
1379 1629 1531 1681 πόλεως
1553 1629 1770 1685 οἷκήτο-ΞΟ

134 1705 169 1739 V
189 1703 234 1740 55
259 1715 325 1754 ρες
354 1695 591 1751 αἲσθόμενοι
621 1697 667 1739 τὸ
702 1695 886 1751 συμβάν,
920 1695 1184 1755 ὑπειληφότες
1215 1698 1288 1753 τὴν
1319 1697 1434 1740 πόλιν
1466 1698 1545 1753 ἤδη
1578 1704 1713 1741 πᾶσαν

255 1764 470 1809 ἑαλωκέναι
479 1798 493 1818 ,
537 1767 728 1808 συνέθεον
763 1765 954 1818 ἅπαντες,
1001 1767 1047 1808 οὐ
1081 1767 1182 1823 πρὸς
1217 1765 1323 1808 ὅπλα
1362 1771 1589 1823 χωροῦντες
1621 1768 1714 1810 οὐδὲ

345 1862 380 1897 3.
413 1856 529 1917 ᾖσι-ἠν
562 1857 602 1895 δὲ
634 1858 776 1916 venitm]
812 1860 898 1895 Cod.
933 1856 1035 1907 ᾔσθη
1070 1858 1110 1895 δὲ
1141 1860 1268 1916 τοῦτο.
1315 1861 1357 1895 Ρ.
1390 1854 1485 1905 ἦσαν
1518 1858 1558 1896 δὲ
1582 1855 1711 1916 ὀὗτοι

347 1909 381 1942 8.
406 1908 537 1953 απῃει]
563 1906 650 1942 eod.
675 1908 820 1952 απείην.
844 1918 931 1942 corr.
954 1908 997 1942 P.
1091 1909 1147 1942 20.
1172 1906 1312 1953 φοβος]
1335 1907 1389 1942 Ita
1402 1907 1445 1943 P.
1469 1919 1532 1954 pro
1548 1909 1666 1953 λογος.

254 1987 320 2023 hoc
342 1987 416 2021 loco
434 1997 490 2020 res
507 1990 581 2020 erat
596 1997 669 2020 cum
685 1985 871 2031 Nicephori
885 1985 949 2019 iam
964 1985 1225 2030 regnaturientis
1240 1985 1328 2021 filius
1345 1986 1505 2031 patricius
1523 1986 1712 2031 Bryennius

254 2032 392 2067 vixdum
418 2032 579 2076 puerilem
602 2043 840 2077 supergressus
865 2037 1010 2065 aetatem
1035 2031 1304 2066 adolescentulus
1331 2038 1471 2066 naturae
1501 2033 1650 2067 ardentis
1675 2036 1712 2068 et

255 2089 455 2121 generosum
479 2077 633 2122 spirans,
674 2078 870 2122 aequalibus
894 2078 1005 2123 pueris
1025 2089 1137 2112 secum
1163 2077 1363 2122 assumptis;
1405 2078 1438 2112 hi
1463 2082 1572 2112 autem
1599 2083 1710 2120 erant,

255 2124 498 2157 Catzamuntes
514 2129 549 2156 et
564 2123 718 2157 Curtices
735 2123 878 2157 Basilius
892 2151 902 2167 ‚
931 2134 1029 2168 quem
1044 2129 1080 2157 et
1094 2124 1299 2157 Ioannicium
1314 2125 1504 2158 vocabant:
1528 2124 1601 2158 abit
1614 2123 1711 2168 quasi

251 2169 325 2203 ludi
341 2180 440 2202 causa
455 2169 495 2202 ad
513 2170 726 2203 excubitores
742 2174 860 2203 contra
877 2169 1047 2203 civitatem
1066 2174 1103 2202 ut
1119 2169 1242 2203 dictum
1258 2174 1310 2203 est
1325 2169 1503 2215 dispositos
1513 2195 1524 2211 ‚
1547 2173 1581 2203 et
1595 2180 1710 2204 omnes

253 2215 389 2260 quidem
418 2214 494 2247 illos
520 2214 699 2257 vigilantes
726 2215 898 2249 inveniens
922 2215 1076 2248 laudibus
1093 2215 1212 2249 affecit
1226 2215 1378 2260 ultraque
1393 2214 1612 2260 progrediens
1629 2227 1709 2260 pro-

252 2260 432 2306 pinquavit
447 2258 548 2292 muris
564 2259 656 2292 urbis
672 2271 865 2305 gyransque
881 2260 1004 2294 circum
1021 2273 1039 2294 e
1055 2260 1166 2294 vicino
1183 2261 1381 2306 explorabat
1396 2260 1516 2314 ecquid
1529 2260 1575 2293 ibi
1591 2261 1632 2294 ad
1650 2271 1711 2295 cu-

252 2306 396 2341 stodiam
412 2305 621 2349 vigilaretur.
671 2310 707 2337 ut
727 2312 837 2339 autem
861 2317 927 2339 non
950 2306 1060 2340 dubiis
1075 2307 1280 2350 argumentis
1296 2312 1468 2351 perspexit
1481 2305 1580 2351 plane
1595 2317 1711 2341 omnes

253 2352 310 2397 qui
333 2363 460 2385 murum
484 2350 682 2384 obtinebant
698 2351 940 2385 obdormivisse
956 2352 1111 2385 custodes
1126 2363 1282 2386 reversus
1298 2357 1391 2386 retro
1405 2352 1451 2386 ad
1465 2362 1542 2385 suos
1559 2356 1595 2384 et
1609 2352 1711 2387 scalis

254 2398 348 2443 prius
364 2396 490 2442 paratis
506 2402 633 2430 temere
648 2397 791 2441 repertis
808 2408 865 2431 eas
881 2396 953 2429 tolli
970 2397 1078 2430 iussas
1093 2409 1114 2431 a
1129 2398 1304 2431 comitibus
1318 2408 1411 2431 muro
1428 2396 1575 2430 civitatis
1594 2397 1712 2432 admo-

254 2449 316 2477 vet
339 2443 533 2497 primusque
557 2441 631 2486 ipse
656 2442 849 2475 conscendit
876 2443 1094 2486 sequentibus
1115 2442 1264 2487 reliquis.
1324 2453 1398 2476 cum
1422 2441 1506 2475 muri
1535 2444 1710 2487 superiora

253 2493 461 2528 tenu1ssent,
493 2488 669 2532 reperiunt
693 2487 858 2532 profunde
879 2487 1083 2522 dormientes
1106 2487 1224 2522 milites
1235 2513 1245 2530 ‚
1274 2499 1318 2522 ne
1342 2494 1422 2521 tunc
1450 2487 1582 2532 quidem
1610 2489 1710 2534 quid-

255 2545 355 2579 quam
380 2546 494 2569 eorum
520 2545 607 2578 quae
631 2533 754 2567 fierent
769 2533 976 2576 sentientes,
1006 2545 1091 2578 quos
1114 2533 1402 2568 circumsteterunt
1426 2533 1559 2567 ensibus
1584 2535 1710 2570 strictis

255 2585 292 2613 et
318 2586 458 2634 repente
483 2579 648 2614 excitatos
663 2578 891 2624 Nicephorum
906 2579 1112 2623 Bryennium
1129 2580 1312 2613 Romanum
1338 2578 1572 2623 imperatorem
1598 2581 1709 2616 accla-

254 2636 346 2659 mare
360 2629 539 2659 msserunt.
598 2625 817 2659 circumventi
831 2624 877 2658 illi
894 2625 1092 2670 necopinato
1109 2636 1189 2658 casu
1205 2629 1240 2658 et
1255 2624 1311 2658 ubi
1327 2625 1485 2658 malorum
1501 2631 1614 2660 essent
1629 2637 1708 2661 sen-

253 2671 379 2705 tientes
395 2670 516 2715 partim
531 2682 551 2704 e
565 2682 658 2704 muro
674 2671 875 2717 praecipites
890 2683 928 2704 se
943 2671 1162 2712 demiserunt,
1194 2670 1311 2715 partim
1334 2670 1425 2714 quod
1440 2670 1641 2706 iubebantur
1655 2673 1708 2707 fe-

257 2721 378 2751 cerunt
402 2716 481 2750 exili
507 2720 541 2748 et
563 2717 672 2750 fracta
699 2728 803 2750 voce:
834 2728 900 2750 non
926 2717 1012 2750 enim
1036 2720 1226 2750 constanter
1245 2726 1303 2749 eos
1318 2720 1352 2749 et
1366 2716 1501 2750 fortiter
1516 2722 1622 2752 metus
1639 2727 1707 2764 quo

256 2763 482 2797 turbabantur
497 2761 640 2795 sinebat.
677 2766 713 2795 at
729 2763 820 2796 cives
836 2762 928 2796 urbis
943 2761 1104 2796 admoniti
1123 2760 1267 2806 strepitu
1281 2761 1388 2806 primo
1405 2767 1441 2796 et
1456 2762 1627 2798 civitatem
1641 2763 1706 2799 iam

256 2808 447 2843 universam
469 2811 602 2852 captam
627 2806 852 2842 existimantes
877 2811 1118 2841 concurrerunt
1143 2817 1278 2847 omna,
1310 2818 1376 2842 non
1391 2807 1434 2841 ad
1451 2819 1564 2853 arma,
1597 2819 1707 2854 nequo

255 2853 455 2893 defensandi
467 2852 576 2891 studio
589 2879 600 2897 ‚
627 2863 765 2899 quarum
778 2863 889 2888 rerum
903 2856 1034 2899 tempus
1048 2852 1264 2899 praeteriisse
1277 2853 1539 2901 arbitrabantur,
1555 2865 1617 2891 nec
1631 2853 1706 2902 spei
