1878 3262
256 179 360 248 '256
749 198 974 244 lomus
1008 200 1238 246 cmm

258 315 435 370 ἀλιιαθῶς
455 319 540 364 τοῖς
559 309 792 369 πράγμασιν
816 311 1042 371 ἓφιστάνειν
1060 312 1219 366 εἶδότες.
1284 320 1357 372 τῆς
1375 318 1528 360 Λουκᾶ
1546 316 1623 375 γὰρ
1643 316 1718 374 ‘1⁶71'-

206 387 239 421 D
262 388 413 438 τῆσθαι
435 381 752 438 ὁμολογήσαντες
766 381 949 438 γνώμης,
983 382 1043 424 ὅτι
1064 385 1130 425 καὶ
1153 387 1226 438 τῆς
1244 387 1441 438 βασιλέως
1460 390 1597 444 πολλῷ
1615 384 1720 443 πρό-

254 469 391 508 τερον,
428 449 630 504 ἁλιόσιμοί
646 468 687 493 τε
708 450 845 502 αὖτοΐς
863 453 902 501 ἐς
920 452 992 506 τὴν
1007 454 1229 508 θρησκείαν
1251 452 1473 508 γεγονότες,
1509 455 1547 496 οἵ
1579 456 1622 497 δὲ
1650 456 1717 510 ἔγ-

252 518 469 574 κλημάτων
501 518 644 576 ἑτέρων
675 518 897 576 ἐγράφοντο
922 525 1076 562 τοῦτον.
1144 520 1213 578 ἐφ’
1235 519 1296 571 οἷς
1314 519 1423 576 οἶμαι
1443 524 1508 564 καὶ
1525 523 1717 576 βασιλεὺς

252 589 387 630 αὐτῶν
404 588 627 643 καταγνοὺς
647 588 720 630 σὺν
738 589 934 631 ἕπιπαθεῖ
950 606 1024 630 τινι
1043 592 1222 646 λογισμῷ
1245 594 1304 647 τῷ
1323 591 1476 650 Λουκᾷ
1497 592 1748 648 {ammoys-5

250 674 332 699 νων
360 655 498 698 ((ἀλλὰ
525 660 643 698 τοῦτο
671 656 775 710 μὲν”
814 656 891 714 ἔφη
920 655 1050 707 σετέως
1068 658 1319 700 ἀποκείσθω·
1355 657 1524 713 ὁπηνίκα
1542 660 1585 701 δὲ
1604 660 1717 710 τέλος

251 725 329 775 ἕξει
352 725 398 767 τὸ
424 729 505 767 τῶν
526 723 758 782 παρόντων,
792 724 1141 780 βασανισθήσεται
1161 728 1227 768 καὶ
1243 731 1393 779 ταῦτα,
1423 729 1490 769 καὶ
1508 727 1620 777 τέλος
1640 728 1718 770 αὗ-

250 801 336 843 τοΐς
365 792 611 848 ἐπιθήσομεν
640 793 685 835 τὸ
714 794 949 850 προσῆκον”
987 795 1057 851 ἐφ’
1092 792 1152 844 οἷς
1181 795 1525 852 ἀποκρουσθέντες
1551 794 1718 852 ἔκύρουν

251 861 330 918 ἤδη
352 862 403 904 τὰ
423 862 652 917 δεδογμένα.
686 863 878 916 βασιλεὺς
902 863 945 904 δὲ
961 860 1244 918 ὖπεσημήνατο
1264 863 1441 914 τούτοις·
1477 866 1544 906 καὶ
1566 864 1612 906 τὸ
1629 868 1717 906 λοι-

251 931 328 972 πὸν
354 932 488 980 λίθοις
514 929 835 986 ἔγκολαψάμενοι
864 931 937 985 τὴν
965 932 1127 988 γραφὴν
1147 933 1209 973 ε’πὶ
1228 936 1301 974 τοῦ
1319 934 1478 990 Σοφίας
1497 933 1606 989 ἱεροῦ
1624 933 1712 989 ἀρι-
1726 938 1771 974 10

110 1010 142 1044 Ρ
168 1009 234 1046 150
257 1003 380 1058 στερᾷ
408 996 566 1041 εἰσιόντι
595 999 781 1055 φέροντες
807 999 990 1053 ἔστησαν.
1060 1002 1127 1042 καὶ
1159 1001 1272 1051 τέλος
1298 1000 1376 1055 ἤδη
1401 1000 1544 1057 εὕρατο
1567 1000 1620 1043 τὰ
1644 1005 1717 1055 τῆς

255 1066 466 1123 ζητήσεως.
535 1066 611 1122 ἐγὼ
645 1067 687 1108 δ’
717 1069 838 1109 ε’κεῖνο
859 1069 947 1124 περὶ
966 1071 1046 1109 τῶν
1066 1067 1258 1111 τοιούτων
1279 1069 1338 1111 ἀεὶ
1357 1074 1518 1126 φρονῶν
1540 1069 1717 1111 διατετέ-

254 1140 351 1178 λεκα
361 1168 373 1187 ,
406 1134 465 1177 ὅτι
486 1135 535 1189 δὴ
556 1133 678 1192 φύσιν
696 1139 799 1177 θεοῦ
817 1140 1162 1192 πολυπραγμονεῖν
1180 1136 1385 1194 ἀνθρώπῳ
1405 1155 1447 1193 γε
1467 1136 1550 1180 ὄντι
1571 1136 1718 1179 οὔκουν

255 1205 508 1260 ἀνέγκλητον.
577 1202 598 1244 ὅ
619 1220 661 1259 γε
679 1204 760 1258 μὴν
779 1202 1005 1258 θαυμάζειν
1024 1204 1101 1258 ἔχω
1119 1210 1176 1262 τῷ
1197 1204 1463 1263 αὐτοκράτορι
1490 1204 1619 1262 τούτῳ
1640 1205 1718 1247 αὗ-

253 1274 345 1316 τίκα
371 1290 441 1326 μοι
469 1271 678 1322 λελέξεται.
748 1273 983 1326 συζητοῦντί
1009 1289 1103 1315 ποτε
1132 1276 1220 1330 περὶ
1244 1272 1396 1316 τούτων
1411 1274 1521 1332 αὐτῷ
1555 1275 1648 1328 (ἐπὶ
1670 1272 1716 1324 ἓξ
1727 1277 1770 1314 15

254 1343 321 1384 καὶ
339 1341 415 1398 γὰρ
434 1338 624 1383 ἐνιαυτῶν
640 1341 882 1397 παρετέτατο
903 1339 1073 1391 κύκλους
1092 1341 1144 1383 τὰ
1161 1346 1232 1396 τῆς
1249 1340 1614 1399 ἀμφισβητήσεως)
1634 1346 1716 1384 τῶν

250 1428 314 1460 τις
341 1411 430 1466 περὶ
459 1409 532 1464 τὴν
552 1409 767 1463 βασιλικὴν
784 1409 1144 1466 α’μφιπονουμένων
1166 1411 1314 1466 ἐγένετο
1332 1409 1487 1462 ἑστίαν,
1516 1410 1715 1466 ἀγγέλλων

249 1473 322 1520 οὗν
352 1479 463 1534 αὐτῷ
495 1476 647 1533 ἡσυχῇ,
683 1477 937 1532 ἧμβλωκέναι
967 1478 1039 1533 τὴν
1063 1481 1277 1532 βασιλίδα,
1306 1477 1390 1522 εἶτα
1407 1481 1473 1521 καὶ
1498 1478 1558 1521 ὅτι
1580 1478 1714 1536 ἄρρεν.

249 1545 271 1589 ὃ
295 1547 339 1588 δὲ
360 1547 452 1588 οὐδ’
472 1545 567 1587 ὅσον
590 1547 631 1587 ἓν
654 1544 830 1599 σχήματι
848 1546 893 1587 τὸ
914 1545 1052 1596 πάθος
1068 1546 1362 1601 ἐπιδειξάμενος
1379 1551 1563 1602 καθῆστο
1584 1562 1714 1603 προσ-

249 1615 402 1668 ανέχων
433 1620 517 1663 τοῖς
545 1614 782 1669 λεγομένοις.
851 1615 932 1656 ἐπεὶ
967 1615 1011 1655 δὲ
1045 1615 1157 1664 τέλος
1172 1615 1250 1670 ἤδη
1271 1614 1346 1669 εἶχε
1365 1615 1416 1657 τὰ
1436 1620 1508 1670 τῆς
1527 1613 1710 1670 τηνικάδε
1720 1621 1769 1656 20

248 1682 473 1738 ζητήσεως,
515 1680 658 1738 ὄρθιος
692 1681 870 1732 ἀναστὰς
896 1681 1028 1740 ῥιπτεῖ
1047 1683 1159 1739 παρὰ
1190 1684 1285 1734 τοὺς
1309 1688 1390 1726 τῶν
1421 1683 1556 1740 ἱερέων
1583 1682 1713 1734 πόδας

191 1757 223 1791 Β
249 1750 414 1803 ἔαυτόν,
450 1752 516 1792 καὶ
545 1749 570 1764 “
587 1750 677 1807 ἄρτι
708 1750 809 1804 μοι”
846 1750 923 1807 ἔφη
953 1749 1152 1807 “πατέρες
1179 1752 1298 1808 ἱεροί,
1332 1750 1450 1807 λόγος
1475 1753 1518 1793 ἐκ
1549 1755 1620 1804 τῆς
1639 1768 1714 1807 γυ·-

104 1827 137 1861 V
162 1828 228 1864 117
251 1821 511 1868 ναικονίτιδος
531 1813 681 1874 ἦλθεν,
717 1820 987 1874 ἕκτετρῶσθαι
1006 1817 1133 1860 παῖδά
1155 1837 1226 1874 μοι
1250 1820 1374 1875 λέγων
1394 1819 1566 1876 ἄρρενα,
1599 1821 1712 1875 μεγί-

247 1905 347 1943 στην
379 1889 522 1930 ἐλπίδα
554 1886 699 1943 ἔμοιγε.
767 1887 862 1929 ἀλλ’
895 1889 1085 1942 αἰτοῦμαι
1114 1888 1164 1943 δὴ
1193 1888 1266 1943 τὴν
1292 1886 1487 1946 ὑμετέραν
1507 1886 1711 1944 ἆγιότητα,

250 2075 363 2099 rerum
378 2061 600 2108 gerendarum
617 2073 754 2108 prorsus
769 2061 931 2108 imperiti:
962 2063 1002 2096 nt
1023 2061 1078 2107 qui
1100 2073 1173 2096 cum
1188 2061 1305 2096 Lucae
1328 2064 1364 2096 et
1380 2061 1592 2108 imperatoris
1605 2061 1710 2097 multo

249 2116 330 2145 ante
358 2110 523 2143 sententia
551 2109 662 2143 victos
692 2120 730 2143 se
759 2109 1002 2154 profiterentur
1027 2107 1296 2153 deprehensique
1317 2108 1359 2142 iis
1379 2113 1494 2143 essent
1508 2120 1530 2144 a
1544 2120 1627 2143 vera
1641 2108 1711 2143 fide

248 2155 369 2197 alieni,
401 2166 491 2188 nova
515 2161 627 2188 tamen
643 2154 780 2188 crimina
794 2154 829 2188 in
844 2165 918 2188 eum
934 2154 1149 2189 coniicerent.
1195 2155 1285 2188 unde
1298 2155 1424 2188 factum
1447 2154 1585 2200 opinor,
1617 2158 1656 2188 ut
1674 2158 1710 2188 et

247 2201 408 2247 princeps
433 2211 492 2234 eos
518 2201 708 2241 damnaret,
736 2200 827 2244 quod
849 2200 957 2234 animo
980 2200 1160 2234 affectibus
1185 2205 1431 2245 praeoccupato
1446 2200 1482 2233 in
1495 2200 1621 2233 Lucam
1636 2200 1710 2234 fer-

249 2252 379 2281 rentur.
428 2245 523 2279 “sed
555 2244 669 2279 haec”
698 2246 806 2290 inquit
838 2246 1072 2279 “differantur
1098 2245 1287 2291 tantisper:
1325 2246 1391 2279 ista
1416 2245 1534 2287 etiam,
1564 2245 1623 2279 ubi
1651 2256 1709 2279 res

275 2295 446 2326 raesentes
463 2291 723 2331 absolverimus,
755 2291 1030 2334 examinabimus,
1062 2295 1097 2325 et
1112 2292 1212 2325 finem
1226 2291 1268 2325 iis
1282 2291 1455 2325 decentem
1469 2289 1709 2335 imponemus.”

247 2305 301 2372 iiis
320 2338 437 2383 itaque
459 2337 583 2382 repulsi
606 2337 743 2370 decreta
760 2338 1017 2379 confirmarunt,
1050 2337 1172 2382 quibus
1186 2337 1258 2382 ipse
1274 2337 1374 2371 etiam
1389 2336 1584 2381 subscripsit
1601 2337 1710 2382 impe-

248 2390 357 2418 rator.
404 2383 519 2418 eadem
535 2394 616 2416 vero
635 2387 756 2428 postea
772 2383 939 2428 lapidibus
959 2383 1119 2429 inscripta
1132 2383 1165 2416 in
1179 2383 1303 2436 templo
1319 2385 1455 2416 sanctae
1473 2382 1519 2415 So
1545 2382 1620 2416 hiae
1634 2382 1709 2417 col-

247 2430 407 2464 locavere
432 2430 473 2463 ad
492 2427 748 2472 ingredientium
764 2434 893 2473 partem
908 2428 1087 2463 sinistram.
1134 2434 1236 2473 atque
1250 2433 1298 2462 lta
1312 2427 1408 2462 finita
1423 2433 1476 2461 est
1497 2427 1520 2461 il
1534 2439 1554 2462 a
1569 2431 1709 2462 contro·-

248 2476 374 2509 versia.
421 2475 505 2508 illud
521 2474 673 2519 equidem
689 2485 822 2519 semper
837 2474 1023 2508 huiusmodi
1038 2475 1071 2508 in
1087 2475 1188 2508 rebus
1201 2473 1291 2508 sensi
1304 2484 1345 2506 ac
1359 2473 1507 2515 credidi,
1536 2473 1591 2508 dei
1607 2479 1709 2508 natu-

247 2532 320 2555 ram
337 2520 498 2554 curiosius
513 2519 683 2564 inquirere
698 2519 821 2553 homini
836 2520 930 2553 nefas
947 2531 1035 2554 esse.
1082 2525 1229 2554 ceterum
1245 2518 1334 2564 quod
1348 2518 1381 2552 in
1397 2518 1548 2565 principe
1562 2519 1628 2553 isto
1644 2519 1709 2554 ad-

246 2566 422 2600 miratione
438 2566 571 2610 dignum
588 2565 664 2600 mihi
679 2565 786 2599 visum
805 2570 878 2607 est,
906 2577 994 2599 nunc
1019 2577 1194 2610 exponam.
1239 2564 1438 2609 disceptanti
1454 2565 1631 2610 aliquando
1647 2576 1707 2599 su-

243 2623 307 2658 per
323 2612 387 2645 hoc
401 2612 476 2665 ipso
494 2613 576 2655 (sex
593 2611 679 2644 enim
694 2616 787 2645 totos
802 2622 907 2646 annos
921 2611 1051 2656 agitata
1066 2615 1117 2645 est
1131 2623 1173 2645 ea
1186 2609 1364 2656 quaestio)
1380 2622 1558 2645 accurrens
1573 2611 1707 2656 quidam

245 2670 265 2692 e
279 2656 471 2692 domesticis
487 2657 643 2690 ministris
659 2659 846 2701 Augustam
861 2657 983 2691 fecisse
998 2657 1169 2699 abortum,
1202 2667 1243 2690 ac
1269 2655 1389 2690 deinde
1403 2656 1509 2702 prolis
1524 2657 1706 2700 masculae,

246 2703 281 2737 in
303 2714 416 2737 aurem
439 2702 673 2736 insusurravit.
721 2703 780 2736 sed
794 2703 850 2737 ille
865 2714 926 2736 nec
939 2703 1036 2736 vultu
1051 2703 1209 2736 affectum
1224 2701 1371 2746 prodens
1382 2728 1390 2740 ,
1415 2702 1456 2736 ad
1473 2714 1515 2737 ea
1530 2713 1618 2747 quae
1633 2706 1704 2736 tum

245 2749 519 2793 disceptabantur
534 2747 663 2781 intento
680 2759 813 2793 semper
827 2748 937 2782 animo
952 2748 1049 2781 sedit.
1081 2759 1148 2792 qua
1163 2753 1232 2781 tum
1247 2746 1343 2781 finita
1356 2747 1596 2793 disputatione,
1621 2753 1703 2783 ante

243 2794 455 2829 sacerdotum
469 2793 574 2838 pedes
590 2794 811 2838 procumbens
833 2793 962 2828 “modo
971 2793 990 2809 ’'
1010 2793 1119 2838 inquit
1141 2794 1291 2838 “patres
1307 2793 1431 2836 sancti,
1455 2794 1608 2828 adfertur
1623 2793 1703 2829 mihi

244 2853 287 2876 ex
301 2850 474 2886 gynaeceo
489 2838 613 2886 filium,
639 2850 734 2885 spem
748 2839 824 2875 mihi
838 2838 1013 2875 maximam
1023 2863 1035 2883 ,
1064 2839 1184 2875 abortu
1200 2838 1354 2885 periIsse.
1401 2839 1464 2876 sed
1484 2839 1700 2876 sanctitatem
