1878 3262
182 611 215 647 D

96 1224 126 1259 P
152 1225 220 1262 144

98 1554 130 1587 P
155 1556 221 1592 145

99 1599 133 1634 V
156 1604 223 1638 113

234 218 333 267 248
719 215 946 261 IOANNIS
979 216 1212 262 CINNAMI

233 350 348 379 τευον
368 331 516 374 ἂνεῖναι
538 328 678 374 λοιπὸν
698 329 872 386 βασιλέα
887 333 961 373 τοῦ
974 327 1114 384 χόλου.
1161 328 1184 372 ὅ
1204 330 1248 373 δὲ
1265 330 1311 374 τὸ
1330 331 1404 387 μέν
1419 333 1580 389 πρῶτον
1600 328 1700 374 ἀπέ-

236 408 343 458 λεγε·
372 399 557 442 ι“πολλοῦ
583 399 730 454 μέντᾶν
761 398 874 451 ἄξιον
901 398 995 454 εἶή”
1033 398 1156 454 λέγων
1182 396 1357 457 “ἂ’νδρες
1370 400 1629 458 πρεσβευταί,
1665 399 1708 442 εἶ’

235 487 296 520 τις
324 467 424 526 ἅπερ
454 467 662 526 ἀφῄρηται
687 467 789 524 ἤδη,
817 471 947 511 ταῦτα
969 465 1124 510 διδόναι
1144 467 1288 523 ἀξιοίη.
1356 467 1495 522 ἔχομεν
1515 469 1699 525 Σίρμιον,

235 539 434 592 ἐξείλομεν
461 535 648 592 Ζεύγμην
657 569 671 590 ,
699 534 928 592 Δαλμάτας
950 535 1029 591 ἤδη
1051 540 1297 593 κρατοῦμεν,
1323 534 1483 579 πάντων
1502 535 1701 587 καθάπαξ

238 604 454 663 γεγόναμεν
472 603 626 662 κύριοι,
661 599 716 648 ὧν
736 606 851 650 αὐτοὶ
872 603 1048 654 διδόντες
1067 603 1150 647 εἶτα
1173 605 1403 661 ἀφείλεσθε.
1471 598 1553 661 ἆρα
1569 606 1734 650 τοίνυν5

236 675 320 718 ἴστι
352 674 455 731 παρ’
486 672 581 728 ῧμῖν
609 676 779 731 Σίρμιον
807 674 965 730 ἕτερονς
1000 672 1084 716 ἔστι
1109 690 1187 715 που
1209 671 1372 729 Ζεύγμη
1393 673 1460 714 καὶ
1481 672 1702 727 Δαλματία

236 743 340 798 ἄλλη
355 775 368 795 ,
404 741 432 785 ἃ
458 742 633 793 διδόντες
653 747 725 785 νῦν
749 741 845 798 ἡμῖν
871 741 1014 797 ἥκετες
1055 744 1089 784 εἲ
1118 742 1192 796 μέν
1219 743 1327 793 ἐστι’,
1358 743 1512 791 δείξατε
1542 739 1612 796 δή,
1647 740 1703 792 ὥς

236 810 352 869 ἡμεῖς
373 828 416 868 γε
435 809 596 862 ’ὑπτίαις
616 811 761 855 αὐτίκα
778 809 1063 865 ὗποδεξόμεθα
1088 814 1217 854 ταῦτα
1243 812 1406 867 χερσίν,
1442 807 1589 860 εἰδότες
1614 811 1703 864 μέν,

237 879 294 931 ὡς
327 880 421 922 οὐδὲ
450 884 580 923 ταῦτα
606 878 701 923 ὅσον
727 880 773 924 τὸ
805 879 875 937 ἐφ’
903 878 1000 933 ὑμῖν
1027 879 1252 933 καθέξομεν
1276 879 1473 936 ἀσφαλῶς
1508 878 1704 933 (μέλησις

237 949 316 1006 γὰρ
347 946 444 1002 ὗμΐν
474 948 642 1003 οὐδεμία
670 946 803 991 πάντα
827 948 1130 1005 παρανομεῖν),
1167 947 1270 1004 αὐτῇ
1300 947 1343 989 δ’
1371 945 1482 1001 ὅμως
1503 945 1703 1001 ἲσχύϊσῦν
1716 953 1761 988 10

236 1021 325 1075 θεῷ
343 1014 470 1074 φάναι
487 1021 538 1075 τῇ
555 1016 670 1072 ἡμῶν
687 1015 820 1073 ὥσπερ
841 1018 907 1059 καὶ
927 1014 1080 1059 τούτων
1099 1014 1377 1073 κρατήσοντες.
1446 1017 1482 1058 εἰ
1508 1015 1552 1056 δὲ
1575 1019 1706 1057 ταῦτα

237 1086 311 1140 μὲν
339 1086 443 1142 παρ’
471 1083 567 1140 ἡμῖν
600 1085 692 1142 ἄρτι
722 1092 868 1137 κεῖται,
902 1083 998 1139 ὑμῖν
1027 1085 1070 1127 δ’
1095 1085 1210 1126 οὐδὲν
1235 1082 1515 1126 ὑπολέλειπται
1535 1075 1591 1125 ὧν
1613 1083 1707 1140 ἄρτι

240 1152 383 1196 δώσειν
424 1154 550 1211 φατέ,
598 1154 660 1195 ἐπὶ
697 1151 850 1208 τίσινῆ
884 1152 1112 1207 σύμβασις,-
1154 1151 1182 1207 ri)
1207 1154 1250 1194 τί
1276 1152 1321 1195 τὸ
1354 1150 1569 1202 διαλλάξον
1596 1150 1707 1206 ἡμᾶς

243 1221 413 1276 ε’σται,·”
485 1221 531 1264 τὸ
558 1223 631 1275 μέν
653 1222 703 1275 δὴ
722 1226 882 1279 πρῶτον
902 1220 1030 1271 οὕτως
1050 1221 1196 1271 αὐτοὺς
1213 1221 1414 1275 ἠμείψατο
1424 1252 1437 1271 ,
1463 1220 1708 1274 μεταβαλὼν

240 1291 283 1333 <5²
302 1290 448 1332 ’ἔπειτα
476 1288 558 1332 “cn
587 1291 599 1306 ²
623 1290 724 1332 “wa'’
763 1290 840 1347 ἔφη
869 1287 1046 1345 ((γνιῦτε,
1082 1287 1137 1339 ὥς
1161 1295 1308 1345 προῖκα
1338 1287 1432 1342 ὑμῖν
1457 1289 1705 1330 σπείσασθαι
1717 1290 1760 1327 15

237 1359 413 1413 θέλομεν
429 1361 694 1415 Χριστιανοΐς
713 1353 847 1410 οὖσιν,
885 1358 953 1413 ἄγε
973 1358 1146 1413 γινέσθω
1167 1357 1217 1399 τὰ
1240 1356 1403 1413 “inula'‘
1474 1354 1495 1398 ὃ
1516 1357 1709 1410 βασιλεὺς

238 1428 313 1482 μὲν
340 1432 521 1470 τοσαῦτα
551 1425 677 1479 εἶπεν,
707 1427 745 1469 οἵ
775 1428 818 1469 δὲ
846 1425 1027 1480 διώμοτα
1054 1424 1186 1467 πάντα
1211 1426 1376 1480 θέμενοι
1403 1423 1707 1481 ἀπηλλάγησαν,

239 1498 307 1539 καὶ
328 1494 348 1537 ὃ
368 1495 561 1551 βασιλεὺς
579 1495 717 1538 λοιπὸν
736 1496 799 1537 ἐπὶ
817 1493 1041 1546 ,Βυζάντιον
1058 1489 1200 1549 ἦλθεν.

387 1564 462 1608 17.
523 1563 633 1618 ’Ήδη
653 1565 696 1605 δὲ
717 1565 783 1605 καὶ
796 1562 982 1617 Ἰωάννης
1002 1561 1022 1604 ὅ
1046 1560 1214 1611 Δούκας
1233 1559 1478 1613 Δαλματίαν
1495 1575 1708 1616 παραστη-

243 1628 418 1685 σάμενος
448 1629 674 1689 Νικηφόρῳ
703 1635 762 1689 τῷ
791 1629 999 1688 Χαλούφῃ
1028 1628 1178 1684 ταύτην
1204 1629 1429 1685 παρέθετο,
1476 1626 1581 1670 οὕτω
1601 1628 1765 1685 πρὸςὲο

239 1700 441 1752 βασιλέως
470 1700 768 1754 ἀπεσταλμένον
799 1700 923 1757 αὖτῷ.
991 1698 1102 1755 ἔφθη
1128 1697 1206 1753 γὰρ
1234 1696 1356 1739 αὐτὸν
1382 1695 1598 1750 δυνάμεσιν
1620 1695 1709 1750 ἅμα.

241 1769 422 1811 ἐνταῦθα
444 1772 599 1812 στεῖλαι
620 1769 691 1825 ἐφ’
716 1762 748 1827 ᾧ
769 1766 796 1822 ἢ
815 1769 888 1827 βία
909 1766 934 1822 ἢ
954 1765 1147 1827 ὁμολογία
1166 1763 1317 1820 ταύτην
1337 1763 1459 1817 ἑλεῖν,
1493 1768 1575 1808 τῶν
1600 1763 1709 1808 Οὕν-

331 1886 365 1921 9.
389 1883 557 1932 μέλησις]
582 1886 699 1922 Malim
720 1884 900 1931 μέλλησις.

239 1987 385 2030 ratoris,
430 1989 588 2024 mandata
631 2000 819 2034 exposuere
857 1997 1110 2032 rogavereque‚
1155 1990 1195 2021 ut
1225 1986 1311 2021 iram
1342 1985 1542 2021 remitteret.
1587 1985 1623 2020 id
1651 1985 1711 2020 ine

242 2033 351 2079 primo
377 2035 517 2078 negavit
547 2037 569 2054 ‘4
583 2034 654 2070 rem
670 2041 763 2069 certe
780 2046 932 2078 magnam
946 2033 967 2049 ’'
998 2033 1152 2078 inquiens
1183 2034 1206 2051 ‘⁶
1219 2033 1435 2066 confecturus
1448 2032 1504 2065 ille
1520 2035 1628 2071 esset,
1659 2031 1713 2066 le-

242 2078 338 2122 gati,
373 2079 401 2112 si
419 2091 505 2124 quae
519 2081 585 2116 iam
602 2082 714 2115 ablata
733 2086 828 2122 sunt,
858 2091 899 2113 ea
916 2090 1044 2114 rursum
1062 2080 1189 2112 donare
1204 2079 1319 2113 vellet.
1364 2078 1524 2111 habemus
1539 2076 1710 2122 Sirmium,

242 2124 392 2169 cepimus
407 2125 595 2170 Zeugmen‚
619 2127 792 2161 Dalmatas
807 2130 978 2167 tenemus,
1006 2136 1188 2169 eorumque
1203 2124 1335 2158 omnino
1351 2122 1472 2156 domini
1486 2123 1569 2156 facti
1583 2133 1711 2165 sumus,

243 2180 331 2214 quae
347 2170 444 2204 vobis
460 2178 580 2216 erepta
595 2173 694 2206 etiam
711 2172 896 2206 concedere
911 2183 998 2205 nunc
1014 2170 1125 2204 vultis.
1174 2176 1271 2204 estne
1289 2181 1370 2213 ergo
1386 2169 1526 2202 alterum
1540 2168 1630 2212 apud
1646 2178 1711 2202 vos

245 2215 426 2258 Sirmium,
455 2220 490 2250 et
512 2218 620 2251 altera
635 2218 804 2262 Zeugme‚
832 2217 1069 2261 Dalmatiaque
1091 2215 1177 2260 alia,
1209 2226 1297 2260 quae
1320 2214 1415 2248 nobis
1436 2213 1592 2247 tradituri
1607 2213 1710 2248 sitis?

230 2260 273 2295 vsi
289 2261 440 2302 habetis,
471 2274 510 2296 ea
527 2263 621 2296 nobis
638 2263 825 2305 ostendite,
852 2268 891 2296 ut
906 2264 990 2296 haec
1006 2263 1133 2307 apertis
1150 2261 1304 2295 continuo
1320 2259 1472 2294 manibus
1488 2259 1708 2303 excipiamusa

243 2317 331 2355 quae
347 2307 478 2351 quidem
497 2308 560 2343 etsi
576 2308 666 2342 haud
682 2314 756 2342 tuto
771 2320 832 2342 nos
848 2319 1060 2353 possessuros
1075 2307 1216 2341 sciamus
1249 2305 1400 2351 (quippe
1421 2310 1541 2338 contra
1557 2304 1609 2338 ius
1635 2306 1712 2339 fas-

243 2362 310 2396 que
327 2364 429 2396 agere
445 2354 536 2388 nulla
551 2354 648 2388 vobis
664 2360 717 2388 est
733 2354 839 2397 cura)
871 2354 987 2387 iisdem
1011 2358 1123 2387 tamen
1149 2352 1274 2386 nostris
1296 2351 1423 2385 viribus
1435 2375 1445 2393 ‚
1477 2350 1541 2383 deo
1557 2350 1708 2394 iuvante,

242 2401 282 2431 ut
304 2401 340 2432 et
364 2398 430 2432 ista
456 2400 636 2434 tuebimur.
682 2400 710 2433 si
727 2411 807 2443 ergo
825 2400 910 2432 haec
923 2404 1037 2432 nostra
1060 2403 1155 2442 sunt,
1186 2397 1332 2441 nihilque
1349 2395 1448 2430 vobis
1466 2396 1604 2440 amplius
1617 2396 1651 2430 in
1666 2396 1709 2430 iis

241 2442 324 2476 iuris
349 2448 419 2487 est,
451 2456 540 2490 quae
563 2457 624 2479 vos
650 2444 790 2479 daturos
814 2444 943 2485 dicitis,
975 2445 1095 2488 quibus
1118 2443 1358 2477 conditionibus
1380 2444 1479 2486 pacta
1506 2442 1620 2475 fient?
1649 2444 1710 2476 aut

243 2489 323 2532 quid
339 2489 422 2523 illud
439 2491 505 2524 erit
516 2516 526 2533 ,
558 2491 647 2536 quod
662 2502 725 2524 vos
743 2490 841 2524 nobis
858 2489 1108 2524 reconciliet?'’
1151 2489 1191 2522 iis
1209 2487 1341 2533 quidem
1356 2486 1563 2520 sermonibus
1577 2487 1710 2531 legatos

242 2534 382 2578 primum
400 2541 452 2569 est
468 2537 650 2571 allocutus:
678 2536 756 2570 inde
771 2540 974 2570 commutata
993 2535 1148 2569 oratione
1159 2560 1169 2576 ‚
1195 2533 1286 2567 “sed
1301 2537 1340 2566 ut
1355 2532 1467 2566 sciatis
1477 2531 1497 2547 ’'
1513 2532 1560 2566 nit
1575 2533 1709 2577 “quam

242 2578 391 2614 libenter
406 2582 597 2625 vobiscum,
623 2582 679 2627 qui
695 2581 875 2615 Christiani
889 2581 972 2614 estis
986 2581 1125 2614 velimus
1141 2578 1284 2624 pacisci,
1306 2577 1451 2621 agedum
1463 2602 1473 2618 ‚
1500 2582 1710 2612 sacramenta

243 2623 369 2659 fiant.''
406 2626 568 2661 hactenus
583 2629 779 2673 imperator.
816 2627 863 2660 illi
878 2638 962 2660 vero
979 2626 1090 2660 omnia
1103 2623 1313 2659 iureiurando
1329 2624 1501 2658 firmantes
1513 2634 1707 2659 recessere:

239 2669 315 2716 ipse
329 2674 439 2706 autem
458 2673 613 2717 princeps
630 2673 828 2716 Byzantium
844 2677 897 2706 est
911 2683 1079 2706 reversus.

338 2718 390 2753 17.
440 2718 526 2751 Cum
543 2719 685 2752 Ioannes
707 2719 823 2753 Ducas
850 2718 1054 2752 Dalmatiam
1077 2717 1305 2750 Romanorum
1330 2713 1469 2759 imperio
1496 2713 1709 2758 asseruisset,

242 2760 439 2806 Nicephoro
457 2763 652 2809 Chaluphae
665 2789 675 2806 ,
706 2763 980 2808 quemadmodum
996 2763 1028 2795 ei
1044 2774 1064 2796 a
1079 2761 1232 2806 principe
1246 2760 1434 2794 mandatum
1450 2761 1562 2794 fuerat
1574 2785 1584 2802 ,
1613 2759 1711 2793 istius

240 2806 525 2842 administrandae
550 2820 662 2842 curam
685 2809 855 2853 imposuit.
903 2819 943 2842 eo
959 2808 1044 2841 enim
1060 2807 1175 2840 fuerat
1190 2817 1262 2839 cum
1279 2806 1385 2850 copiis
1401 2806 1520 2840 missus
1531 2830 1543 2848 ,
1573 2809 1611 2839 ut
1635 2804 1710 2839 sive

238 2863 302 2898 per
316 2853 382 2889 vim
398 2854 471 2889 sive
485 2866 548 2901 per
563 2854 772 2890 conditiones
787 2855 877 2890 illam
892 2853 926 2888 in
942 2857 1145 2899 potestatem
1160 2851 1348 2897 redigeret:
1373 2852 1466 2899 quod
1480 2852 1567 2887 hanc
1580 2850 1711 2886 scilicet
