1878 3262
639 358 1168 437 sEnEmssmAE

173 498 747 564 SUECORUM,
811 500 1461 552 GoTTHoRUM
1521 501 1630 552 ET

542 591 1275 642 WANDALORUM

307 703 428 761 RE
453 703 758 761 GINAE
842 702 1504 779 CHRISTINAE;

376 833 776 878 *RELICTO
834 833 931 877 OB
983 831 1412 878 PIETATEM'

763 924 1053 977 REGNO,

611 1030 843 1067 ROMAM
886 1031 1206 1069 ADEUNTI.

312 1282 472 1350 Roma
490 1307 758 1366 triumphales
775 1309 965 1352 festivior
981 1309 1135 1351 instrue
1152 1324 1339 1367 pompas,

385 1385 428 1418 et
447 1392 581 1419 novus
605 1379 770 1434 antiqua
794 1387 917 1419 certet
938 1379 982 1419 in
1005 1379 1104 1419 urbe
1127 1378 1271 1420 decor:

315 1462 398 1488 non
417 1447 483 1486 hic
499 1460 720 1499 regnorum
738 1446 935 1488 domitrix
954 1446 1124 1488 Bellona
1147 1448 1391 1505 triumphos,

384 1515 495 1555 orbis
516 1517 567 1555 ab
586 1515 749 1556 excidio
770 1517 879 1555 nulla
901 1523 1070 1572 tropaea
1087 1517 1203 1572 petit.

315 1591 401 1624 arte
420 1597 530 1624 nova
550 1585 682 1640 pietas
703 1585 853 1635 vincit,
889 1585 984 1639 quia
1007 1593 1164 1640 sceptra
1182 1592 1355 1636 recusat,

381 1666 586 1707 regnaque
608 1668 692 1694 non
710 1666 896 1709 pugnans
909 1684 920 1704 ,
955 1651 1030 1693 sed
1049 1653 1222 1705 fugitiva
1243 1652 1400 1695 domat.

315 1720 453 1761 inclita
475 1721 681 1762 maiorum
695 1752 706 1772 ‚
739 1722 857 1773 virgo
870 1752 882 1772 ‚
921 1719 1020 1762 dum
1042 1730 1200 1778 sceptra
1220 1722 1429 1778 relinquis,

385 1797 543 1844 sceptra
564 1790 624 1830 tui
644 1790 794 1832 victrix
815 1790 1018 1830 nobiliora
1046 1791 1182 1846 capis3

319 1855 493 1897 subdere
511 1871 636 1909 regna
655 1859 736 1898 sibi
754 1872 949 1910 magnum
972 1866 1057 1910 est,
1093 1872 1166 1898 sua
1189 1858 1373 1915 linquere
1392 1857 1550 1909 maiu53

386 1925 551 1966 vincere
574 1924 823 1966 Christinam
842 1940 926 1965 non
946 1926 1029 1966 nisi
1048 1928 1136 1967 sola
1155 1935 1289 1983 potes.

321 2006 417 2045 ergo
439 2001 552 2033 tuum
571 1994 757 2045 geminas
773 1995 923 2034 victrix
946 2002 987 2034 et
1006 1995 1115 2035 victa
1135 1996 1400 2053 triumphum,

390 2061 624 2118 praedaque
644 2063 817 2103 victricis
839 2061 996 2102 duceris
1015 2062 1107 2119 ipsa
1127 2064 1207 2104 tui:

322 2137 408 2170 tute
425 2131 502 2170 tibi
518 2131 655 2187 palma
678 2145 722 2171 es
741 2131 889 2172 victrix
906 2139 947 2170 et
961 2131 1069 2172 victa
1088 2139 1315 2188 tropaeum,

393 2206 434 2238 et
455 2199 633 2255 spolium
649 2213 775 2251 regno
797 2199 931 2239 maius
952 2213 996 2239 es
1014 2200 1104 2255 ipsa
1121 2208 1206 2242 tuo.

325 2275 474 2322 quanta
496 2275 559 2308 est
579 2268 803 2318 vincentis,
840 2268 878 2308 si
903 2275 1011 2307 tanta
1035 2276 1098 2309 est
1114 2270 1242 2322 gloria
1261 2270 1425 2311 victae?

395 2343 438 2377 at
455 2337 577 2378 simul
595 2345 637 2378 et
655 2337 768 2379 vinci
788 2343 829 2376 et
848 2336 1012 2378 vincere
1031 2346 1180 2393 quanta
1201 2339 1307 2380 suit?

713 2471 952 2516 IOANNES
985 2472 1250 2516 BAPTISTA
1284 2471 1594 2523 GIATTINUS,

1014 2578 1038 2605 e
1073 2565 1168 2608 Soc.
1201 2564 1312 2607 Iesu.
