1878 3262
290 222 384 268 146
775 216 999 261 IOANNIS
1033 216 1261 261 CINNAMI

287 355 367 381 ’των
392 341 474 384 τοῖς
501 331 706 387 πολεμίοις
740 328 1025 382 ἀντιτάξεσθαι
1063 329 1252 386 ἔγνωσαν.
1330 331 1459 382 ἱππεῖς
1482 330 1615 374 τοίνυν
1641 329 1741 389 ὑπὲρ

288 405 382 453 τοὺς
402 403 630 451 διακοσίους
648 398 913 457 ἐκδραμόντες
939 399 1025 454 ἅμα
1046 401 1177 451 πεζοῖς
1200 399 1375 441 πλείοσιν
1399 399 1426 454 ἢ
1437 401 1602 454 χιλίοις,
1637 398 1743 454 πλή-

287 477 391 520 θους
414 472 692 528 σφενδονητῶν
716 469 946 525 ἀναρίθμου
974 465 1140 510 κατόπιν
1161 467 1297 517 αὐτοῖς
1317 465 1507 521 ἑπομένου
1517 501 1531 521 ,
1573 467 1651 524 πρὸ
1670 472 1742 522 τῆς

286 538 438 589 πόλεως
467 538 651 594 ἔστησαν.
721 535 854 591 ἐπειδή
883 554 924 579 τε
960 535 1091 592 ἥμέρα
1120 535 1197 591 ἤδη
1225 530 1298 590 ἦν,
1340 536 1503 586 ἐπιστὰς
1530 534 1741 585 ὃΛούκας

283 607 382 664 ὑπὲρ
399 606 523 661 ἣμισυ
550 607 623 660 μὲν
640 608 720 648 τῶν
743 609 998 662 στρατιωτῶν
1018 603 1140 654 αὐτὸς
1165 603 1276 658 ἴσχε,
1310 603 1356 646 τὸ
1375 604 1415 645 δ’
1439 602 1537 645 ἄλλο
1563 606 1618 654 εἷς
1636 612 1774 661 προ-5

283 675 411 730 νομὴν
429 679 509 718 τῶν
539 675 652 732 πέριξ
671 673 893 723 ἓξέστειλεν.
961 673 1022 730 ᾔει
1051 674 1183 715 τοίνυν
1205 675 1298 727 διχῆ
1319 671 1460 714 διελών
1482 671 1527 714 τὸ
1547 671 1741 730 στράτευ-

281 758 364 798 μα·
400 744 446 786 οὗ
466 743 548 798 μὴν
571 745 638 784 καὶ
659 742 861 795 συνέμιξεν
880 743 921 783 ἓν
947 746 1006 799 τῷ
1028 742 1257 799 παραυτίκα
1273 741 1599 791 Μονοπολίταις,
1636 741 1741 782 ἀλλὰ

283 816 421 867 σχῆμα
441 815 512 866 τῆς
529 814 609 853 τῶν
638 811 797 864 τειχέων
817 813 943 865 δῆθεν
966 809 1202 864 ποιούμενος
1219 813 1487 863 κατασκοπῆς,
1513 807 1649 863 βάδην
1667 809 1742 862 μὲν

281 879 420 937 ε”χώρει
442 880 487 922 τὸ
506 883 665 936 πρῶτον
688 880 750 920 ἐπὶ
769 879 917 936 μέρους
934 878 1006 933 τὴν
1025 877 1140 920 πόλιν
1160 881 1285 933 δῆθεν
1310 882 1573 935 περισκοπῶν.
1607 877 1743 919 ἔπειτα

231 957 262 991 Β
286 949 416 990 οὐδενὶ
434 948 667 1005 προρρηθὲν
687 945 899 1003 τριάκοντα
916 951 996 989 τῶν
1014 947 1126 1004 ἀμφ’
1150 946 1272 988 αὐτὸν
1293 947 1462 989 ἕπεσθαι
1473 945 1545 1000 τὴν
1566 945 1630 986 ἐπὶ
1648 945 1743 995 τοὺς
1754 949 1799 984 10

280 1017 494 1070 πολεμίους
524 1013 852 1071 ἐγκελευσάμενος
890 1015 993 1058 κατὰ
1026 1016 1160 1069 μέσων
1195 1015 1329 1057 αὐτῶν
1358 1016 1478 1056 ἵεται.
1546 1013 1584 1055 οἳ
1609 1014 1653 1055 δὲ
1683 1017 1743 1071 τῷ

281 1083 426 1142 ἀθρόῳ
450 1084 766 1138 καταπλαγέντες
787 1086 841 1134 εἷς
859 1084 990 1140 φυγὴν
1010 1083 1166 1125 ἔκλιναν
1176 1116 1189 1136 ,
1226 1082 1247 1125 ὃ
1274 1084 1317 1125 δὲ
1337 1083 1384 1125 οὗ
1405 1080 1600 1140 πρότερον
1621 1081 1742 1135 ἀνῆκε

281 1151 436 1195 διώκων
456 1153 548 1209 πρὶν
576 1150 602 1205 ἢ
632 1158 719 1200 ταῖς
747 1156 819 1206 τῆς
846 1150 999 1201 πόλεως
1026 1150 1171 1202 πύλαις
1193 1150 1382 1208 φεύγουσι
1403 1151 1650 1193 συνεισέπεσε
1673 1150 1741 1191 καὶ

281 1221 403 1270 αὐτὸς
429 1220 497 1262 ἕνα
521 1237 561 1261 τε
592 1221 809 1277 δορατίσας
838 1219 947 1270 ἐντὸς
976 1224 1113 1262 πυλῶν
1133 1222 1189 1270 εἷς
1213 1224 1286 1275 γῆν
1305 1219 1436 1275 ἔβαλε.
1505 1223 1579 1260 τοῦ
1597 1220 1742 1260 λοιποῦ

280 1290 324 1331 δὲ
354 1288 448 1338 τοὺς
477 1286 705 1337 ἑαλωκότας
730 1288 955 1345 ἀνειληφὼς
983 1289 1135 1330 ἐκεῖθεν
1161 1286 1380 1343 ἀνεζεύγνυ.
1446 1286 1524 1341 ἤδη
1550 1287 1592 1328 δὲ
1608 1288 1674 1328 καὶ
1693 1285 1739 1328 τὸ
1753 1292 1796 1330 15

279 1356 379 1398 ἄλλο
399 1355 631 1412 στράτευμα
650 1357 796 1406 ἱκανῶς
807 1360 886 1398 τῶν
903 1354 1034 1413 κύκλῳ
1054 1355 1316 1412 καταδραμόν
1337 1355 1411 1398 σὺν
1427 1354 1637 1411 ὠφελείαις
1649 1354 1742 1397 ἀνέ-

277 1440 468 1482 στρεφεν,
505 1424 528 1465 ὃ
562 1426 629 1466 καὶ
659 1424 757 1466 αὐτὸ
786 1424 859 1466 σὺν
886 1429 943 1482 τῷ
971 1423 1116 1483 Λούκα
1147 1426 1187 1474 ἒς
1211 1427 1343 1481 Βᾶριν
1373 1418 1511 1479 ἦλθεν.
1582 1423 1623 1464 ἓν
1643 1417 1676 1480 ᾧ
1697 1423 1741 1465 δὲ

277 1497 407 1535 ταῦτα
428 1493 576 1548 ἐγένετο
587 1525 600 1544 ,
634 1493 821 1549 πρέσβεις
838 1493 939 1549 πρὸς
958 1497 1030 1534 τοῦ
1042 1491 1199 1547 Ῥώμης
1217 1493 1431 1549 ἀρχιερέως
1449 1492 1512 1532 ἐπὶ
1531 1490 1626 1541 τοὺς
1638 1489 1741 1533 ‘Pm-

276 1562 409 1613 μαίων
438 1555 570 1614 ἦλθον
603 1558 875 1616 στρατηγούς,
922 1560 967 1601 ὃν
999 1559 1136 1602 πάπαν
1166 1562 1366 1610 Λατίνοις
1402 1557 1608 1612 ὀνομάζειν
1643 1558 1742 1609 ἔθος

276 1628 394 1670 ἐστίν.
464 1626 649 1682 ἐβούλετο
680 1628 723 1670 δὲ
763 1628 899 1678 αὐτοῖς
926 1625 951 1682 ἦ
982 1629 1173 1684 πρεσβεία
1194 1628 1220 1683 ἢ
1245 1628 1370 1685 ἄμφω
1386 1626 1412 1682 ἢ
1430 1627 1499 1669 τὸν
1517 1627 1586 1668 ἕνα
1604 1626 1794 1669 αὖτῶνΞΟ

227 1706 258 1740 C
282 1697 346 1737 ἐπὶ
370 1693 529 1750 Ῥώμην
558 1696 713 1747 ἐλθεῖν,
752 1698 841 1752 περὶ
868 1694 1051 1751 μεγάλων
1085 1701 1143 1754 τῷ
1180 1697 1362 1753 ἀρχιερεῖ
1387 1692 1739 1749 κοινωνησόμενον.

273 1763 352 1818 ’ἤδη
375 1764 452 1820 γὰρ
473 1764 668 1820 (ἔφασαν)
691 1762 879 1817 δυνάμεις
897 1762 951 1813 ὡς
965 1765 1151 1815 πλείστας
1171 1765 1292 1814 αὐτὸς
1311 1761 1741 1820 ἠθροικώςῬωμαιόις

275 1830 555 1885 συμμαχήσειν
590 1833 631 1872 ἓν
662 1836 898 1888 παρασκευῇ
923 1832 1091 1887 γέγονεν.
1160 1833 1198 1874 οἳ
1226 1833 1269 1874 δὲ
1294 1831 1503 1886 Ῥωμαίων
1522 1833 1739 1888 στρατηγοὶ

276 1899 377 1957 πρὸς
393 1900 467 1954 μὲν
484 1903 602 1942 τοῦτο
623 1898 858 1957 γράμμασιν
882 1900 1114 1953 ἀπείπαντο,
1148 1898 1397 1943 Βασιλάκιον
1413 1900 1459 1944 δέ
1474 1916 1562 1942 τινα
1581 1900 1623 1950 ἐς
1641 1898 1736 1950 τούς

369 2019 425 2055 16,
451 2017 610 2064 ἱκανῶς]
631 2018 687 2053 Ita
707 2018 795 2053 Duc.
821 2017 910 2053 Cod.
935 2017 1084 2053 ἱκανῶν.

276 2117 350 2152 fieri
367 2120 502 2163 poterat
523 2118 746 2154 resistendum
766 2119 855 2154 hosti
869 2119 1009 2154 censuit.
1054 2119 1184 2166 equites
1199 2120 1316 2166 itaque
1329 2120 1465 2155 ducenti
1479 2123 1514 2155 et
1528 2130 1630 2166 supra
1643 2118 1734 2154 mille

275 2163 408 2210 pedites
419 2188 430 2205 ‚
454 2168 490 2197 et
516 2170 651 2208 praeter
667 2166 728 2199 hos
745 2165 863 2210 ingens
876 2166 1080 2199 funditorum
1099 2167 1275 2200 multitudo
1291 2179 1367 2201 sese
1391 2178 1452 2212 pro
1468 2166 1575 2212 portis
1591 2165 1734 2200 obloca—

275 2215 367 2243 runt.
414 2211 490 2242 orto
518 2209 583 2242 iam
609 2209 663 2242 die
677 2211 791 2245 Ducas
808 2223 880 2245 cum
897 2212 1028 2245 dimidia
1045 2212 1213 2246 exercitus
1228 2217 1324 2257 parte
1339 2212 1511 2254 succedit,
1533 2210 1663 2255 reliqua
1687 2211 1732 2246 ad

274 2253 495 2288 incursandos
517 2254 790 2289 circumiacentes
814 2268 915 2300 agros
939 2257 1085 2291 dimissa.
1132 2258 1224 2292 venit
1245 2257 1349 2301 igitur
1371 2257 1485 2291 divisis
1499 2256 1655 2289 bifariam
1671 2267 1733 2290 eo-

275 2299 360 2346 piis,
393 2310 503 2344 neque
524 2303 635 2334 tamen
655 2300 925 2346 Monopolitanos
945 2303 1104 2337 continuo
1130 2308 1183 2337 est
1209 2313 1399 2347 aggressus,
1428 2312 1546 2335 verum
1561 2306 1731 2346 tamquam

275 2345 407 2380 moenia
430 2345 662 2390 speculaturus
687 2346 778 2380 lento
806 2347 945 2391 primum
968 2348 1146 2382 incedebat
1166 2359 1303 2392 gressu,
1328 2352 1363 2381 et
1386 2347 1480 2381 velut
1495 2346 1651 2392 oppidum
1666 2358 1732 2393 per

276 2394 394 2440 partes
421 2390 669 2436 exploraturus,
715 2392 836 2426 deinde
860 2404 975 2426 eorum
993 2405 1080 2438 quae
1094 2394 1128 2428 in
1144 2398 1254 2428 mente
1271 2396 1368 2427 erant
1382 2392 1462 2426 nihil
1479 2392 1623 2437 prodens
1637 2418 1647 2435 ‚
1672 2404 1731 2427 as-

276 2436 418 2481 sumptis
433 2447 477 2470 ex
503 2435 572 2469 suis
597 2436 734 2481 triginta
752 2437 784 2470 in
800 2437 927 2471 medios
941 2439 1055 2472 hostes
1076 2440 1255 2473 invehitur.
1302 2439 1350 2472 illi
1364 2449 1402 2472 re
1416 2438 1526 2472 subita
1539 2438 1732 2483 perturbati

274 2482 392 2525 fugam
406 2481 542 2515 ineunt:
566 2493 628 2516 nec
644 2482 799 2527 persequi
814 2487 892 2516 ante
910 2483 1163 2518 destititDucas
1173 2513 1183 2530 ‚
1208 2485 1313 2518 donec
1327 2483 1371 2517 ad
1386 2483 1477 2517 urbis
1492 2494 1597 2527 usque
1613 2488 1730 2528 portas

275 2526 482 2570 fugientibus
497 2538 713 2571 progressus,
736 2539 834 2562 unum
850 2540 894 2562 ex
908 2529 1060 2563 hostibus
1076 2531 1171 2564 hasta
1185 2530 1379 2564 transfixum
1393 2529 1437 2562 ad
1453 2534 1578 2562 terram
1593 2529 1729 2564 deiecit.

274 2571 353 2605 inde
378 2571 529 2606 collectis
552 2573 695 2618 captivis
722 2574 896 2608 abscessit.
941 2574 1074 2619 iamque
1097 2576 1196 2610 etiam
1211 2576 1319 2609 altera
1332 2585 1411 2620 pars
1426 2574 1594 2608 exercitus
1608 2575 1643 2608 in
1659 2574 1729 2609 cir-

277 2616 503 2650 cumiacentes
529 2628 630 2662 agros
656 2618 747 2653 facta
770 2619 984 2664 excursione,
1017 2632 1089 2654 cum
1114 2632 1180 2654 non
1195 2620 1331 2654 modicis
1345 2619 1423 2653 inde
1436 2620 1565 2653 avectis
1581 2619 1727 2665 praedis,

275 2673 343 2696 una
357 2673 429 2696 cum
444 2663 550 2704 Duca,
575 2663 688 2698 Barim
703 2662 814 2700 rediit.
859 2665 990 2700 interea
1013 2665 1114 2710 legati
1132 2677 1153 2699 a
1170 2667 1319 2700 Romano
1335 2664 1514 2710 pontifice,
1545 2677 1642 2710 quem
1658 2677 1726 2711 pa-

273 2718 353 2786 pam
375 2707 546 2760 appellare
568 2708 678 2742 solent
692 2710 828 2752 Latini,
850 2711 895 2744 ad
918 2711 1144 2745 Romanorum
1163 2711 1265 2744 duces
1280 2709 1371 2743 missi
1385 2722 1584 2755 pervenere.
1629 2721 1724 2746 mens

289 2752 451 2797 egatioms
468 2758 561 2793 erat,
583 2757 621 2786 ut
636 2754 691 2787 vel
707 2759 847 2800 uterque
858 2781 868 2798 ‚
891 2756 948 2790 vel
962 2767 1074 2790 eorum
1091 2757 1176 2790 alter
1190 2756 1330 2789 Romam
1345 2755 1501 2798 veniret,
1527 2767 1593 2801 quo
1609 2756 1652 2790 de
1665 2767 1724 2791 re-

273 2799 338 2832 bus
353 2797 482 2832 maioris
497 2799 653 2832 momenti
667 2799 808 2834 invicem
824 2806 976 2843 agerent.
1023 2801 1159 2835 aiebant
1173 2801 1297 2846 quippe
1312 2800 1504 2846 ingentibus
1520 2801 1646 2836 coactis
1661 2812 1724 2836 co-

274 2844 356 2891 piis,
383 2843 427 2878 ad
441 2842 599 2879 socIanda
622 2854 696 2879 cum
722 2845 878 2881 Romanis
893 2857 985 2882 arma
1001 2857 1075 2881 esse
1098 2846 1163 2882 lam
1179 2851 1345 2892 paratum.
1387 2847 1424 2881 id
1439 2847 1572 2893 quidem
1585 2846 1722 2893 scriptia
