1878 3262
533 189 844 234 PRAEFATIO
878 189 1046 234 PETRI
1079 186 1310 232 Possm.
1507 161 1515 168 ’
1574 199 1660 229 xm

195 309 314 359 tiam,
348 313 395 347 ut
420 319 570 358 negare
602 305 691 364 ipsi·
713 304 816 345 nibil
838 311 992 361 posset.
1061 303 1278 360 impetrata
1298 300 1422 354 igitur
1438 300 1483 341 in
1502 313 1656 357 paucos

194 375 283 418 dies
302 375 552 433 optatissimi
570 375 647 414 mil
660 389 674 413 1
693 372 844 413 codicis
862 387 983 413 usura
1001 371 1267 428 cupidissime
1282 369 1499 411 advolavit
1516 369 1570 409 ad
1589 383 1659 410 me

192 459 239 485 ac
268 452 400 485 totum
429 442 763 500 inopinatissimo
791 440 942 494 gaudio
972 439 1163 498 perfudit.
1229 441 1332 480 liber
1359 446 1446 478 erat
1474 452 1498 478 e
1521 438 1658 478 charta

191 514 317 554 lintea
343 513 604 569 perantiquus
619 543 629 562 ,
651 517 707 555 ¹et
721 523 869 550 manus
888 509 1205 558 transmarinae,
1242 522 1365 563 quem
1381 507 1521 548 statim
1540 507 1659 548 evol-

193 596 296 622 vens
324 580 587 623 avidissime„
625 578 668 619 in
695 592 746 619 eo
774 578 906 634 reperi
925 578 1051 617 libros
1077 574 1310 631 quindecim
1330 575 1554 616 Alexiados
1573 575 1660 615 An-

192 665 270 691 nae
292 651 497 701 integros,
524 661 598 687 nec
619 647 758 702 paucis
779 646 880 687 locis
902 647 954 686 ab
973 660 1022 686 eo
1043 645 1269 700 exemplari
1290 643 1397 684 unde
1412 652 1552 684 nostra
1573 643 1661 684 iam

191 726 283 757 trus.
303 713 505 769 prodierat
523 714 673 766 editio,
703 714 904 757 diversos.
973 714 1194 770 praefatio,
1225 727 1350 768 quam
1371 727 1424 752 ex
1444 712 1660 753 Hoesche-

200 782 318 822 lianis
352 784 551 839 excerptis
585 784 859 839 sumpsimus,
895 781 1053 833 deeratt,
1103 780 1178 822 sed
1207 781 1428 822 exhibebat
1454 782 1541 821 eius
1566 781 1659 822 loco

197 849 301 890 bene
320 851 486 902 longum
506 866 631 908 opus,
669 851 961 907 ἀνεπίγραφον,
988 848 1219 904 ἀνώνυμον,
1247 848 1473 905 &niqaion
1507 849 1658 905 quippe

196 918 309 959 cuius
336 920 518 975 primum
542 921 687 960 folium
714 928 755 960 et
777 920 913 976 operis
932 919 1115 970 titulum,
1151 926 1192 959 et
1211 932 1362 960 nomen
1381 918 1578 967 auctoris,
1615 924 1656 957 et

194 986 358 1027 initium
395 989 597 1045 prooemii
634 989 912 1030 verisimiliter
944 989 1229 1044 complexum,
1265 1001 1349 1028 non
1383 986 1658 1042 comparebat.

193 1069 276 1095 non
306 1057 396 1111 plus
427 1065 566 1098 tamen
588 1072 670 1097 uno
699 1057 800 1098 folio
830 1055 996 1107 deesse,
1031 1064 1130 1097 nota
1154 1054 1324 1096 secundi
1340 1055 1500 1095 numeri
1521 1054 1655 1110 primo

195 1125 383 1164 sonna-nm
414 1139 517 1180 quae
541 1126 772 1176 restabant,
806 1126 990 1181 praefixa
1016 1125 1283 1165 monstrabat.
1353 1138 1406 1163 ex
1437 1138 1517 1177 quo
1549 1123 1655 1163 aliae

188 1193 379 1236 similitor
414 1195 596 1247 pagellae
626 1193 679 1234 ad
704 1195 830 1234 finem
851 1208 980 1248 usque
1006 1193 1131 1249 spissi
1151 1191 1323 1242 codicis,
1361 1205 1457 1232 suos
1473 1191 1654 1231 invicem

187 1264 422 1311 haerente&
463 1274 500 1302 es
532 1270 726 1318 p‹‘··.·petua
751 1262 857 1302 serie
884 1262 973 1302 sine
991 1263 1073 1302 ullo
1092 1261 1207 1301 hiatu
1230 1260 1486 1301 continuatos
1508 1273 1656 1299 nume-

188 1347 257 1373 ros
294 1333 500 1372 habebant
546 1332 683 1382 honri-5
721 1330 972 1371 Saracenicis
1008 1343 1241 1386 expressos.
1311 1328 1497 1383 quaesivi
1532 1329 1656 1368 anxie

189 1399 288 1456 quid
325 1401 397 1441 illa
432 1397 601 1439 tandem
627 1407 766 1440 essent
788 1398 998 1439 Alexiadis
1031 1406 1117 1439 tam
1147 1398 1323 1439 verbosa
1352 1397 1656 1454 prolegomena.

187 1483 262 1509 nec
284 1467 354 1509 diu
376 1468 506 1509 abfuit
524 1468 622 1523 quin
639 1469 759 1523 plane
782 1481 829 1507 ac
853 1475 963 1508 certo
989 1467 1280 1523 comperirem,
1317 1479 1409 1506 esse
1436 1465 1551 1521 ipsos
1580 1464 1657 1506 αὗ-

187 1535 372 1592 τόχρημα
402 1537 719 1577 commentarios
744 1535 967 1592 Nicephori
998 1534 1186 1577 Caesaris
1216 1534 1417 1587 Bryennii
1448 1541 1534 1574 tam
1557 1548 1656 1589 pro-

187 1606 287 1662 priis
321 1613 363 1647 et
391 1605 614 1646 illustribus
643 1605 938 1645 characteribus
960 1604 1011 1644 ab
1033 1604 1147 1644 Anna
1167 1603 1256 1644 eius
1284 1603 1456 1654 coniuge
1481 1602 1658 1654 insigni-

188 1682 276 1725 tos,
310 1682 355 1714 ut
387 1674 556 1726 agnosci
584 1673 678 1714 visu
707 1673 841 1730 primo
870 1673 960 1713 sine
988 1671 1305 1713 nomenclatoris
1329 1684 1452 1727 opera
1472 1678 1657 1727 possent.

187 1742 382 1782 nimirum
421 1743 620 1782 habemus
658 1756 712 1782 ex
735 1742 877 1782 Annae
907 1741 1180 1798 praefatione,
1228 1739 1485 1793 Bryennium
1511 1746 1656 1791 rogatu

187 1809 327 1851 Irenes
347 1810 569 1862 Augustae,
603 1810 747 1851 matris
772 1810 933 1859 Annae,
969 1809 1181 1865 scripsisse
1211 1822 1337 1865 opus,
1369 1822 1448 1862 quo
1472 1808 1656 1863 comple-

189 1879 369 1919 ctebatur
410 1876 635 1934 primordia
667 1877 825 1928 Alexii‚
869 1876 1019 1918 deinde
1051 1876 1246 1929 Augusti3
1294 1876 1383 1916 eius
1420 1875 1654 1931 scriptionis

186 1947 351 1987 initium
375 1947 595 2002 repetitum
623 1959 715 1986 esse
742 1959 871 2000 usque
899 1946 950 1985 ab
978 1944 1159 1987 Romani
1179 1944 1382 1996 Diogenis
1402 1944 1652 2000 principatu3
1706 1929 1714 1935 ¹

187 2014 285 2056 inde
306 2015 579 2055 narrationem
600 2012 654 2054 ad
676 2013 906 2054 Botaniatis
928 2014 1168 2069 imperantis
1193 2021 1380 2069 tempora
1400 2010 1651 2068 perductam.

187 2098 310 2139 quam
340 2084 442 2123 haec
468 2084 608 2124 omnia
635 2089 776 2123 nostro
805 2082 901 2122 huic
931 2082 1048 2122 unice
1077 2082 1226 2138 scripto
1260 2081 1527 2132 conveniunt,
1562 2081 1650 2137 pri-

184 2166 301 2193 mum
328 2151 447 2194 Irene
475 2151 653 2203 Augusta
681 2158 930 2206 nuncupata,
977 2149 1127 2192 deinde
1164 2150 1408 2208 principium
1446 2157 1486 2190 et
1522 2149 1651 2189 finem

186 2220 430 2262 narrationis
460 2221 513 2260 iis
540 2227 682 2260 exacte
707 2219 892 2260 terminis
918 2219 1154 2270 cohibente,
1189 2232 1292 2274 quos
1313 2217 1500 2270 designat
1520 2218 1649 2268 Anna,

185 2297 394 2345 postremo
422 2290 571 2343 ubique
602 2287 720 2329 dotes
748 2295 789 2327 et
815 2288 987 2329 virtutes
1014 2287 1148 2329 Alexii
1173 2294 1264 2327 tunc
1297 2286 1469 2343 privati,
1504 2294 1651 2342 postea

186 2358 468 2414 imperatoris,
497 2355 800 2397 studiosissime
830 2357 1071 2397 celebrante.
1138 2363 1348 2413 praeterea
1379 2369 1483 2409 quae
1512 2355 1652 2395 inesse

187 2424 462 2479 Bryennianis
505 2425 808 2466 commentariis
838 2426 1015 2465 affirmat
1041 2425 1174 2475 Anna,
1214 2438 1263 2465 ea
1290 2424 1335 2464 in
1360 2423 1475 2463 hisce
1511 2423 1652 2463 omnia

187 2503 436 2552 comparent.
503 2493 548 2535 id
578 2509 660 2534 uno
692 2495 870 2536 alterove
900 2495 1091 2550 exemplo
1117 2491 1422 2533 demonstrasse
1451 2490 1552 2532 satis
1585 2491 1654 2532 sit.

189 2562 260 2603 lib.
278 2565 300 2603 1
325 2578 367 2620 p.
387 2565 413 2604 9
437 2561 489 2603 de
507 2563 638 2603 causis
657 2575 761 2617 (luae
776 2561 1030 2616 Bryennium
1050 2561 1256 2603 seniorem
1271 2559 1478 2601 moverint
1495 2558 1548 2600 ad
1568 2559 1653 2601 im·-

189 2630 348 2686 perium
381 2629 675 2682 affectandum,
704 2631 762 2671 ita
790 2631 952 2671 scribit:
997 2628 1043 2671 τὸ
1075 2629 1148 2682 μὲν
1182 2627 1280 2671 ὅθεν
1314 2628 1382 2670 καὶ
1411 2625 1520 2677 ὅπως
1528 2659 1542 2679 ,
1576 2627 1650 2669 οὐκ

188 2696 403 2752 ἀναγκαῖόν
422 2699 528 2741 ἔστιν
548 2697 645 2753 ἡμῖν
662 2700 911 2754 διηγεῖσθαι·
937 2695 1087 2754 φθάνει
1104 2697 1182 2754 γὰρ
1201 2694 1227 2752 ἦ
1250 2701 1323 2739 τοῦ
1341 2696 1535 2753 καίσαρος
1553 2698 1648 2750 ’ξυγ-

186 2765 326 2822 γραφῆ
356 2766 402 2808 τὸ
438 2767 564 2809 αἴτιον
581 2771 653 2822 τῆς
672 2758 920 2817 ἀὶιοστασιάς
939 2768 1206 2823 ἐξιστορῆσαι.
1269 2767 1349 2807 hoc
1368 2772 1455 2806 est:
1491 2764 1646 2805 “huius

188 2835 338 2892 incepti
368 2848 471 2890 quae
503 2850 625 2878 causa
655 2851 814 2893 quaeve
839 2837 1018 2879 rationes
1048 2836 1220 2888 suerint,
1254 2835 1361 2877 mihi
1379 2848 1464 2874 non
1489 2840 1551 2873 est
1570 2846 1645 2872 ne-
