1878 3262
380 214 439 258 IN
455 213 772 258 HISTORIAM
793 214 1019 258 IOANNIS
1041 215 1272 259 CINNAMI
1290 215 1490 260 NOTAE.
1568 216 1669 264 349

204 324 698 377 Constantinopolitanum
729 333 908 378 ceperat,
940 325 1045 365 dono
1069 334 1288 379 acceperat.
1346 333 1388 366 at
1406 327 1630 368 Richardus
1646 343 1670 367 a

201 381 391 419 Cinnamo
423 389 663 420 memoratus
698 385 834 421 Antro
869 396 939 421 seu
977 384 1150 422 Andriae
1190 384 1337 436 oppido
1378 385 1421 423 in
1459 386 1670 425 Salentinis

198 438 432 490 imperavit,
474 439 582 489 quod
612 440 729 478 Roca
757 446 797 478 et
820 454 897 477 arx
922 439 1063 478 Antra
1085 441 1249 479 videtur
1268 442 1456 493 appellari
1471 443 1514 481 in
1537 442 1667 482 Chro-

198 495 287 533 nico
310 495 507 533 casinensi
526 497 552 537 l.
571 500 597 538 2
619 510 652 536 c.
670 498 738 539 78.
795 497 887 536 vide
905 503 1020 534 notas
1038 497 1089 534 ad
1106 497 1304 536 Alexiadis
1326 513 1362 550 Ρ.
1389 503 1484 541 117.

309 566 350 602 Ρ
371 552 445 595 141
468 567 506 591 v.
528 557 592 595 12.
649 554 919 608 καντζιλερίῳ]
953 552 1218 604 Ansquetino,
1248 555 1433 594 willelmi
1448 556 1548 608 regis
1568 571 1665 596 can-

196 607 373 655 cellario,
401 610 470 658 qui
489 610 759 648 Beneventum
782 611 831 648 ab
851 610 1026 648 Adriano
1047 624 1113 662 pp.
1139 618 1373 663 occupatum
1400 613 1575 664 obsedit,
1604 615 1665 653 uti

196 671 363 703 na1rant
390 667 534 717 Tyrius
563 673 602 704 et
637 667 861 705 Chronicon
892 668 1134 706 Ceccanense
1162 681 1231 707 seu
1257 669 1399 707 Fossae
1427 683 1582 722 novae,
1617 673 1662 711 A.

199 723 307 765 1155
328 722 588 762 Anscotinum
606 729 726 763 vocat
743 724 858 776 Hugo
880 724 1113 763 Falcandus.
1372 735 1381 743 “

306 793 346 818 V·
369 784 437 822 21.
492 778 672 833 Βουνός]
702 784 828 819 Buno
856 780 987 821 hodie.

306 849 346 888 P·
369 837 450 879 142
469 850 508 876 v.
525 838 564 879 5.
622 836 794 890 Βαρλὲτ]
824 839 1032 888 Barolum,
1062 836 1234 876 Barletta
1252 835 1392 886 hodie,
1420 852 1544 892 prope
1561 841 1664 880 Tra-

195 891 303 941 nim,
334 892 383 930 de
402 907 478 944 qua
501 894 684 945 Ughellus
705 900 800 937 tom,
821 899 847 937 7
868 895 954 934 Ital.
974 897 1081 933 sacr.
1102 909 1140 946 p.
1161 895 1283 936 1195.

306 962 344 1000 Ρ
368 951 445 991 145
470 964 509 989 v.
531 955 595 993 13.
654 949 923 1004 Μονόπολιν]
954 953 1058 990 Urbs
1084 951 1126 989 in
1154 949 1294 1002 Apulia
1310 951 1516 1001 Peucefia,
1548 959 1664 991 vete—

192 1005 303 1043 1ibus
346 1007 567 1058 incognita,
605 1008 926 1059 pulchritudine,
964 1009 1198 1061 splendore,
1234 1008 1423 1047 civilitate
1451 1023 1497 1047 ac
1525 1010 1665 1048 aedifi-

193 1062 348 1100 ciorum
372 1065 657 1116 magnificentia
684 1065 850 1116 nobilis,
889 1066 983 1105 licet
1012 1080 1095 1104 non
1123 1078 1283 1116 magna,
1323 1065 1456 1116 inquit
1486 1067 1664 1106 Leander

193 1117 391 1162 Albertus.

301 1189 341 1227 Ρ
363 1177 443 1219 146
465 1191 508 1220 v.
528 1180 593 1220 17.
650 1173 798 1230 Ῥώμης
813 1174 1050 1233 ἀρχιερέως]
1084 1177 1246 1217 Adriani
1264 1177 1313 1215 ΙΙ.

304 1246 342 1284 Ρ.
366 1233 447 1276 147
468 1247 507 1273 v.
530 1237 595 1277 19.
652 1232 908 1288 Βουτούταν]
946 1239 1136 1286 Bitonto,
1175 1235 1272 1273 urbs
1300 1234 1530 1286 episcopalis
1561 1237 1666 1275 inter

190 1289 327 1328 Rubos
352 1296 392 1328 et
409 1291 595 1340 Barium,
622 1290 828 1330 Antonino
849 1292 1104 1331 Budruntus
1122 1293 1187 1331 vel
1208 1294 1438 1330 Butuntus.

186 1383 188 1385 ,
303 1360 342 1398 p.
367 1347 448 1389 148
473 1362 513 1386 v.
535 1351 574 1389 9.
632 1347 879 1401 Μαλφὲτον]
911 1353 936 1392 3
957 1364 1011 1392 m.
1040 1350 1089 1388 ab
1115 1349 1343 1400 Iuvenatio,
1371 1349 1414 1387 in
1442 1362 1511 1387 ora
1541 1349 1666 1388 mari-

190 1403 306 1453 tima,
336 1403 455 1454 vulgo
475 1405 670 1455 Malsetta
693 1411 731 1443 et
748 1407 955 1456 Jllelfatta.

302 1473 341 1511 p.
372 1463 453 1503 150
484 1475 523 1499 v.
549 1464 613 1504 18.
673 1463 996 1515 Μοντοπολοῦς]
1037 1463 1340 1514 Μοηερείοειιε,
1382 1461 1521 1501 civitas
1547 1476 1667 1514 quam

188 1516 395 1555 Bradanus
413 1517 559 1557 fluvius
582 1518 716 1566 alluit,
741 1518 860 1557 hodie
881 1521 1168 1571 Montepeloso.

302 1587 341 1612 v.
364 1576 430 1616 19.
490 1578 527 1614 Γ
522 1575 719 1628 ραβίναν]
756 1577 943 1614 Gravina
960 1577 1098 1615 civitas
1119 1574 1284 1627 Apuliae
1302 1575 1528 1625 Peucetiam,
1556 1574 1667 1614 haud

186 1631 329 1682 procul
353 1644 375 1668 a
398 1631 569 1681 Matera,
599 1632 769 1670 ducatus
785 1634 904 1672 titulo
922 1632 1042 1671 hodie
1064 1632 1236 1684 insignis.

301 1701 342 1739 Ρ.
375 1689 453 1731 151
487 1702 526 1727 v.
551 1692 591 1730 7.
648 1691 705 1744 τῷ
734 1688 1022 1745 Παλαιολόγω]
1068 1690 1126 1727 De
1154 1694 1284 1727 morte
1309 1687 1527 1740 Palaeologi
1556 1688 1667 1727 Otho

187 1742 375 1794 Frising.:
404 1753 588 1784 mortua-5·
605 1747 703 1796 fuit
730 1746 789 1784 ibi
816 1748 1098 1799 Palaeologue
1127 1754 1164 1784 et
1190 1745 1250 1784 ad
1275 1753 1426 1784 terram
1454 1760 1575 1784 suam
1594 1745 1668 1784 de-

180 1808 390 1850 portatus.

301 1870 340 1896 v.
364 1861 429 1899 10.
489 1853 820 1913 οἷποθρίξασθαι]
845 1860 971 1899 Locus
989 1862 1084 1898 satis
1102 1859 1331 1907 intricatus,
1356 1871 1473 1908 quem
1493 1858 1549 1896 sic
1564 1871 1666 1896 con-

188 1913 415 1965 cipiendum
434 1915 595 1965 putavi,
618 1922 666 1953 ut
682 1917 934 1968 Palaeologus
953 1917 1072 1955 morti
1090 1917 1170 1955 iam
1189 1916 1419 1968 proximus,
1440 1920 1664 1954 ceterorum

188 1971 432 2008 Graecorum
466 1984 598 2019 more,
629 1985 741 2011 coma
767 1973 954 2023 detonsa,
987 1973 1205 2024 angelicum
1229 1978 1269 2011 et
1287 1972 1564 2011 monachicum
1584 1971 1663 2009 ha-

186 2027 315 2065 bitum
336 2027 534 2077 induerit,
564 2041 633 2065 seu
654 2026 701 2069 τᾶ
724 2030 901 2082 τρίχινα,
929 2030 973 2068 id
994 2036 1076 2078 est,
1106 2027 1178 2078 τὰς
1199 2029 1242 2070 ἔκ
1260 2032 1406 2083 τριχῶν
1424 2041 1665 2071 κατεσκευα-

187 2083 335 2136 σμένας
362 2083 561 2136 ἐσθῆτας,
590 2087 653 2123 uti
686 2099 826 2125 vocem
850 2086 955 2124 hanc
983 2087 1273 2138 interpretatur
1299 2086 1467 2125 Basilius
1485 2086 1664 2134 Caesar,;

186 2154 288 2190 quae
321 2142 491 2192 τριχίνια
521 2139 822 2195 ἐπικαλύμματα
849 2149 890 2181 et
919 2141 1052 2196 ὅμφια
1085 2143 1276 2182 dicuntur
1307 2143 1462 2180 auctori
1492 2142 1605 2180 Vitae
1623 2145 1661 2180 S.

187 2197 442 2249 Theophanis
464 2198 637 2237 Confess.
655 2213 695 2237 n.
716 2203 769 2241 12
789 2205 829 2237 et
849 2199 919 2248 14,
955 2197 1120 2252 χιτώνια
1142 2201 1297 2250 τρίχινα
1318 2201 1472 2237 auctori
1494 2198 1607 2236 Vitae
1622 2201 1663 2237 S.

186 2254 413 2306 Eupraxiae
433 2255 539 2306 Virg.
559 2269 599 2297 n.
622 2258 660 2305 6.
681 2257 837 2308 τρίχινα
855 2256 1084 2308 simpliciter
1096 2257 1139 2294 in
1154 2255 1262 2297 Actis
1281 2255 1322 2296 S.
1333 2254 1564 2294 Abrahamii
1583 2269 1624 2295 n.
1634 2257 1662 2297 4

187 2317 228 2349 et
247 2311 315 2361 24,
341 2310 466 2361 ῥὀἷκια
484 2309 644 2362 ἀσθενῆ
665 2312 734 2352 καὶ
750 2314 907 2365 τρίχινα
923 2311 1098 2349 Maximo
1117 2311 1238 2362 Tyrio
1250 2313 1375 2354 Serm.
1386 2312 1436 2353 41
1459 2318 1499 2350 et
1509 2313 1662 2363 Grego—

186 2368 246 2406 rio
281 2368 324 2406 in
352 2369 440 2407 Vita
468 2371 506 2407 S.
530 2369 662 2406 Basilii
685 2368 864 2406 iunioris.
921 2368 963 2423 S
984 2366 1251 2406 Athanasius*
1240 2382 1281 2406 m
1305 2369 1396 2407 Vita
1416 2371 1456 2410 S.
1475 2369 1662 2407 Antonii:

185 2422 231 2465 τό
254 2424 407 2477 ἔνδυμα
429 2422 558 2476 εἶχεν,
590 2424 707 2464 ἔνδον
729 2422 802 2475 μὲν
821 2396 1017 2476 τρίχινον,
1046 2420 1184 2465 ἐπανω
1201 2423 1244 2466 δὲ
1261 2422 1538 2493 δερμάτινον
1556 2425 1663 2463 idem

186 2481 225 2520 S.
242 2480 407 2519 Antonii
425 2487 604 2519 extrema
621 2481 744 2519 verba
770 2493 977 2519 enarrans:
996 2483 1237 2534 ’Σεραπίωνι
1254 2479 1460 2535 ἐπισκόπῳ
1480 2478 1570 2523 δότε
1587 2479 1663 2535 τὴν

185 2535 321 2588 ἑτέραν
341 2533 552 2592 μηλωτήν,
582 2537 651 2577 καὶ
671 2536 789 2587 ὑμεῖς
805 2536 908 2590 εχετε
925 2554 969 2578 το
993 2539 1168 2591 τρίχινον
1189 2538 1352 2590 ἔνδυμα.
1409 2539 1480 2577 ubi
1499 2539 1663 2590 quidam

188 2593 340 2632 codices
366 2594 516 2633 habent
542 2610 753 2647 τρυχινον,
783 2594 826 2631 id
850 2600 911 2632 est
930 2610 975 2635 το
998 2593 1275 2662 τετρυμμένον
1290 2592 1476 2648 ἱμάτιον,
1505 2603 1659 2636 vestem
1682 2601 1713 2637 P
1735 2601 1803 2638 457

187 2650 388 2701 attritam,
418 2652 552 2702 quales
579 2657 674 2690 sunt
703 2656 830 2690 vestes
858 2650 1170 2702 monachorum,
1200 2667 1368 2703 τρυχινα
1399 2650 1537 2706 ῥάκη,-
1557 2667 1660 2704 quae

187 2704 390 2760 διέφθορα
408 2708 477 2749 καὶ
500 2706 663 2762 ρακῶδη
687 2705 826 2760 ἴμάτια
846 2708 997 2759 ignatio
1013 2708 1221 2747 Diacono
1210 2722 1252 2747 m
1274 2709 1364 2748 Vita
1386 2711 1424 2750 S.
1443 2709 1656 2762 Nicephori

187 2763 294 2801 Patr.
313 2763 383 2814 Cp.
402 2778 435 2803 c.
457 2767 528 2815 13,
560 2765 643 2803 aliis
667 2761 788 2818 ῥάκη
780 2765 902 2803 nude
925 2765 1136 2815 dicuntur,
1165 2771 1214 2804 ut
1233 2766 1555 2819 Pachymeri1.4
1573 2781 1605 2806 e.
1627 2772 1654 2809 7

188 2825 229 2857 et
251 2823 303 2861 10
323 2825 363 2856 et
380 2822 518 2860 ceteris
538 2822 692 2874 passim.
750 2828 844 2861 sunt
870 2822 975 2861 enim
1012 2818 1119 2876 ῥάκη
1150 2822 1349 2875 Hesychio
1381 2820 1653 2892 ἆποσκορακί-

188 2888 316 2928 σματα
330 2875 400 2917 καὶ
415 2871 722 2933 ἆποσπάσματα.
750 2885 868 2921 vetus
882 2880 1079 2933 interpres
1086 2879 1344 2921 Moschionis:
1366 2877 1485 2936 ῥάκη,
1501 2882 1650 2919 lamae.
