1878 3262
350 221 411 266 IN
432 221 749 266 HISTORIAM
767 221 995 266 IOANNIS
1014 221 1247 266 clNNAMI
1271 222 1474 265 NOTAE.
1544 222 1644 269 319

179 337 328 373 statuta
347 330 707 383 Hierosolymitana
729 337 836 383 part.
859 335 887 373 2
912 345 946 370 c.
964 335 1040 374 26:
1078 339 1115 370 et
1134 334 1255 384 apre's
1277 341 1406 372 recent
1423 335 1460 372 le
1474 342 1643 374 serment

178 389 248 428 des
266 390 419 437 Freres,
447 395 484 426 et
501 387 550 425 de
568 395 662 426 tous
684 390 742 427 les
759 396 900 426 autres
919 390 994 439 qui
1012 397 1201 427 serement
1221 391 1255 429 li
1275 389 1470 440 devoient,
1499 399 1540 430 et
1563 393 1643 430 tint

176 447 214 484 le
240 460 433 498 royazcme
460 444 508 483 de
526 446 788 484 Hierusalem
806 446 935 497 quitte
949 452 986 482 et
1006 461 1051 483 en
1064 448 1181 498 paix.
1237 447 1264 486 i.
1278 447 1448 487 militum
1462 447 1644 501 hospita-

175 503 368 542 lariorum
387 508 426 541 et
445 502 747 553 templariorum
764 507 1008 540 sacramenta
1025 503 1169 554 exegit.
1225 509 1266 541 et
1286 518 1320 543 c.
1339 508 1415 548 21:
1444 506 1644 556 Frairies,

174 559 337 599 militiae
362 559 468 611 ipsae
498 565 796 611 nuncupantur.
853 559 1020 596 matres
1046 561 1183 597 sancti
1213 562 1411 613 sepulcri,
1438 562 1482 600 in
1506 562 1645 601 edictis

174 617 354 655 Nunonis
373 616 506 654 sancii
526 616 679 654 comitis
700 615 929 654 Rossilionis
950 621 988 653 et
1006 616 1112 654 Petri
1131 629 1212 667 reg.
1227 617 1397 670 Aragon.
1422 619 1471 657 de
1485 620 1585 658 Pace
1606 624 1646 657 et

175 674 350 725 Treuga,
381 686 480 724 quae
503 672 704 711 habentur
729 678 827 711 tom.
846 675 872 714 8
892 673 1086 724 spicilegii
1105 673 1315 713 Aeheriani
1333 690 1372 728 p.
1391 679 1474 720 368
1495 683 1535 715 et
1550 679 1646 719 381.

173 730 231 768 sic
261 744 384 782 porro
412 730 555 768 milites
582 730 748 768 istorum
778 729 964 768 ordInum
995 730 1318 782 appellabantur,
1375 733 1486 783 quod
1513 733 1694 772 essent?
1718 732 1787 768 434

172 800 218 826 re
239 800 334 826 vera
352 785 548 837 monachi,
577 800 637 835 ac,
664 791 712 824 ut
730 786 849 838 vulgo
871 786 1054 836 dicimus,
1083 787 1299 838 reliogiosi,
1330 796 1429 827 voto
1453 789 1644 840 obstricti,

174 844 245 895 qui
271 857 316 882 ea
343 848 578 895 tempestate
598 844 757 894 fratres
786 843 1119 894 indignabantur,
1167 845 1328 884 Graecis
1357 847 1644 897 posterioribus

177 899 361 954 Φρέριοι,
390 901 452 938 uti
476 905 671 939 vocantur
690 914 712 937 a
727 899 917 938 Michaele
940 900 1122 938 Anchiali
1143 901 1368 953 patriarcha
1396 903 1439 940 in
1468 903 1643 955 dialo‘go:

173 957 281 996 unde
302 958 444 995 {ratres
460 956 645 1007 minores,
675 953 1023 1010 φρατομινοῦριοι,
1053 957 1162 1009 apud
1180 957 1392 1010 Georgium
1407 960 1643 1011 metropoli-

174 1020 258 1052 tam
271 1015 565 1066 Corcyrensem‚
590 1011 878 1080 ‹ppsptsvoniqtoi
889 1013 996 1067 apud
1016 1028 1256 1066 anonymum
1273 1016 1323 1053 de
1342 1015 1504 1055 dissidio
1516 1018 1645 1055 Grae-

175 1085 315 1110 corum
326 1070 606 1110 etLatinorum
621 1071 823 1109 dicuntur.
851 1072 936 1122 ipsa
956 1071 1074 1109 etiam
1091 1071 1380 1111 monachorum
1396 1074 1645 1125 congregatio

167 1130 419 1179 fraternitas
430 1128 650 1180 appellatur
656 1129 927 1178 ;fraternitas
936 1129 1151 1180 monacha,
1161 1129 1268 1181 apud
1276 1130 1485 1168 Paulinum
1498 1132 1607 1183 epist.
1617 1133 1643 1172 3

176 1185 228 1224 ad
239 1187 441 1225 Severum.
470 1185 575 1223 idem
586 1198 705 1224 carm.
721 1189 792 1227 13:
804 1186 1106 1223 Martinianum
1121 1188 1295 1238 suscipit
1304 1187 1570 1238 fraternitas,
1582 1195 1643 1226 te-

175 1249 319 1294 ctoque
335 1243 499 1294 apricat
522 1250 558 1279 et
578 1242 678 1280 cibo.
719 1241 988 1293 Hieronymus
1006 1242 1056 1279 ad
1074 1242 1351 1294 Theophylum
1373 1244 1482 1295 epist.
1501 1248 1576 1286 31:
1605 1252 1643 1281 te

174 1299 624 1351 universafraternitas
643 1299 882 1350 suppliciter
901 1299 1074 1337 salutat.
1104 1299 1311 1338 Liberatus
1333 1301 1490 1339 Diacon.
1512 1315 1548 1339 c.
1569 1304 1643 1343 11:

175 1356 325 1409 quibus
348 1356 537 1393 euntibus
562 1354 622 1392 ad
636 1370 696 1405 se,
736 1356 819 1393 tale
836 1356 1042 1406 Eutyches
1066 1355 1249 1394 reddidit
1274 1372 1531 1409 respon-mm,
1565 1354 1646 1395 hoc·

175 1412 294 1465 apud
310 1428 351 1450 se
370 1427 452 1450 esse
471 1411 695 1461 decretum,
738 1419 785 1450 ut
804 1427 1019 1464 nunquam
1037 1412 1287 1465 egrederetur
1305 1423 1428 1453 a'szca
1442 1416 1645 1465 fraterni-

174 1477 280 1520 tate,
310 1468 383 1507 sed
396 1477 610 1522 tamquam
631 1471 675 1507 in
692 1470 874 1521 sepulcro
893 1469 1048 1522 degeret
1065 1471 1110 1508 in
1128 1473 1385 1512 monasterio.
1426 1473 1484 1510 ita
1505 1472 1646 1510 Graeci

174 1523 394 1578 αδελφικόν
414 1532 625 1578 usurpant.
673 1526 891 1564 Concilium
910 1527 1391 1595 constantinopolitanum
1410 1529 1483 1567 sub
1500 1529 1645 1568 Menna

173 1583 263 1622 Act.
281 1583 329 1625 5·
358 1580 462 1623 πολυ
488 1582 558 1624 καὶ
588 1580 757 1635 ἄπειρον
774 1586 956 1634 πλῆθος,
987 1583 1056 1623 καὶ
1072 1579 1311 1634 οἶδελφικόν,
1340 1584 1409 1624 καὶ
1428 1583 1664 1637 μοναχικον

172 1637 339 1711 ἐξῄτησε
357 1639 428 1680 καὶ
448 1636 655 1692 ἔνώρκωσε
673 1642 798 1679 ταῦτα
815 1641 1010 1692 γνωρίσαι
1027 1638 1102 1692 τὴν
1121 1638 1239 1693 ’ὑμῶν
1256 1641 1457 1690 ἐξουσίαν.
1505 1658 1549 1683 το
1570 1657 1647 1695 γαρ

173 1695 230 1750 μὴ
256 1696 509 1738 καταθέσθαι
538 1695 635 1744 τούς
663 1692 868 1746 ἄδελφους
883 1695 954 1743 καὶ
974 1695 1195 1762 {²⁰⁹“1015S'3
1223 1701 1344 1739 τοῦτο
1364 1698 1462 1746 ε’θος
1481 1696 1648 1739 ἄνωθεν

173 1755 393 1806 κρατῆσαν.
451 1748 671 1804 ἀδελφότης
697 1752 834 1793 eadem
860 1754 1025 1792 notione
1040 1755 1217 1793 occurrit
1241 1755 1348 1806 apud
1366 1755 1615 1794 Palladium
1604 1769 1648 1794 ln

174 1810 277 1849 Hist.
294 1810 481 1847 Lausiaca
503 1823 536 1847 c.
555 1812 581 1851 9
605 1815 646 1847 et
673 1811 725 1852 14
746 1817 786 1848 et
808 1810 900 1847 alibi
919 1810 1079 1862 passim.
1134 1811 1178 1849 id
1197 1825 1293 1850 vero
1316 1813 1492 1850 manavit
1512 1826 1534 1848 a
1557 1812 1648 1863 pri-

173 1867 248 1905 mis
266 1865 522 1914 Christianis,
555 1865 623 1916 qui
641 1878 722 1906 sese
741 1866 912 1905 invicem
934 1868 1077 1905 fratres
1099 1868 1372 1919 appellabant,
1402 1874 1448 1906 ut
1467 1868 1651 1906 indicant

174 1923 442 1962 Tertullianus
459 1923 502 1960 in
519 1921 634 1973 Apol.
653 1936 688 1963 c.
707 1926 760 1964 39
772 1952 784 1972 ,
814 1923 1043 1961 Lactantius
1062 1923 1086 1961 l.
1105 1925 1131 1966 5
1152 1938 1184 1962 c.
1208 1928 1259 1968 13
1272 1957 1283 1974 ‚
1312 1924 1504 1963 Minutius
1521 1925 1654 1972 Felix,-

173 1979 465 2031 Athenagoras,
495 1978 753 2028 Prudentius,
784 1985 824 2017 et
843 1979 929 2029 alii3
968 1980 1077 2017 unde
1102 1980 1187 2031 ipsa
1215 1981 1374 2019 ecclesia
1392 1983 1650 2031 fraternitas

175 2037 322 2076 dicitur
348 2036 457 2088 apud
475 2034 647 2074 eundem
670 2035 975 2085 Tertullianum,
1006 2037 1264 2087 Cyprianum,
1297 2037 1549 2076 Ambrosium
1576 2045 1648 2080 etc.

203 2136 207 2140 ᾗ
288 2107 328 2144 p.
355 2096 406 2135 19
425 2106 464 2131 v.
482 2095 550 2135 22.
597 2090 747 2143 Σέσερ]
778 2092 1070 2130 caesareensem
1091 2093 1337 2133 obsidionem
1355 2101 1520 2133 narrant
1537 2095 1650 2146 pari-

174 2156 239 2189 ter
256 2149 413 2188 Nicetas
438 2163 481 2190 n
503 2151 530 2191 8
561 2153 601 2186 et
625 2148 807 2187 Willelm.
827 2149 972 2200 Tyrius
994 2149 1019 2188 l.
1042 2149 1094 2191 15
1123 2163 1157 2189 c.
1183 2153 1207 2193 1
1231 2156 1271 2189 et
1290 2155 1331 2193 2.
1387 2150 1438 2189 de
1460 2151 1649 2190 Caesarea

174 2206 274 2246 urbe
290 2206 385 2246 vide
405 2211 522 2244 notas
541 2204 592 2243 ad
608 2204 856 2276 Alexiadisp
858 2206 986 2248 ..412

287 2276 327 2316 p
342 2266 398 2306 20
415 2277 453 2304 v,
475 2265 540 2305 11.
570 2262 689 2310 λίθος
705 2257 759 2313 ἦν
779 2262 989 2315 λυχνίτης]
1020 2262 1224 2301 Eiusmodi
1243 2268 1302 2313 est
1322 2277 1424 2303 crux
1438 2265 1521 2316 illa,
1544 2279 1645 2317 quae

172 2320 216 2359 in
233 2333 343 2359 sacra
360 2319 508 2372 capella
524 2318 810 2357 Borboniensi
799 2332 840 2357 in
859 2319 965 2356 Boiis
982 2325 1210 2358 asservatur
1229 2326 1270 2358 et
1288 2321 1446 2362 colitur.

284 2389 326 2416 v.
345 2376 409 2419 14.
466 2371 604 2430 τρόπω
625 2373 701 2427 δή]
731 2374 983 2443 Supplendus
1004 2374 1140 2414 hiatus
1159 2377 1368 2416 exNiceta.

285 2447 325 2486 p.
345 2436 396 2475 21
416 2445 455 2472 v.
476 2436 515 2474 1.
573 2432 772 2479 ἐνιαυτοῖς
791 2430 864 2482 μὲν
888 2431 1028 2484 δυσὶν]
1059 2433 1246 2472 Triennio
1264 2435 1484 2473 confectam
1500 2433 1646 2473 Orien-

175 2494 255 2528 tem
283 2503 423 2529 versus
450 2489 607 2528 Ioannis
638 2488 929 2540 expeditionem
956 2489 1094 2527 scribit
1118 2490 1293 2540 Nicetas,
1333 2491 1401 2541 qui
1428 2490 1648 2530 Neocaesa-

174 2545 343 2585 riensem
364 2546 530 2599 perinde
547 2546 670 2585 refert
689 2559 729 2583 n.
749 2547 774 2586 9
793 2551 834 2584 et
853 2548 923 2592 10,
953 2551 1001 2584 ut
1029 2551 1070 2584 et
1094 2546 1204 2597 quod
1227 2547 1276 2585 de
1294 2546 1499 2600 manuele,
1531 2554 1646 2600 post-

175 2602 340 2642 modum
355 2604 591 2656 imperatore
601 2632 611 2651 ‚
638 2602 762 2640 habet
777 2602 1003 2643 Cinnamus,

287 2672 329 2711 P.
347 2664 402 2702 22
422 2674 463 2699 v.
483 2662 521 2701 8.
572 2656 818 2712 Πασγούση]
849 2658 954 2697 Duas
972 2658 1076 2696 circa
1094 2658 1270 2698 Iconium
1288 2659 1451 2712 paludes
1467 2668 1657 2700 recenset*

176 2714 319 2753 Strabo
336 2715 363 2753 l.
383 2720 449 2766 12,
475 2730 645 2767 quarum
664 2716 791 2754 maior
813 2713 1020 2767 Κῶραλις,
1053 2715 1183 2754 minor
1206 2718 1397 2770 Τρωγίτις
1413 2718 1643 2759 vocabatur.

176 2771 235 2809 ita
248 2783 298 2809 ex
316 2770 576 2824 descriptione
593 2774 784 2825 I'asgusae
802 2772 977 2824 paludis,
1007 2785 1126 2822 quam
1148 2772 1213 2811 hic
1235 2774 1398 2812 exhibet
1417 2775 1642 2822 Cinnamus,

178 2827 370 2865 coniicere
390 2835 451 2866 est
465 2830 630 2868 eandem
650 2843 732 2869 esse
749 2830 959 2881 Pasgusam
978 2843 1068 2867 cum
1088 2830 1237 2880 Corali,
1267 2831 1330 2870 cui
1348 2831 1642 2869 inaedificatum

176 2883 295 2923 hodie
314 2883 522 2936 oppidum,
551 2887 755 2926 Act-toteri
772 2887 813 2925 in
832 2885 979 2925 chartis
996 2886 1264 2940 geographicis
1280 2893 1569 2940 nuncupatum·
