1878 3262
660 213 1055 258 HISTORIARUM
1086 214 1136 256 L.
1155 214 1214 257 V.
1563 213 1662 259 233

207 348 249 375 τε
275 329 334 386 ἐἶή
362 325 660 386 ἲσχυριζόμενον
685 325 835 383 ἔδησάν
858 344 900 371 τε
926 329 994 370 καὶ
1020 327 1061 378 ἒς
1085 324 1308 379 Βυζάντιον
1332 325 1494 384 ἄγοντες
1516 321 1663 383 ἦλθον,

147 425 151 431 -
208 394 331 450 αὖθίς
354 416 396 441 τε
421 398 474 440 τὰ
508 398 624 441 κλοιὰ
658 399 725 440 καὶ
750 397 796 440 τὸ
823 394 1026 450 δωμάτιον
1052 395 1175 438 αῧτὸν
1210 394 1323 451 εἶχεν.
1392 395 1497 438 ἀλλὰ
1528 401 1664 440 πλευ--

207 475 320 512 ταῖον
352 471 464 525 κηρῷ
500 467 575 518 τὰς
608 468 768 516 κλεῖδας
804 464 1046 520 μεταλαβὼν
1078 464 1118 515 ἴς
1142 482 1183 507 τε
1210 465 1282 520 τὴν
1306 471 1475 521 γυναῖκα
1500 467 1567 507 καὶ
1593 465 1664 508 τὸν

205 536 295 580 υἱὸν
320 535 510 591 ἔπεμψεν.
579 536 618 578 οἱ
653 535 697 578 δὲ
731 531 928 577 συνειδόσι
961 532 1065 590 πρὸς
1097 537 1216 575 τοῦτο
1253 535 1320 575 καὶ
1348 532 1485 584 ἄλλοις
1505 531 1667 591 χρησά-

175 615 319 660 5μενοι
345 603 513 662 σιδήρου
546 602 698 654 ταύτας
732 602 980 660 εἰργασμένοι
1011 600 1198 655 ἔπεμψαν
1232 596 1356 652 αὖθις
1381 602 1505 660 αὐτῷ.
1574 600 1595 645 ὅ
1623 603 1667 645 δὲ

208 674 344 735 ἔπτειὸὴ
369 672 521 724 ταύτας
544 672 710 727 ἔλαβεν,
738 671 830 728 ἄρτι
844 667 1055 720 δεδυκότος
1076 671 1201 726 φασὶν
1221 667 1351 725 ἡλίου,
1386 670 1488 712 καθ’
1515 669 1560 712 ὃν
1572 674 1667 722 ξυν-

208 743 331 787 ἔκειτο
370 746 500 784 ταῦτα
528 739 682 798 καιρόν,
716 741 885 798 ἐρημίαν
910 743 990 782 τῶν
1015 736 1208 796 φυλάκων
1228 737 1408 795 τηρήσας
1433 737 1549 796 ἐξῄει.
1583 739 1668 782 ἔστι

210 812 257 855 δέ
279 828 340 861 τις
376 810 515 860 αι’ἰλιος
540 808 727 864 ἐχόμενος
759 813 833 851 τοῦ
857 808 1004 861 τειχίου
1016 839 1031 859 ,
1062 807 1104 848 ἓν
1130 800 1163 865 ᾧ
1190 806 1240 862 δὴ
1266 800 1498 863 καθεῖρκτο.
1565 806 1669 850 ἔνθα

208 878 278 922 ἅτε
304 879 419 935 ὀλίγα
443 879 694 932 πατουμένου
719 881 794 920 τοῦ
812 874 950 934 χώρου
975 873 1146 930 βοτάναι
1171 876 1273 926 τινὲς
1306 873 1528 929 αὐτόματοι
1563 874 1668 933 φυό-
1689 883 1720 918 Β

155 956 326 1003 1ομεναι
365 948 427 989 ἐπὶ
463 951 648 990 πλεῖστον
682 946 890 1003 ἀνέτρεχον
924 949 1067 999 μῆκος.
1144 945 1326 986 ἐνταῦθα
1360 943 1574 1000 ἐκδραμὼν
1600 943 1670 987 ἅτε

208 1016 344 1072 λαγὼς
368 1013 574 1073 ε’κρῦψατο
599 1014 645 1057 τὸ
660 1019 779 1068 σῶμα
801 1015 1012 1064 συστείλας
1029 1014 1090 1055 ἐπὶ
1111 1011 1262 1070 βραχύ.
1331 1013 1414 1055 ἐπεὶ
1440 1013 1484 1054 δὲ
1507 1012 1580 1063 νὺξ
1592 1012 1670 1068 ἤδη

206 1080 259 1140 ’ἦν
285 1086 352 1127 καὶ
379 1084 455 1127 ἔδει
481 1083 576 1134 τοὺς
609 1085 652 1134 ἐξ
676 1082 800 1132 ἔθους
838 1082 949 1140 αὐτῷ
981 1080 1412 1139 νυκτοφυλακήσοντας
1436 1079 1672 1138 περιστήσε-

210 1157 313 1196 σθαι
337 1153 410 1207 τὴν
436 1150 640 1210 φρουράν,
684 1150 862 1208 προσιών
887 1148 908 1193 ὃ
933 1150 1006 1206 τὴν
1031 1149 1198 1207 τήρησιν
1231 1150 1333 1207 πρὸς
1356 1150 1555 1204 βασιλέως
1579 1151 1668 1192 ε’πι-
1690 1156 1722 1191 V
1746 1157 1813 1193 106

210 1221 483 1278 τετραμμένος
517 1221 590 1276 τὴν
627 1219 752 1263 αὐτοῦ
786 1218 861 1270 τάς
887 1237 928 1262 τε
956 1219 1143 1276 φυλακὰς
1167 1218 1302 1262 ἔταττε
1330 1220 1398 1261 καὶ
1423 1218 1474 1260 τὰ
1500 1222 1673 1276 κλεῖθρα

157 1297 200 1334 15
213 1290 408 1333 ἀνασείων
416 1322 430 1342 ,
472 1288 568 1346 ὅπερ
603 1287 773 1344 ἑκάστης
799 1288 911 1346 αὐτῷ
936 1289 999 1330 ἐπὶ
1032 1286 1144 1345 ὕπνῳ
1166 1292 1367 1344 χωροῦντι
1394 1287 1548 1331 εἷ’θιστο
1574 1285 1676 1342 ἦμέ-

212 1376 313 1416 ρας,
349 1359 531 1415 ἐπειρᾶτο
560 1360 594 1400 εἴ
617 1355 675 1412 μή
702 1374 740 1399 τι
766 1357 1061 1414 κακουργηθείη
1087 1360 1248 1412 γνῶναι.
1317 1354 1373 1406 ὡς
1395 1357 1438 1398 δὲ
1461 1355 1676 1398 παντάπα-

211 1444 276 1470 σιν
303 1425 615 1481 ἇνεπιβούλευτα
640 1430 770 1469 ταῦτα
796 1425 917 1482 ἔγνω,
954 1424 1083 1468 ἀπιών
1109 1424 1154 1467 τὸ
1180 1424 1319 1467 λοιπὸν
1345 1426 1386 1475 ἒς
1409 1423 1534 1466 ὕπνον
1561 1425 1679 1467 κατέ-

213 1497 382 1553 δαρθεν.
443 1493 695 1551 Ἀνδρόνικος
718 1495 796 1551 γὰρ
825 1496 961 1544 δείσας
985 1494 1043 1549 μὴ
1058 1494 1342 1550 ἀνακεκλιμένη
1365 1498 1416 1550 τῇ
1437 1491 1543 1550 πύλῃ
1564 1511 1679 1550 περι-

212 1564 345 1619 τυχὼν
371 1561 392 1606 ὅ
420 1562 599 1606 Κλάὸων
626 1567 763 1618 (τοῦτο
790 1563 867 1619 γὰρ
895 1564 1098 1618 ἐπίκλησις
1123 1561 1246 1604 ἔκειτο
1273 1567 1332 1620 τῷ
1358 1562 1494 1618 ἀνδρὶ)
1522 1562 1624 1616 ταχὺ
1638 1558 1698 1612 εἷςν

158 1633 288 1688 2οτὴν
313 1631 474 1688 ζήτησιν
499 1632 572 1687 τὴν
598 1632 725 1675 αὐτοῦ
749 1633 986 1686 κατασταίη,
1022 1626 1147 1681 αὖθις
1171 1631 1297 1686 αὐτὴν
1322 1632 1476 1680 ἐπιθεὶς
1497 1630 1677 1688 ἀσφαλι-
1700 1636 1732 1671 C

215 1700 389 1755 σάμενός
413 1718 455 1744 τε
481 1699 744 1758 ἀνεχώρησεν,
779 1699 913 1755 ἐπειδή
940 1718 982 1743 τε
1010 1700 1111 1757 ἀωρὶ
1137 1704 1218 1742 τῶν
1244 1704 1396 1742 νυκτῶν
1421 1698 1500 1754 ἤδη
1528 1700 1679 1755 ἐγένετο

216 1770 281 1812 ἐπὶ
308 1769 360 1812 τὰ
387 1769 537 1823 ἔσχατα
562 1774 634 1824 τῆς
661 1770 801 1811 αὐλίου
832 1767 988 1821 ἐλθών,
1024 1763 1072 1811 οὗ
1099 1768 1148 1823 δὴ
1174 1772 1421 1811 τελευτῶσαν
1448 1768 1574 1822 αὐτὴν
1599 1785 1681 1810 τει-

212 1839 305 1893 χίον
337 1835 560 1895 ὗπερείδει,
601 1838 801 1895 μετέωρον
835 1838 909 1892 μέν
943 1838 990 1880 οὗ
1025 1835 1130 1879 πάνυ
1164 1853 1203 1877 τι
1235 1835 1281 1878 ὂν
1314 1835 1495 1894 τοσούτῳ
1534 1837 1578 1877 δὲ
1610 1840 1684 1890 τῆς

310 1946 346 1984 8.
367 1925 560 1990 ἔχόμενος]
595 1944 721 1979 Nonne
743 1941 924 1990 ἐχομένηῖ
1073 1945 1129 1982 12.
1152 1941 1567 1989 νυκτοφυλακήσοντας]
1593 1942 1681 1979 eod.

312 2001 723 2082 vvutomvzoemq'cngg.

221 2129 368 2165 zantium
383 2128 552 2164 reduxere
563 2154 574 2171 ‚
597 2128 654 2163 ubi
673 2128 792 2162 iterum
814 2126 1031 2173 compedibus
1048 2128 1084 2161 et
1108 2137 1243 2161 carcere
1257 2126 1418 2161 multatus
1433 2128 1497 2161 est.
1542 2125 1584 2160 ad
1599 2125 1683 2161 ulti-

222 2188 310 2212 mum
324 2187 408 2210 vero
426 2186 606 2221 expressas
619 2175 653 2208 in
670 2185 747 2209 cera
763 2173 876 2208 claves
890 2173 934 2207 ad
957 2173 1130 2218 coniugem
1146 2173 1318 2218 filiumque
1332 2173 1436 2207 mittit
1446 2201 1456 2217 ‚
1484 2172 1541 2218 qui
1558 2178 1593 2206 et
1607 2173 1683 2207 aliis

221 2223 268 2257 ad
290 2223 354 2256 hoc
369 2221 475 2267 ipsum
499 2221 678 2266 assumptis
705 2219 868 2261 consciis,
902 2231 944 2253 ex
969 2219 1062 2253 ferro
1079 2219 1247 2253 confectus
1268 2219 1310 2253 ad
1327 2230 1403 2253 eum
1413 2219 1597 2254 remittunt.
1642 2219 1686 2252 iis

223 2268 375 2313 acceptis
397 2267 510 2301 statim
533 2272 612 2312 post
633 2266 732 2309 solis,
756 2270 796 2300 ut
810 2265 922 2310 aiunt,
943 2276 1121 2308 occasum,
1143 2264 1234 2310 quod
1250 2270 1379 2311 tempus
1407 2265 1448 2299 ad
1464 2265 1499 2298 id
1514 2275 1687 2309 peragen-

224 2314 302 2348 dum
325 2313 538 2359 praefinitum
562 2314 696 2354 fuerat,
728 2313 913 2346 observata
945 2311 1119 2345 custodum
1144 2310 1318 2356 absentia,
1355 2322 1375 2345 e
1400 2321 1538 2344 carcere
1564 2310 1687 2346 evasit.

225 2365 278 2394 est
300 2371 383 2393 vero
408 2359 575 2404 quoddam
601 2358 800 2392 domicilium
826 2369 919 2392 muro
946 2357 1159 2401 adiunctum,
1182 2356 1215 2390 in
1231 2368 1298 2401 quo
1315 2356 1588 2390 custodiebatur:
1613 2355 1687 2401 ubi,
1776 2363 1797 2367 ”

224 2410 346 2451 utpote
367 2406 476 2439 rarius
500 2404 699 2439 conculcata
722 2409 834 2446 terra,
855 2403 980 2437 herbae
1006 2403 1138 2448 aliquae
1163 2409 1284 2448 sponte
1309 2402 1408 2436 altius
1433 2405 1688 2445 succreverant,

225 2450 261 2485 in
283 2463 367 2496 quas
389 2463 464 2484 cum
486 2451 622 2496 elapsus
645 2462 682 2484 se
702 2449 906 2495 recepisset,
930 2454 1103 2483 contracto
1129 2460 1228 2494 quam
1244 2448 1385 2484 maxime
1403 2459 1547 2493 corpore
1561 2446 1690 2492 leporis

226 2496 333 2531 instar
349 2497 493 2531 delituit.
541 2508 614 2531 cum
631 2508 712 2541 ergo
735 2507 801 2530 nox
824 2495 891 2529 iam
911 2495 1067 2538 adesset,
1098 2499 1297 2540 tempusque
1319 2505 1385 2538 quo
1413 2493 1470 2538 qui
1499 2492 1631 2538 vigilias
1647 2503 1693 2527 ex

228 2553 322 2577 more
334 2543 479 2586 obeunt,
505 2542 678 2577 custodias
694 2542 840 2576 lustrare
854 2541 983 2586 solent,
1006 2541 1192 2587 procedens
1206 2540 1253 2584 is,
1278 2539 1332 2574 cui
1348 2538 1548 2573 demandata
1568 2540 1611 2573 ab
1625 2538 1692 2572 im-

229 2594 388 2633 peratore
399 2588 486 2622 illius
502 2588 713 2623 custodiendi
729 2599 808 2622 cura
823 2589 954 2628 fuerat,
978 2587 1136 2632 vigilibus
1164 2586 1305 2631 positis,
1328 2585 1481 2630 serisque
1504 2584 1690 2624 concussis,

232 2634 321 2678 quod
336 2634 473 2679 singulis
489 2634 607 2669 diebus
634 2634 826 2680 priusquam
842 2633 1018 2668 dormitum
1041 2632 1244 2667 concederet
1258 2633 1375 2666 facere
1391 2631 1524 2665 solebat
1536 2657 1548 2674 ‚
1571 2630 1692 2676 explo-

233 2679 324 2712 ravit
347 2690 391 2714 an
416 2680 518 2714 etiam
545 2681 671 2726 aliquid
687 2680 744 2714 ille
760 2679 838 2715 mali
861 2684 953 2714 esset
973 2678 1190 2714 machinatus.
1236 2678 1295 2712 sed
1309 2681 1348 2711 ut
1362 2689 1403 2711 ea
1418 2676 1550 2712 omnino
1570 2674 1691 2722 procul

233 2724 278 2758 ab
292 2725 378 2758 omni
399 2725 476 2759 dolo
505 2737 580 2761 esse
608 2726 776 2768 advertit,
799 2725 877 2760 inde
902 2736 1059 2770 egressus
1074 2735 1190 2758 somno
1206 2734 1244 2758 se
1259 2724 1399 2758 daturus
1415 2722 1508 2757 abiit.
1555 2722 1692 2758 Andro-

234 2769 328 2804 nicus
341 2770 428 2805 enim
440 2771 568 2807 veritus
592 2783 636 2806 ne
661 2772 688 2807 si
712 2775 845 2817 portum
859 2771 1057 2806 offendisset
1080 2775 1230 2816 apertam
1247 2769 1377 2805 Cladon
1401 2769 1452 2814 (id
1467 2768 1555 2802 enim
1569 2765 1692 2802 homini

235 2826 358 2849 nomen
374 2817 461 2860 erat)
487 2818 647 2853 continuo
671 2818 910 2863 insequeretur
933 2822 969 2852 et
991 2829 1028 2852 se
1050 2816 1285 2863 perquireret,
1318 2816 1377 2850 illa
1390 2815 1511 2849 iterum
1527 2815 1640 2848 clausa
1656 2814 1692 2844 et

242 2861 404 2897 obserata
417 2862 639 2899 abneeuerat.
685 2875 763 2900 mox
778 2864 982 2911 intempesta
994 2863 1060 2899 iam
1075 2867 1176 2898 nocte
1190 2862 1234 2899 ad
1257 2867 1410 2898 extrema
1423 2859 1582 2896 domicilii
1595 2857 1693 2894 istius
