1878 3262
271 204 367 251 126
693 201 999 247 NICEPHom
1029 185 1298 259 'BRYENNII

267 314 527 369 ἐπιστάμενος
551 315 618 356 καὶ
640 314 687 357 τὸ
713 314 894 366 αὔθαδες
915 319 995 358 τῶν
1017 317 1107 374 περὶ
1129 311 1251 358 αὐτόν
1262 348 1276 368 ,
1309 317 1390 360 ἐπεὶ
1409 320 1475 362 καὶ
1497 322 1719 380 δουλοκρα-

264 385 459 439 τουμένην
481 381 592 440 ἑώρα
615 380 760 426 τούτου
782 384 855 439 τὴν
881 386 1075 437 ἐξουσίαν,
1112 386 1247 435 δείσας
1267 387 1356 442 περὶ
1377 391 1448 429 τοῦ
1470 388 1637 444 ἀνεψιοῦ
1658 389 1717 447 μή

264 471 302 494 τι
336 451 452 508 πάθῃ
486 450 718 509 καινότερον
750 452 1008 507 συνεβούλευε
1042 451 1171 510 τούτῳ
1202 457 1260 511 τῷ
1287 457 1374 511 θεῷ
1402 460 1718 514 καθιερωθῆναιζ

262 520 284 563 ὅ
317 523 457 563 τοίνυν·
479 525 700 575 τηνικαῦτα
730 521 799 565 τὸν
829 526 901 576 τῆς
932 523 1200 579 πατριαρχιάς
1221 520 1372 578 θρόνον
1394 522 1544 567 ἰθύνων
1575 521 1653 582 (ἦν
1677 528 1719 570 δὲ

140 597 171 631 P
194 597 239 632 84
266 590 420 644 Θωμᾶς
440 587 461 631 ὅ
486 590 613 645 με’γας
636 592 702 632 καὶ
725 589 980 647 περιβόητος)
1014 590 1086 645 τὴν
1111 588 1379 647 καθαρότητα
1397 596 1470 634 τοῦ
1491 593 1636 651 ἀνδρὸς
1657 607 1749 651 γι-5

260 657 424 701 νώσκων
446 662 505 715 τῷ
535 656 670 715 κλήρῳ
697 658 818 700 αὐτὸν
841 660 1094 715 συγκατέλεξε
1119 660 1186 701 καὶ
1208 659 1298 713 μετ’
1325 659 1456 715 ὀλίγον
1475 664 1719 719 μητροπολί-

259 745 333 783 την
351 726 523 784 Ἐφέσου
546 726 874 784 κεχειροτόνηκεν.

399 796 478 840 25.
542 793 592 837 ‘0
608 795 878 851 Βοτανειάτης
898 796 941 837 δὲ
961 799 1041 837 τῶν
1060 799 1131 850 τῆς
1152 796 1360 849 βασιλείας
1379 794 1592 854 σκήπτρων
1610 795 1720 853 γενόὰ,

260 881 380 919 μενος
415 862 630 921 ἐγκρατής,
692 866 820 907 καίτοι
866 871 949 913 τοῖς
994 864 1126 914 οὖδοῖς
1155 866 1417 921 προσεγγίσας
1450 869 1523 907 τοῦ
1555 864 1719 923 γήραος,

261 937 418 986 μᾶλλον
439 934 483 974 δὲ
503 935 570 974 καὶ
591 931 743 975 τούτων
767 932 878 974 ἔνδον
900 931 1120 987 γενόμενος,
1147 935 1214 974 καὶ
1239 934 1331 975 δυσὶ
1352 932 1497 988 γάμοις
1520 951 1714 991 προσομι-
1732 948 1776 983 10

261 1001 391 1055 λήσας
412 1000 630 1056 πρότερον,
667 999 775 1053 ὅμως
795 995 917 1051 αὖθις
933 1001 1004 1055 τὴν
1026 1003 1219 1054 βασιλίδα
1239 1004 1413 1058 Μαρίαν
1435 1001 1618 1058 ἠγάγετο.
1651 1005 1720 1046 καὶ

260 1069 338 1125 γὰρ
364 1067 450 1122 ἅμα
472 1072 530 1125 τῷ
551 1068 620 1110 τὸν
643 1067 914 1123 Βοτανειάτην
940 1070 1110 1124 ἐγκρατῆ
1131 1074 1203 1123 τῆς
1223 1072 1432 1123 βασιλείας
1456 1071 1642 1127 γενέσθαι
1665 1073 1721 1121 εἰς
1757 1084 1759 1086 “

263 1137 309 1178 τὸ
343 1137 470 1192 ἀγχοῦ
501 1140 573 1190 τῆς
599 1133 778 1193 Σιδηρᾶς
797 1129 1040 1190 διακείμενον
1060 1137 1351 1195 μοναστήριον,
1388 1138 1411 1180 ὃ
1427 1141 1603 1196 Πετρίον
1628 1139 1722 1181 ὄνο-

210 1212 242 1248 Β
264 1204 452 1260 μάζεται,
499 1202 525 1259 ἡ
554 1207 716 1259 βασιλὶς
738 1206 889 1261 Μαρία
913 1205 1147 1247 ἀπελθοῦσα
1169 1208 1289 1248 ἒκεῒσε
1310 1207 1382 1248 τᾶν
1407 1207 1559 1262 οἴκησιν
1583 1206 1720 1262 ἐποιή-

263 1291 377 1317 σατο.
446 1274 527 1315 ἐπεὶ
553 1275 596 1316 δὲ
616 1278 674 1331 τῷ
695 1272 896 1328 θελήματι
917 1278 990 1315 τοῦ
1012 1276 1227 1331 καίσαρος,
1252 1272 1317 1324 ὡς
1339 1273 1359 1316 ὃ
1380 1274 1496 1330 λόγος
1521 1277 1775 1332 (ramesen-15

264 1360 337 1400 ρον
362 1344 403 1384 ἒν
422 1340 576 1400 ὑστέρῳ
600 1341 794 1397 δηλώσει,
830 1343 1080 1397 καταπειθὴς
1102 1340 1306 1398 γεγονώςὸ
1325 1342 1596 1398 Βοτανειάτης
1617 1344 1720 1400 ἄγα-

262 1413 409 1468 γε’σθαι
435 1409 584 1465 ταύτην
605 1413 834 1467 προείλετο,
869 1410 1240 1465 μετακαλεσάμενος
1273 1411 1397 1466 αὐτὴν
1430 1409 1451 1453 ὅ
1482 1418 1628 1469 καῒσαρ
1664 1414 1720 1463 εἷς

261 1481 316 1522 τὰ
344 1481 532 1533 βασίλεια
562 1478 707 1534 εἰσάγει
717 1512 730 1531 ,
781 1479 948 1522 κᾶπειτα
979 1484 1059 1522 τῶν
1092 1479 1193 1536 πρὸς
1219 1480 1291 1535 τὴν
1321 1481 1534 1535 μνηστείαν
1554 1479 1719 1535 ἕτοιμα-

263 1550 445 1590 σθέντων
475 1550 542 1589 καὶ
573 1547 650 1604 πρὸ
684 1551 765 1589 τῶν
794 1552 931 1590 πυλῶν
958 1552 1030 1590 τοῦ
1058 1549 1243 1602 τεμένους
1272 1553 1345 1590 τοῦ
1366 1566 1408 1591 τε
1429 1550 1628 1602 βασιλέως
1650 1550 1718 1591 καὶ

258 1620 331 1670 τῆς
352 1618 563 1670 βασιλίδος
582 1617 768 1672 νυμφίων
787 1615 866 1671 ἤδη
890 1617 1110 1670 ἱσταμένων
1122 1648 1135 1668 ,
1181 1618 1262 1658 ἐπεὶ
1289 1615 1310 1658 ὃ
1331 1618 1488 1671 με’λλων
1505 1617 1588 1672 ,τὴν
1611 1626 1772 1671 μνη-ΞΟ

258 1686 392 1728 στείαν
425 1685 580 1727 τελέσαι
613 1683 759 1727 ἑαυτοῦ
792 1684 961 1741 γεγονὼς
990 1687 1057 1727 καὶ
1080 1687 1270 1740 πτοηθεὶς
1293 1685 1366 1741 τὴν
1387 1687 1624 1741 καθαίρεσιν
1649 1685 1716 1727 διὰ

351 1795 384 1828 1.
407 1790 792 1837 δουλοκρατουμένην]
817 1792 872 1826 Ita
893 1792 933 1827 P.
958 1804 1021 1837 pro
1045 1791 1396 1837 δολοκρατουμένην.
1502 1791 1536 1828 5.
1563 1791 1714 1837 Θωμᾶς]

347 1838 525 1873 Fabricius
546 1839 706 1873 Biblioth.
726 1850 779 1883 gr.
803 1838 877 1872 VII.
903 1850 937 1884 p.
954 1838 1032 1874 674.
1056 1838 1154 1872 Harl.
1177 1839 1315 1883 corrigit
1336 1836 1500 1882 Κόσμας.

261 1930 318 1975 qui
336 1930 594 1975 praevaluerat,
627 1932 663 1963 et
687 1929 859 1963 audaciam
886 1940 999 1964 eorum
1023 1929 1079 1974 qui
1094 1941 1166 1964 cum
1181 1930 1256 1974 ipso
1271 1934 1367 1963 erant
1381 1933 1542 1974 reputans
1559 1928 1716 1973 (videbat

262 1977 346 2010 enim
371 1988 443 2010 eum
468 1975 650 2020 gubernari
666 1976 803 2009 consilio
820 1976 1010 2019 servorum)
1027 1979 1129 2020 atque
1144 1976 1223 2009 inde
1248 1975 1321 2009 iure
1344 1981 1496 2009 metuens
1512 1975 1627 2008 fratris
1642 1974 1713 2008 filio

261 2033 306 2054 ne
321 2023 410 2064 quod
426 2022 524 2056 triste
539 2034 579 2055 ac
594 2021 758 2055 nefarium
775 2021 958 2067 exemplum
973 2022 1008 2055 in
1025 2033 1064 2054 eo
1084 2021 1242 2055 ederetur
1254 2049 1265 2065 ‚
1296 2025 1414 2055 auctor
1439 2020 1503 2065 ipsi
1518 2020 1580 2054 fuit
1595 2024 1634 2054 ut
1649 2019 1713 2053 deo

262 2077 301 2100 se
317 2072 541 2102 consecraret.
588 2068 646 2112 qui
669 2079 750 2111 ergo
778 2071 859 2101 tunc
884 2067 1129 2112 patriarchatus
1152 2067 1319 2100 insidebat
1342 2067 1462 2100 throno
1487 2066 1636 2100 Thomas
1655 2065 1714 2098 ille

261 2122 402 2156 magnus
419 2123 458 2145 ac
473 2113 688 2156 percelebris,
720 2113 901 2158 puritatem
916 2113 980 2146 viri
998 2116 1200 2157 compertam
1214 2113 1341 2147 habens
1358 2112 1448 2146 clero
1462 2111 1569 2157 ipsum
1584 2110 1710 2154 allegit,

261 2163 300 2192 et
313 2158 411 2203 paulo
428 2162 507 2202 post
520 2159 767 2201 metropolitam
782 2159 913 2204 Ephesi
927 2158 1104 2193 ordinavit.

354 2203 411 2238 25.
458 2203 654 2236 Botaniates
683 2214 766 2238 vero
793 2210 915 2250 potens
941 2204 1071 2249 imperii
1095 2204 1228 2249 sactus,
1262 2203 1327 2238 etsi
1348 2203 1383 2238 in
1405 2203 1517 2237 limine
1529 2201 1712 2236 senectutis

263 2252 358 2291 erat,
387 2253 446 2282 aut
470 2248 582 2294 potius
607 2247 642 2281 in
666 2259 737 2281 eam
759 2251 932 2292 ingressus
957 2250 1022 2284 iam
1050 2254 1122 2283 erat
1137 2276 1146 2292 ,
1179 2255 1214 2284 et
1228 2250 1280 2284 bis
1297 2261 1432 2283 uxorem
1446 2249 1538 2294 prius
1554 2247 1711 2289 duxerat,

261 2300 374 2329 tamen
390 2305 504 2328 rursus
520 2293 764 2338 imperatricem
780 2295 919 2328 Mariam
935 2295 999 2329 sibi
1015 2295 1195 2340 copulavit.
1243 2295 1365 2329 etenim
1388 2300 1426 2328 ut
1445 2295 1509 2328 iam
1532 2292 1634 2338 plane
1647 2293 1713 2326 im-

260 2340 346 2386 perii
362 2345 549 2384 compotem
565 2339 767 2373 Botaniaten
786 2339 870 2372 vidit
886 2339 996 2373 Maria
1013 2344 1174 2385 Augusta,
1189 2341 1223 2374 in
1237 2340 1473 2375 monasterium
1489 2349 1596 2391 prope
1610 2337 1711 2371 Side-

260 2398 332 2419 ram
347 2386 420 2419 sive
437 2386 597 2419 Ferreum
611 2385 710 2419 situm
720 2412 730 2429 9
760 2385 850 2429 quod
866 2385 1018 2418 Petrium
1033 2386 1221 2418 nominatur
1234 2411 1245 2427 ‚
1275 2386 1436 2421 secedens
1455 2384 1503 2416 ibi
1524 2393 1712 2417 commora-

258 2432 370 2465 batur.
416 2436 594 2475 postquam
609 2431 825 2474 persuasione
842 2430 1020 2472 Caesaris,
1051 2434 1091 2463 ut
1105 2434 1225 2474 postea
1240 2429 1427 2463 distinctius
1441 2427 1625 2471 trademus,
1647 2427 1711 2462 ad-

260 2477 381 2511 ductus
397 2477 597 2510 Botaniates
624 2475 776 2509 decrevit
797 2485 870 2508 earn
887 2486 1023 2509 uxorem
1039 2475 1180 2517 ducere,
1208 2485 1384 2508 accersens
1398 2484 1470 2507 eam
1486 2473 1564 2507 inde
1580 2473 1711 2509 Caesar

257 2522 293 2555 in
308 2522 465 2567 palatium
480 2522 622 2557 induxit.
669 2520 790 2554 deinde
810 2521 912 2554 rebus
927 2521 970 2554 ad
986 2521 1176 2565 nuptiarum
1191 2519 1446 2555 celebrationem
1460 2519 1583 2564 paratis
1593 2545 1603 2561 ‚
1634 2530 1710 2554 cum

259 2567 325 2602 iam
351 2573 430 2601 ante
454 2569 546 2602 fores
571 2567 688 2612 templi
710 2567 894 2611 imperator
918 2566 1114 2600 Botaniates
1141 2571 1177 2600 et
1191 2566 1299 2600 Maria
1315 2569 1466 2608 Augusta
1492 2564 1571 2598 novi
1593 2565 1709 2610 sponsi

255 2613 503 2654 consisterent,
536 2618 716 2658 postquam
740 2612 798 2657 qui
824 2622 925 2646 sacra
949 2612 1127 2646 cerimonia
1150 2611 1244 2655 fungi
1264 2610 1419 2645 sacerdos
1434 2610 1596 2652 debebat,
1627 2610 1709 2655 quid

259 2663 379 2703 ageret
394 2660 567 2704 reputavit
582 2664 617 2692 et
631 2658 741 2692 vereri
756 2658 868 2702 coepit
882 2669 924 2691 ne
940 2658 1128 2692 sacerdotio
1145 2658 1368 2702 deponeretur
1379 2656 1406 2689 si
1419 2656 1595 2696 mulierem,
1613 2655 1710 2690 cuius

258 2706 311 2738 vir
326 2704 471 2738 Michael
495 2715 613 2748 nempe
630 2704 742 2736 Ducas
766 2715 875 2748 nuper
896 2703 1077 2748 imperator
1093 2703 1200 2737 adhuc
1213 2702 1345 2736 viveret
1360 2713 1433 2735 cum
1447 2701 1626 2735 Botaniate
1641 2701 1708 2736 iam

259 2757 421 2795 regnante
437 2750 652 2793 coniungeret
663 2774 673 2790 ,
691 2749 784 2782 cuius
799 2760 886 2782 uxor
901 2760 998 2793 quam
1013 2749 1167 2782 secundis
1182 2747 1305 2792 nuptiis
1321 2752 1400 2781 ante
1414 2747 1585 2791 imperium
1601 2747 1708 2782 duxe-

259 2802 346 2839 rats
361 2795 470 2830 adhuc
490 2796 569 2829 item
591 2799 761 2839 superstes
775 2794 809 2827 in
825 2794 911 2827 vivis
926 2798 1002 2828 erat
1017 2794 1230 2828 considerans
1245 2793 1329 2827 haec
1343 2793 1476 2837 inquam
1492 2797 1528 2826 et
1543 2793 1640 2838 plane
1651 2792 1707 2826 in-

258 2843 413 2888 telligens
435 2847 593 2887 quantum
618 2839 697 2875 mali
719 2839 965 2884 conscisceret,
995 2839 1024 2874 si
1046 2850 1109 2884 pro
1126 2839 1273 2885 legitimo
1288 2838 1493 2874 matrimonio
1507 2837 1708 2875 adulterium
