1878 3262
353 214 412 258 IN
436 210 752 255 HISTORIAM
770 207 998 252 IOANNIS
1021 206 1254 252 CINNAMI
1273 205 1476 251 NOTAE.
1552 204 1651 255 351

183 326 358 365 exercitu
387 322 488 376 (rex
514 319 765 373 willelmus)
793 317 1087 359 Brundusium
1116 319 1243 368 venit,
1271 316 1344 355 ubi
1370 325 1465 354 cum
1484 316 1653 355 Graecis

183 383 469 435 conflicturus,
506 377 568 416 ad
588 392 779 431 pugnam
810 377 921 415 iubet
951 376 1102 414 milites
1129 373 1320 427 expediri.
1379 374 1527 412 Graeci
1559 385 1652 413 vero

183 440 257 478 ubi
283 439 441 479 comitis
466 436 655 485 Roherti,
686 436 804 473 cuius
812 433 1176 486 praestolabantur
1192 430 1412 470 adventum
1425 460 1437 480 ‚
1459 429 1596 469 vident
1611 443 1654 467 se

181 494 454 547 dfiaudatos
483 493 664 544 auxilio,
695 490 810 545 quod
838 493 1007 529 unicum
1042 489 1223 527 restabat
1249 488 1487 536 consilium,
1505 489 1653 538 fortu-

180 567 278 592 nam
315 553 474 604 eligunt
507 551 691 602 experiri.
753 561 899 600 anceps
929 549 974 584 in
1001 548 1211 598 principio
1236 559 1388 596 pugna
1406 546 1524 595 fuit.-
1560 542 1654 581 inde

184 611 332 649 Graeci
368 623 450 647 non
492 608 672 646 valentes
706 606 884 658 amplius
911 603 1078 642 hostiles
1102 604 1277 654 impetus
1302 604 1524 651 sustinere,
1557 601 1654 651 fusi

180 669 368 719 caesique
393 671 511 716 sunt,
541 678 696 717 magna
709 677 815 716 Pars
833 675 970 700 eorum
987 674 1078 699 cum
1098 658 1276 697 ducibus
1291 659 1380 696 suis
1399 660 1656 697 Panormum

177 724 410 763 transvecti.

291 816 334 854 p.
360 804 440 843 170
466 812 510 841 v.
534 801 600 841 17.
655 793 871 852 Ἀνδρέαν]
911 795 1111 835 Andream
1139 794 1324 833 comitem
1354 793 1656 845 Rupiscaninae,

180 859 249 911 qui
272 858 433 897 tandem
462 855 652 894 concessit
682 853 1086 906 Constantinopolim,
1114 851 1423 905 possessionibus
1451 852 1530 888 suis
1551 862 1656 888 exu-

179 922 257 957 tus.
300 929 340 955 v.
363 914 529 966 Tyrium
548 918 588 950 et
607 912 831 951 Chronicon
849 912 1010 949 Ceccan.
1031 910 1078 949 A.
1103 911 1224 951 1161.
1283 909 1332 946 de
1352 906 1512 945 Andrea
1532 912 1656 957 agunt

178 977 385 1027 praeterea
411 969 634 1009 'Falcandus
657 983 698 1022 p.
725 969 808 1013 650
836 974 877 1007 et
907 967 1017 1006 Otho
1044 966 1210 1017 Frising.
1234 966 1260 1005 l.
1277 970 1306 1009 2
1334 965 1384 1003 de
1410 964 1517 1005 Gest.
1543 963 1653 1002 Frid.

181 1043 214 1069 c.
231 1033 284 1071 23
305 1035 345 1068 et
361 1031 443 1072 29,

291 1121 331 1147 v.
349 1109 418 1149 20.
474 1105 496 1148 ὅ
511 1100 672 1157 Ῥώμης
690 1100 916 1158 ἀρχιερεύς]
946 1103 1002 1141 De
1019 1101 1118 1141 inita
1137 1100 1356 1140 Adrianum
1371 1100 1475 1139 inter
1492 1105 1534 1138 et
1547 1098 1652 1139 Wil-

178 1165 340 1205 lelmum
362 1177 460 1216 pace
481 1164 566 1202 fuse
588 1162 782 1200 Baronius
801 1175 851 1200 ex
871 1161 981 1199 Actis
1004 1159 1183 1199 Adriani.
1372 1185 1375 1189 Δ

290 1246 330 1285 Ρ.
356 1234 434 1273 171
458 1244 497 1270 v.
517 1233 556 1273 6.
612 1230 794 1285 ἐπιτιμίῳ
823 1226 894 1270 τὸν
923 1230 1057 1281 δῆμον
1091 1220 1423 1278 καθυποβάλλει]
1459 1223 1651 1276 Castigat

172 1290 396 1343 populum,
425 1288 482 1327 ita
510 1287 634 1326 vertit
663 1287 835 1325 Tollius:
864 1285 933 1323 sed
962 1285 1071 1324 aliud
1101 1290 1158 1323 est
1185 1283 1367 1338 ἐπιτιμίῳ
1392 1279 1650 1334 ὑποβάλλειν.

178 1354 239 1386 est
264 1346 367 1385 enim
388 1345 585 1397 ἐπιτίμιον
606 1345 648 1382 in
671 1343 846 1381 conciliis
863 1342 1029 1394 passim,
1059 1354 1129 1380 seu
1151 1340 1348 1393 ἐπιτιμία,
1371 1339 1432 1377 uti
1451 1352 1535 1378 vox
1551 1337 1651 1376 haec

178 1404 340 1442 effertur
370 1402 414 1440 in
445 1401 612 1439 concilio
646 1399 895 1439 Antiocheno
924 1413 1006 1438 non
1034 1398 1175 1447 semel,
1216 1410 1343 1449 poena
1378 1395 1652 1444 ecclesiastica,

178 1473 279 1511 quae
315 1459 561 1509 delinquenti
593 1457 641 1495 ab
681 1458 863 1510 episcopo
893 1463 964 1495 aut
991 1455 1198 1494 sacerdote
1225 1453 1464 1506 imponitur:
1504 1453 1652 1503 poeni-

178 1519 328 1556 tentias
351 1515 544 1554 eiusmodi
566 1528 711 1567 poenas
734 1527 940 1553 vocamus:
958 1514 1018 1565 fit
1041 1514 1187 1561 etiam,
1215 1511 1348 1562 inquit
1371 1509 1560 1549 Alcuinus
1582 1509 1651 1547 lib.

178 1575 229 1613 de
257 1573 410 1612 Divinis
436 1572 574 1622 offic„
597 1579 763 1624 propter
781 1578 954 1623 peccata
972 1567 1245 1618 emendanda,
1276 1567 1574 1605 ecclesiasticus
1595 1567 1654 1604 ri-

174 1645 272 1684 gor,
302 1632 523 1682 correptio,
553 1629 935 1678 excommunicatio,
965 1626 1014 1664 de
1030 1626 1197 1664 ecclesia
1216 1625 1416 1674 exclusio,
1446 1624 1550 1675 leges
1556 1637 1655 1674 poe-

177 1689 389 1736 nitentiae,
419 1686 795 1725 anathematizatio.
855 1684 1084 1723 Anastasius
1101 1681 1424 1721 bibliothecarius
1442 1680 1495 1718 ad
1514 1680 1604 1720 Act.
1627 1682 1650 1721 1

178 1751 342 1784 octavae
360 1744 521 1796 synodi:
551 1744 737 1795 epitimia
754 1742 877 1780 multi
896 1740 1060 1794 quidem
1076 1741 1371 1791 increpationes
1387 1740 1657 1788 interpretan-

179 1809 270 1853 tur,
298 1801 370 1838 sed
395 1802 497 1850 ista,
527 1808 564 1838 et
592 1801 734 1838 multis
756 1801 800 1837 in
821 1800 924 1837 locis
937 1813 1016 1850 pro
1032 1799 1178 1850 poenis
1194 1803 1379 1848 ponunt,
1410 1808 1515 1846 quas
1533 1794 1656 1831 eccle-

179 1860 246 1895 sia
274 1858 492 1909 unicuique
508 1871 586 1909 pro
610 1858 809 1908 qualitate
830 1856 1046 1907 culparum
1057 1855 1262 1906 praecipit
1280 1849 1579 1900 observandas,
1610 1857 1657 1888 ut

170 1922 283 1966 puta
314 1915 491 1964 ieiunia,
516 1915 690 1965 fletum,
729 1913 1018 1951 abstinentiam
1047 1911 1250 1960 ciborum,
1291 1909 1588 1961 genuflexiones
1617 1913 1656 1944 et

177 1972 245 2009 liis
273 1971 446 2011 similia.
506 1970 559 2008 ad
591 1970 680 2009 Act.
706 1973 779 2010 10:
813 1970 1063 2020 epitimium,
1093 1968 1409 2019 increpationem
1437 1965 1502 2004 vel
1525 1962 1656 2002 indu-

178 2035 288 2066 ctam
299 2039 478 2079 poenam
491 2040 571 2078 pro
591 2027 742 2077 culpis,
771 2038 872 2076 quae
892 2026 1024 2063 omnia
1039 2024 1253 2063 firmantur
1278 2022 1411 2062 verbis
1428 2021 1602 2060 Actionis
1622 2023 1651 2061 2

177 2084 352 2123 eiusdem
373 2083 548 2122 concilii:
577 2080 625 2123 τοὶ
645 2081 860 2134 ὁρισθέντα
879 2081 1056 2134 ἐπιτίμια
1076 2084 1176 2122 πᾶσι
1197 2084 1290 2128 τοῖς
1305 2073 1651 2132 περιπεπτωκόσιν

178 2138 574 2196 ἄναγνωσθήτωσαν.
632 2138 701 2179 καὶ
725 2136 864 2191 λαβών
881 2137 1092 2189 Στέφανος
1110 2133 1295 2190 νοτοὶριος
1324 2132 1491 2187 ἀνέγνω.
1552 2133 1649 2174 ἔστω

177 2196 224 2240 τό
245 2198 443 2250 ἐπιτίμιον
470 2200 552 2237 τῶν
582 2193 655 2248 μὲν
678 2191 1024 2249 κρεωφαγούντων
1054 2191 1187 2246 ἆποχῆ
1215 2190 1399 2244 κρέατος,
1429 2192 1556 2241 τυροῦ
1580 2189 1651 2231 καὶ

181 2251 284 2296 ωὀὗ·
309 2258 391 2295 τῶν
418 2251 462 2295 δὲ
494 2251 550 2306 μή
574 2248 921 2305 κρεωφαγούντων
948 2254 1076 2306 τυροῦ
1107 2248 1177 2290 καὶ
1208 2244 1295 2288 ὤοῦ
1312 2247 1380 2288 καὶ
1406 2244 1551 2300 ἰχθύος
1572 2253 1648 2288 etc.

181 2312 386 2351 differebat
412 2311 535 2363 igitur
564 2310 762 2362 ἐπιτίμιον
793 2309 843 2347 ab
874 2304 1301 2354 excommunicatione,
1341 2305 1416 2342 etsi
1442 2304 1649 2343 interdum

178 2369 392 2420 generatim
418 2382 493 2419 pro
518 2367 658 2418 quavis
684 2378 812 2415 poena
841 2362 1100 2402 ecclesiastica
1127 2362 1247 2401 etiam
1274 2375 1348 2413 pro
1379 2361 1465 2413 ipsa
1484 2374 1648 2399 excom-

178 2426 447 2464 municatione
477 2427 673 2461 sumatur.
731 2420 840 2459 Ioan.
866 2420 1061 2458 Diaconus
1080 2418 1106 2457 l.
1126 2422 1154 2461 2
1180 2419 1295 2458 Vitae
1314 2419 1449 2456 Sancti
1471 2417 1650 2469 Gregorii

179 2494 216 2523 c.
233 2481 308 2525 45:
336 2482 527 2518 tristatus
550 2485 628 2529 est,
659 2479 762 2530 quia
778 2484 996 2529 antequam
1014 2478 1137 2515 exiret
1156 2473 1205 2514 de
1224 2475 1306 2512 liae
1325 2477 1433 2524 vita,
1464 2489 1545 2513 non
1563 2474 1649 2512 sol-

179 2539 239 2577 vit
255 2551 347 2576 eum
366 2537 419 2575 ab
438 2535 861 2575 excommunicationis
883 2535 1079 2586 epitimio.
1138 2537 1245 2570 certe
1260 2531 1337 2570 hoc
1359 2531 1539 2570 Cinnami
1558 2531 1649 2570 loco

181 2594 626 2633 excommunicationem
641 2591 754 2630 innui
770 2597 891 2643 puto,
921 2596 967 2629 ut
989 2590 1068 2628 hoc
1085 2588 1336 2640 Pachymeris
1356 2588 1416 2630 1.3
1437 2589 1556 2638 c.25,
1576 2588 1648 2626 ubi

183 2650 232 2688 de
249 2650 472 2702 patriarcha
493 2648 863 2700 constantinopolit.
884 2661 907 2685 a
928 2661 1008 2698 quo
1026 2646 1145 2685 sacris
1162 2645 1400 2684 interdictus
1418 2646 1550 2685 fuerat
1568 2645 1647 2684 Mi-

183 2706 296 2746 chael
320 2707 571 2760 Palaeologus
598 2707 800 2759 imperat.:
830 2704 897 2746 καὶ
930 2701 1048 2758 ἑγγύς
1076 2698 1181 2757 ἦλθε
1207 2705 1281 2744 τοῦ
1306 2698 1561 2745 κινδυνεύειν
1588 2702 1647 2751 εἷς

183 2761 258 2816 τήν
283 2763 392 2805 ἰδίαν
415 2764 638 2816 ἐπιτιμίαν,
672 2762 728 2812 οἷς
751 2765 836 2810 τοῖς
858 2765 1074 2816 πραχθεῖσι
1098 2755 1375 2813 μεσολαβήσας
1396 2759 1550 2807 ἐκεῖνος
1558 2789 1574 2808 ,
1605 2764 1646 2797 et

183 2820 211 2862 l·
232 2822 258 2861 9
280 2833 315 2865 0.,
334 2823 382 2862 2:
409 2817 483 2864 οὐκ
515 2819 628 2871 ἄξιον
664 2816 862 2875 λεγόντων
891 2815 1019 2867 οὕτως
1050 2817 1119 2862 ἐπὶ,
1142 2814 1346 2859 τοσούτων
1374 2819 1434 2873 τῷ
1460 2815 1643 2868 ἐπιτιμίῳ

184 2877 455 2930 συνίσχεσθαι.
508 2878 567 2917 ita
593 2878 702 2932 apud
725 2875 981 2920 Theodorum
999 2874 1198 2921 studitam
1213 2874 1258 2916 in
1277 2872 1465 2916 Cathech.
1490 2872 1534 2918 ἐν
1553 2871 1642 2914 ἐπι-

1679 796 1800 834 Ρ458
