1878 3262
249 194 347 241 238
727 188 952 233 IOANNIS
981 187 1212 235 CINNAMI
1245 215 1251 219 ·

247 301 547 363 κληρωσάμενοι
575 301 747 346 εἷ’σονται
769 302 844 345 τίνι
868 298 1095 359 ξυγκροῦειν
1120 301 1233 344 αὐτοὶ
1255 298 1586 358 τετολμήκασιν.”
1654 299 1698 344 ἓν

246 374 403 422 τούτοις
419 373 492 426 μὲν
512 371 564 413 τὰ
579 375 652 413 τοῦ
669 369 906 428 γράμματος
923 365 1039 426 ἦσαν.
1107 368 1128 413 ὅ
1153 370 1195 412 δὲ
1219 371 1351 426 ἐπειδὴ
1366 375 1445 413 τῶν
1463 371 1527 412 ἐπ’
1545 369 1713 428 Ἀντιο-ι

245 444 338 500 χείᾳ
367 441 617 495 ἠλπισμένων
646 438 909 495 ἀπετύγχανεν
940 438 1040 494 ἤδη,
1076 439 1238 480 ἐνέκειτο
1267 440 1354 495 περὶ
1385 437 1531 494 κήδους
1559 436 1697 479 λοιπὸν

106 521 135 555 Ρ
159 523 224 557 138
248 510 317 551 τὸν
331 509 502 563 βασιλέα
522 506 850 564 παραιτούμενος.
917 509 1014 561 μίαν
1032 509 1163 549 τοίνυν
1182 510 1261 548 τῶν
1277 510 1350 548 τοῦ
1363 508 1698 563 πρωτοσεβαστοῦ

247 574 529 634 ἁρμοσάμενος
547 577 782 633 θυγατέρων
801 573 985 630 ὀμώμοκε
1006 574 1144 617 λοιπὸν
1162 576 1227 616 καὶ
1248 572 1382 625 αὐτός,
1403 572 1479 616 ὅσα
1496 577 1562 616 καὶ
1581 577 1695 616 Βαλ-
1707 582 1730 619 5

249 649 406 695 δουῖνος
424 643 445 687 ὃ
467 644 640 702 ἀδελφὸς
663 645 787 703 αὐτοῦ
803 642 1007 701 πρότερον.
1073 642 1263 698 βασιλεὺς
1283 642 1328 684 δέ
1335 674 1348 694 ,
1382 641 1515 696 ἐπειδὴ
1533 642 1699 697 μηδέπω

247 715 300 756 ’τὰ
318 714 418 770 πρὸς
432 713 507 768 τὴν
527 713 638 770 παρὰ
660 711 788 762 πόδας
808 710 1124 769 ἓξαρτυσάμενος
1143 710 1252 765 Ξ-’τυχε
1274 708 1428 765 μάχην,
1460 711 1594 760 δείσας
1609 711 1699 767 περὶ

247 787 299 840 τῇ
326 781 436 824 πόλει
464 780 626 838 Ζεύγμῃ
654 782 716 822 ἐπὶ
738 785 920 824 πλεῖστον
936 780 1013 835 ἤδη
1034 780 1134 837 πρὸς
1153 783 1225 821 τοῦ
1246 777 1454 836 Στεφάνου
1471 794 1701 836 πυργηρου-

247 851 372 907 μὲνῃ,
408 849 485 907 πρὸ
514 854 586 891 τοῦ
619 849 688 891 τὸν
713 848 810 906 ὑπὲρ
839 853 919 891 τῶν
941 848 1044 891 ὅλων
1062 850 1223 904 ἐκρῆξαι
1240 846 1435 901 πόλεμον,
1470 845 1701 903 στράτευμα

246 918 366 974 λόγου
389 917 499 968 ἄξιον
517 921 728 972 βοηθῆσον
755 918 857 973 αὐτῇ
880 917 1077 969 ἔστελλεν,
1106 915 1184 958 ὑπὸ
1207 921 1442 973 στρατηγοῖς
1462 913 1635 970 Μιχαήλ
1657 930 1698 956 τε
1710 921 1755 957 10

247 991 306 1044 τῷ
324 988 472 1044 Γαβρᾷ
491 988 554 1027 καὶ
574 990 631 1042 τῷ
649 984 851 1042 Βρυεννίιιυ
864 984 1013 1042 Ἰωσήφ
1026 1017 1038 1036 ,
1067 983 1144 1041 ὕφ’
1166 983 1235 1034 οὓς
1255 985 1411 1026 ἐτέλουν
1432 980 1545 1024 ἄλλοι
1561 1000 1602 1025 τε
1621 986 1701 1024 τῶν

248 1056 290 1096 ἓν
313 1053 527 1108 Ῥωμαίοις
556 1054 892 1110 ἔπιφανεστέρων,
929 1055 995 1095 καὶ
1016 1051 1201 1106 Ἰωάννης
1219 1052 1263 1094 ὃν
1273 1052 1456 1107 Ἄγγελον
1472 1044 1701 1102 ἐπεκάλουν,

250 1123 351 1179 ἀνὴρ
376 1120 713 1178 ε’μπειροπόλεμος
723 1154 736 1173 ,
771 1123 835 1163 καὶ
853 1120 1037 1176 Ἰωάννης
1057 1120 1076 1163 ὅ
1093 1119 1218 1174 Ἰσής,
1252 1121 1418 1176 Πέρσης
1438 1120 1510 1174 μὲν
1527 1118 1573 1161 τὸ
1591 1118 1702 1175 γένος

246 1195 402 1247 τροφῆς
427 1190 468 1231 δὲ
493 1191 559 1231 καὶ
584 1191 738 1244 διαίτης
758 1189 994 1243 μεταλαχών
1010 1188 1246 1243 Ῥωμαϊκῆς.
1313 1190 1376 1230 ἐπὶ
1406 1188 1524 1229 πλέον
1550 1205 1592 1243 γε
1620 1187 1702 1241 μὴν

193 1271 225 1306 Β
249 1263 298 1315 τῇ
330 1257 440 1300 πόλει
472 1258 686 1314 ἐπαρκέσαι
713 1260 932 1312 βουληθεὶς
954 1261 1052 1307 ναῦς
1072 1255 1163 1299 ὡσεὶ
1182 1251 1368 1306 πλείστας
1387 1259 1642 1313 στρατιωτῶν
1659 1272 1699 1296 τε
1712 1261 1754 1297 15

247 1329 313 1369 καὶ
342 1331 422 1369 τῶν
451 1328 679 1380 ἐπιτηδείων
704 1324 1005 1380 ἐμπλησάμενος
1022 1326 1169 1367 ἐκέλευε
1190 1324 1424 1380 τὸνἼστρον
1444 1321 1702 1380 παραπλεού-

248 1412 324 1445 σας
342 1401 425 1444 τοῖς
443 1393 580 1436 ἔνδοθι
598 1394 781 1451 παρέχειν
797 1398 876 1436 τῶν
897 1394 1144 1450 ἀναγκαίων,
1172 1393 1246 1443 ἕως
1264 1392 1385 1442 αὐτὸς
1400 1393 1620 1448 πανστρατὶ
1639 1392 1702 1433 ἐπὶ

245 1464 318 1518 τὴν
348 1463 542 1517 Οὖννικὴν
571 1462 776 1519 ἀφίκηται.
849 1457 992 1504 Οὖννοι
1026 1463 1090 1513 δέ,
1125 1462 1258 1516 ἐπειδὴ
1286 1458 1411 1502 πολύν
1439 1477 1529 1502 τινα
1553 1457 1702 1517 χρόνον

247 1531 353 1588 ἀμφὶ
374 1535 431 1587 τῷ
452 1529 650 1587 περιβόλῳ
670 1531 994 1586 ἐνδιατρίψαντες
1013 1528 1204 1579 πολλάκις
1224 1547 1265 1571 τε
1288 1529 1414 1570 αὐτοῦ’
1427 1525 1702 1584 ἀποπειρασά-

245 1616 357 1653 μενοι
384 1598 559 1654 Ξ-’γνωσαν
585 1598 809 1654 ἀνεφίκτοις
834 1599 1039 1654 ἐπιχειρεῖν
1073 1598 1148 1652 (αἱ
1172 1597 1249 1654 γὰρ
1272 1595 1491 1650 Ῥωμαϊκαὶ
1517 1600 1608 1649 νῆες
1637 1597 1756 1638 ἔπὶΞΟ

245 1667 319 1722 τὴν
349 1667 539 1720 ἐχομένην
569 1670 754 1719 ποταμοῦ
773 1665 930 1722 Ἴστρου
957 1665 1132 1722 πλευρὰν
1157 1663 1413 1722 ὃρμιζόμεναι
1442 1662 1596 1719 μεγάλα
1618 1670 1702 1714 τοῖς

245 1733 358 1776 ἔνδον
379 1734 591 1788 Ῥωμαίοις
616 1732 927 1787 συνεβάλλοντο,
962 1733 1063 1790 πρὸς
1081 1734 1123 1774 δὲ
1140 1737 1207 1775 καὶ
1224 1733 1319 1781 τοὺς
1337 1733 1377 1773 ἓν
1395 1733 1555 1788 πολέμῳ
1575 1748 1702 1788 τραυ-

245 1804 394 1857 ματίας
414 1802 692 1858 γεγενημείνους
711 1800 1070 1856 ἀπολαμβάνουσαι
1088 1799 1245 1859 ἑτέρους
1265 1800 1496 1857 ἀκραιφνεῖς
1516 1805 1598 1850 τοῖς
1618 1797 1701 1842 σώ-

336 1934 370 1968 8.
396 1928 558 1978 Ζεύγμῃ]
582 1930 670 1966 Cod.
695 1928 840 1975 Ζεύγμι.
886 1931 971 1968 Duc.
998 1931 1208 1977 Ζευγμῖνον.

244 2057 383 2091 poenam
413 2045 616 2088 referentes,
647 2046 717 2078 tum
745 2043 885 2089 primum
915 2044 1080 2086 sentient,
1110 2054 1208 2089 quem
1238 2042 1311 2078 ausi
1339 2042 1463 2078 fuerint
1486 2040 1699 2077 offendere.”

245 2091 410 2126 eiusmodi
435 2093 531 2124 fuere
553 2091 673 2124 literae
688 2088 856 2135 principis.
901 2090 930 2123 is
944 2095 1056 2124 autem
1070 2091 1127 2124 ubi
1142 2090 1220 2124 nihil
1236 2090 1280 2124 de
1293 2089 1468 2124 Antiochia
1481 2087 1544 2122 sibi
1557 2098 1700 2134 speran-

245 2137 324 2171 dum
347 2136 433 2170 vidit
446 2162 455 2177 ‚
485 2135 633 2180 perstitit
655 2136 698 2169 de
721 2135 890 2170 affinitate
909 2136 1142 2181 imperatorem
1157 2147 1299 2180 rogare:
1331 2140 1367 2169 et
1380 2139 1519 2180 accepta
1533 2133 1568 2167 in
1581 2133 1698 2168 matri—

243 2181 388 2216 monium
406 2192 472 2214 una
486 2180 629 2215 filiarum
644 2180 892 2225 protosebasti,
924 2181 1042 2215 eadem
1065 2193 1153 2226 quae
1167 2187 1269 2216 antea
1293 2180 1364 2215 cius
1381 2182 1487 2214 frater
1501 2178 1696 2222 Balduinus,

245 2233 365 2273 pactus
381 2232 442 2263 est.
488 2228 670 2270 imperator
684 2227 785 2260 rebus
803 2227 953 2261 omuibus
967 2227 1109 2261 nondum
1124 2228 1207 2261 satis
1221 2227 1262 2260 ad
1278 2237 1437 2272 praesens
1451 2224 1574 2258 bellum
1589 2235 1698 2271 appa-

244 2273 326 2307 ratis
337 2299 347 2314 ,
378 2277 529 2306 metuens
545 2269 715 2315 Zeugmae
731 2272 826 2315 urbi,
855 2284 954 2317 quam
970 2273 1160 2318 Stephanus
1176 2273 1362 2306 arctissima
1373 2268 1546 2304 obsidione
1563 2281 1698 2314 preme-

245 2319 324 2359 bat,
354 2318 544 2362 priusquam
564 2317 606 2350 de
625 2327 751 2350 summa
765 2329 875 2351 rerum
892 2319 1011 2352 bellum
1027 2319 1212 2364 arriperet,
1240 2318 1378 2351 idoneas
1392 2316 1519 2360 aliquot
1532 2317 1646 2361 copias
1661 2316 1698 2351 in

245 2363 403 2398 auxilium
431 2375 471 2397 eo
498 2362 604 2404 misit,
635 2362 775 2396 ducibus
791 2363 958 2397 Michaele
973 2364 1094 2397 Gabra
1109 2369 1143 2397 et
1159 2363 1302 2408 Iosepho
1318 2361 1487 2406 Bryennio
1499 2387 1508 2402 ,
1536 2363 1598 2395 sub
1621 2361 1699 2407 qui-

245 2411 310 2443 bus
326 2409 511 2443 militabant
525 2413 595 2441 tum
612 2407 667 2441 alii
679 2406 767 2441 inter
782 2409 953 2443 Romanos
966 2409 1188 2450 illustriores,
1219 2413 1288 2442 tum
1310 2408 1453 2441 Ioannes
1479 2412 1698 2450 cognomento

245 2456 413 2498 Angelus,
445 2453 499 2488 vir
524 2453 661 2487 militiae
687 2453 906 2498 peritissimus
917 2479 927 2496 ,
959 2459 994 2487 et
1007 2455 1147 2489 Ioannes
1162 2455 1232 2488 Ises
1245 2480 1255 2497 ,
1283 2453 1417 2487 natione
1432 2451 1563 2496 quidem
1580 2453 1698 2496 Persa,

246 2505 392 2533 ceterum
409 2500 495 2533 inter
511 2500 681 2533 Romanos
696 2499 840 2532 nutritus
856 2504 890 2533 et
905 2499 1078 2534 educatus.
1125 2510 1266 2544 cumque
1318 2498 1466 2532 lurimum
1496 2498 1570 2532 urbi
1600 2498 1697 2533 auxi·

244 2545 325 2578 lium
342 2547 430 2579 ferre
444 2545 550 2578 vellet
562 2571 571 2587 ‚
602 2555 705 2578 naves
720 2545 905 2598 complures
920 2545 1077 2579 militibus
1093 2546 1258 2589 rebusque
1275 2555 1293 2578 a
1308 2543 1347 2577 iis
1360 2542 1559 2577 necessariis
1574 2554 1698 2578 onera-

245 2595 300 2623 tas
317 2601 476 2634 superare
490 2589 611 2623 Istrum
628 2594 663 2623 et
678 2590 824 2624 obsessus
841 2595 1057 2624 commeatum
1074 2591 1237 2635 praebere
1251 2589 1365 2630 iussit,
1395 2588 1501 2623 donec
1523 2589 1598 2634 ipse
1621 2600 1696 2624 cum

246 2634 402 2669 universo
420 2636 619 2668 exercituin
633 2635 838 2680 Hungariam
862 2636 1093 2672 descenderet.
1140 2633 1291 2679 Hungari
1313 2645 1415 2676 vero,
1447 2645 1521 2668 cum
1535 2634 1590 2668 diu
1607 2635 1696 2670 circa

244 2681 337 2714 urbis
352 2681 482 2714 moenia
496 2680 615 2714 morati
631 2692 669 2714 ea
685 2681 819 2726 saepius
833 2682 1053 2729 nequicquam
1068 2685 1272 2722 tentassent,
1302 2691 1371 2713 rem
1396 2690 1499 2724 supra
1519 2680 1607 2714 vires
1631 2691 1695 2725 ag-

244 2726 341 2770 gredi
364 2730 566 2759 statuerunt.
612 2725 728 2759 classis
743 2725 828 2760 enim
845 2727 995 2760 Romana
1011 2727 1043 2760 in
1058 2726 1200 2759 alterum
1214 2724 1309 2758 fluvii
1323 2725 1411 2759 latus
1426 2725 1572 2760 advecta
1583 2753 1593 2770 ‚
1623 2730 1695 2761 tum

246 2778 280 2806 et
297 2782 416 2815 magna
433 2770 589 2805 Romanis
601 2796 610 2812 ,
643 2771 700 2815 qui
714 2771 749 2804 in
766 2773 850 2805 urbe
865 2776 982 2813 erant,
1013 2771 1182 2805 commoda
1204 2771 1399 2815 praestabat
1410 2796 1418 2812 ,
1452 2776 1523 2804 tum
1539 2771 1636 2806 etiam
1652 2771 1695 2805 iis

245 2817 302 2862 qui
316 2817 402 2853 inter
415 2816 627 2864 pugnandum
642 2816 782 2853 vulnera
796 2820 1001 2863 exceperant
1014 2815 1178 2862 receptis,
1211 2816 1295 2851 alios
1321 2815 1518 2863 corporibus
1543 2817 1695 2863 integros
