1878 3262
236 187 335 232 266
717 187 941 230 IOANNIS
978 188 1207 234 CINNAMI

97 309 126 343 V
150 309 216 345 121
241 299 414 344 σουλτὰν
439 298 496 350 εἴς
521 315 564 342 τε
601 299 740 356 φιλίαν
774 299 896 342 αὐτὸν
930 299 1155 357 ὑπηγάγετο
1189 305 1256 345 καὶ
1290 309 1369 348 τῶν
1394 308 1450 357 εἰς
1474 308 1690 364 τυραννίδα

235 367 440 411 τεινόντων
475 368 672 418 διελέξατο
706 366 836 426 τούτῳ
870 368 1024 422 πολλά,
1067 369 1288 427 γράμματά
1312 390 1353 415 τε
1378 375 1430 416 τὰ
1452 376 1526 429 μὲν
1552 376 1689 429 λαβὼν

235 436 337 492 παρ’
366 435 492 478 αὐτοῦ
511 436 562 478 τὰ
580 437 622 477 δ’
649 436 833 487 ἀντιδοὺς
848 438 889 480 ἓν
909 435 969 488 οἷς
990 439 1041 480 τὰ
1062 441 1279 493 δεδογμένα
1302 443 1439 497 σφίσιν
1459 444 1688 500 ἐγέγραπτο,

234 503 322 546 τότε
358 505 432 558 μὲν
467 505 530 546 ἐπὶ
567 506 756 548 Κιλικίαν
787 501 891 561 ἦλθε
906 539 919 558 ,
958 505 1094 564 χρόνῳ
1133 508 1176 549 δὲ
1211 507 1377 565 ὕστερον
1402 510 1443 559 ἒς
1468 510 1687 563 Βυζάντιον

235 570 427 624 ἐπανιών,
461 572 595 628 ἐπειδή
622 591 716 617 ποτε
736 582 914 632 γραφαῖς
938 576 1176 631 ε’παγλαἰ’·σαι
1203 580 1283 618 τῶν
1308 580 1553 634 προαστείων
1578 580 1721 637 αὖτῷό

184 647 214 681 C
238 643 450 694 δωματίων
485 641 698 697 ἠβουλήθη
734 642 846 695 τινά,
892 643 982 686 οὔτε
1019 644 1130 694 τινὰς
1159 643 1389 700 Ἑλληνίους
1423 649 1688 704 παλαιοτέρας

236 710 392 752 ἐνέθετο
420 708 583 766 πράξεις
608 712 771 762 αὐτοῖς,
802 711 891 754 οὔτε
916 713 997 767 μὴν
1023 713 1074 755 τὰ
1094 714 1313 766 βασιλέως,
1347 712 1465 756 ὅποῖα
1490 716 1557 756 καὶ
1581 719 1689 769 μᾶλ-

234 782 305 820 λον
330 784 414 828 τοῖς
450 780 491 820 ἐν
525 780 669 835 ἀρχαῖς
704 780 900 832 εἴθισται,
929 783 1136 835 διεξῆλθεν
1161 781 1257 837 ἔργα
1271 814 1285 833 ,
1319 781 1396 824 ὅσα
1431 782 1471 824 ἕν
1502 800 1543 826 τε
1569 784 1689 826 πολέ-

233 864 327 901 μοις
360 849 427 888 καὶ
463 849 747 904 θηροκτονιάις
781 849 901 899 αὐτὸς
937 850 1133 906 εἴργαστο.
1214 849 1419 901 τοσούτοις
1452 851 1529 908 γὰρ
1568 852 1690 894 αὐτὸν

234 918 512 970 ξυμπλακῆναι
544 918 689 971 συνέβη
722 919 788 959 καὶ
815 920 985 960 τοιοῖσδε
1014 917 1136 975 φύσιν
1161 919 1492 974 ἄντικαταστῆναι
1513 922 1687 976 θηρίοις,
1702 930 1747 965 10

235 982 344 1034 ὅσοις
364 984 507 1026 οὐδένα
523 989 603 1026 τῶν
622 984 780 1028 πώποτε·
802 985 1017 1042 γεγονότων
1039 985 1278 1041 ἠκούσαμεν.
1347 989 1414 1029 καὶ
1433 989 1473 1030 εἴ
1487 1004 1523 1030 τι
1542 988 1600 1042 μὴ
1620 987 1690 1030 νό-

234 1069 322 1106 μων
343 1051 421 1095 ἄπο
444 1054 619 1109 φέρομαι
638 1054 846 1110 ἱστορικῶν
853 1087 866 1106 ,
901 1053 1109 1097 ὁποιονοῦν
1127 1073 1163 1097 τι
1183 1055 1272 1112 ἄρτι
1292 1056 1334 1097 ἐκ
1353 1054 1505 1098 τούτων
1525 1057 1692 1106 ἐξέλθω.

234 1115 285 1176 ἦν
311 1122 383 1174 μὲν
413 1123 502 1177 περὶ
534 1122 686 1178 τροπὰς
712 1122 790 1177 ἤδη
813 1122 1064 1179 χειμερινάς,
1099 1126 1165 1165 καὶ
1181 1124 1282 1178 χιιὺν
1302 1124 1405 1166 κατὰ
1422 1129 1495 1179 γῆς
1512 1123 1688 1179 τοσαύτη

236 1188 517 1243 ἒπεστοίβαστο
527 1222 540 1241 ,
569 1187 623 1239 ὥς
643 1189 854 1246 φάραγγας
873 1192 946 1244 μὲν
967 1194 1030 1233 καὶ
1050 1192 1123 1241 τὰς
1144 1194 1184 1233 ἓν
1204 1191 1311 1248 ὄρεσι
1334 1191 1538 1249 σήραγγας
1556 1191 1691 1242 πάσας

232 1256 542 1314 ὓποκεκρύφθαι
563 1261 799 1312 μονονουχί,
832 1257 1037 1316 ὑπερβολῇ
1062 1261 1104 1301 δὲ
1128 1264 1178 1316 τῇ
1202 1263 1244 1302 ἐκ
1270 1265 1342 1302 τοῦ
1363 1259 1523 1314 ψύχους
1542 1264 1689 1317 μικροῦ
1701 1267 1744 1303 15

180 1337 212 1371 D
238 1329 304 1368 καὶ
322 1330 528 1380 πεπῆχθαι
548 1326 599 1368 τὰ
620 1325 810 1380 σώματα·
838 1327 972 1382 ἀμέλει
990 1330 1055 1370 καὶ
1074 1330 1202 1384 θηριά
1222 1329 1294 1382 μὲν
1311 1327 1442 1371 πάντα
1460 1329 1531 1371 οὐκ
1549 1329 1691 1382 ἔχοντα

231 1394 308 1449 ὅπη
344 1394 592 1450 κρύψαιντο,
628 1395 701 1445 τὰς
731 1395 886 1450 λόχμας
918 1395 1162 1446 ἕξαναδύντα
1186 1395 1324 1453 ἀθρόα
1343 1395 1442 1453 ὑπὲρ
1467 1401 1539 1451 τῆς
1555 1395 1691 1451 χιόνος

232 1464 420 1520 ἐφέροντο
431 1495 444 1514 ,
480 1468 638 1517 πτηνῶν
666 1465 713 1506 δὲ
739 1465 875 1519 ἀγέλαι
898 1465 1026 1507 οὐκέτι
1048 1472 1131 1514 τοῖς
1151 1467 1304 1515 πτίλοις
1326 1469 1549 1522 κεχρῆσθαι
1572 1467 1690 1507 δεδυ-

228 1533 395 1586 νημέναι
431 1533 613 1586 (συνεῖχε
641 1533 718 1588 γὰρ
750 1538 878 1574 ταῦτα
911 1531 931 1574 ὃ
959 1532 1207 1589 κρύσταλλος
1237 1536 1304 1575 καὶ
1338 1531 1422 1575 οἷόν
1451 1551 1512 1582 τις
1543 1533 1689 1587 δεσμὸς

229 1598 482 1651 ἓπεκάθιζεν,
514 1597 568 1650 ὡς
594 1601 656 1641 ἐπὶ
686 1605 766 1642 τῶν
796 1603 957 1650 ἴξευτιῦν
986 1601 1091 1644 ἔστιν
1120 1602 1245 1655 ἰδεῖν)
1277 1603 1388 1653 πεζαὶ
1426 1601 1565 1643 λοιπὸν
1600 1602 1686 1644 ἀντὶ
1698 1608 1745 1642 20

229 1673 387 1722 πτηνῶν
404 1663 508 1724 ᾖσαν
526 1671 653 1725 θηρσὶ
672 1671 739 1710 καὶ
763 1668 996 1725 ἀνθρώποις
1015 1668 1272 1723 ἑτοιμότατον
1301 1669 1473 1726 θήραμα
1498 1671 1687 1723 κείμεναι.

228 1737 419 1790 βασιλεὺς
448 1737 491 1778 δὲ
514 1736 811 1793 θηρευσόμενος
832 1739 898 1778 ἐπί
913 1755 949 1779 τι
973 1742 1052 1780 τιῦν
1073 1737 1182 1794 ἑῴων
1203 1737 1304 1793 ἐξῄει
1324 1737 1492 1794 χώρων,
1532 1732 1564 1795 ᾧ
1593 1738 1687 1779 Δα-

228 1810 386 1862 ματρῦς
411 1802 437 1860 ἦ
467 1807 604 1860 κλῆσίς
634 1807 753 1848 ε’στιν.
823 1807 885 1848 ἐπὶ
913 1810 986 1849 τοῦ
1017 1806 1133 1863 ἔργου
1167 1808 1299 1848 τοίνυν
1326 1804 1500 1862 γεγονότι
1525 1807 1628 1862 μέγα
1648 1824 1686 1849 τι

323 1937 378 1972 22.
401 1933 551 1979 χώρων]
575 1935 690 1969 Malim
713 1935 866 1980 χωρίων.
978 1936 1061 1970 ibid.
1084 1937 1307 1983 Δαματρῧς]
1330 1935 1464 1972 Tollius
1486 1933 1685 1981 Δάματρις.

325 1983 381 2017 23.
407 1980 523 2026 ἐστιν]
546 1982 635 2026 Cod.
657 1976 705 2026 ἦν
729 1982 957 2028 superscripto
981 1980 1090 2018 ἐστίν.

236 2095 471 2130 benevolentia
485 2095 572 2128 iliius
589 2096 762 2130 conciliata
779 2097 820 2130 de
835 2095 1023 2140 arripienda
1038 2094 1218 2139 tyrannide
1233 2106 1305 2129 cum
1325 2106 1366 2130 eo
1382 2094 1517 2129 consilia
1535 2093 1688 2138 agitavit,

236 2141 435 2186 scriptisque
456 2141 601 2174 vicissim
627 2142 714 2175 datis
741 2147 776 2175 et
800 2143 965 2186 acceptis,
997 2153 1083 2186 quae
1109 2148 1209 2186 pacta
1236 2141 1336 2175 abiis
1352 2143 1440 2175 facta
1458 2140 1687 2184 continebant,

235 2187 270 2220 in
295 2186 441 2220 Ciliciam
471 2186 579 2219 rediit.
625 2187 801 2221 interiecto
825 2188 946 2221 deinde
965 2192 1116 2232 tempore
1130 2198 1288 2220 reversus
1304 2187 1500 2231 Byzantium
1515 2196 1589 2219 cum
1602 2186 1686 2220 sub-

235 2233 395 2266 urbanam
417 2232 591 2276 quamdam
620 2244 661 2266 ex
685 2233 753 2266 suis
778 2234 909 2267 domum
934 2233 1034 2266 variis
1060 2233 1198 2278 picturis
1214 2244 1379 2266 exornare
1393 2231 1588 2274 statuisset,
1618 2242 1685 2265 non

237 2278 461 2311 Graecanicas
483 2278 614 2322 quidem
639 2283 773 2312 veteres
795 2279 950 2312 historias
964 2280 998 2313 in
1015 2290 1055 2312 ea
1071 2279 1206 2322 depingi
1223 2278 1351 2312 curavit
1364 2282 1424 2311 aut
1438 2276 1609 2321 praeclara
1625 2277 1686 2310 im-

233 2324 398 2370 peratoris
414 2322 589 2365 facinora,
620 2324 669 2357 uti
685 2324 795 2357 solent
812 2325 949 2358 maxime
965 2325 1021 2369 qui
1037 2325 1069 2358 in
1087 2324 1302 2367 dignitatibus
1318 2328 1395 2356 sunt
1409 2322 1600 2362 constituti,
1628 2322 1685 2356 vel

231 2381 321 2414 quae
345 2369 378 2402 in
402 2369 498 2402 bellis
522 2369 578 2403 vel
598 2368 630 2402 in
656 2370 801 2403 ferarum
826 2370 983 2404 caedibus
1006 2370 1063 2403 ille
1078 2370 1237 2403 ediderat.
1282 2380 1354 2402 cum
1369 2372 1421 2402 tot
1435 2367 1519 2401 enim
1535 2367 1686 2402 conflixit

231 2415 331 2455 feris,
363 2419 446 2459 quot
460 2415 620 2448 neminem
637 2426 749 2448 eorum
767 2415 824 2460 qui
841 2427 981 2459 unquam
1000 2416 1114 2449 vixere
1130 2414 1332 2448 audivimus:
1364 2419 1398 2447 et
1412 2413 1442 2447 si
1456 2414 1507 2446 sas
1522 2419 1575 2447 est
1588 2413 1684 2457 leges

230 2460 421 2504 transgredi
437 2460 611 2498 historicas
624 2485 635 2502 ‚
667 2472 765 2494 unum
782 2473 823 2494 ex
840 2461 889 2494 his
906 2462 1089 2506 exemplum
1105 2461 1304 2506 producam.⁴
1344 2460 1405 2493 sub
1423 2458 1537 2492 hiemis
1552 2464 1684 2504 tempus

232 2518 307 2539 cum
322 2507 426 2539 densa
440 2506 525 2539 adeo
541 2506 575 2539 in
593 2512 715 2540 terram
732 2507 786 2541 nix
802 2507 1002 2550 decidisset,
1034 2513 1071 2540 ut
1086 2518 1127 2540 ea
1144 2517 1256 2540 omnes
1273 2516 1380 2550 prope
1404 2505 1559 2538 montium
1575 2505 1683 2538 obdu-

227 2557 388 2586 ⁴cerentur
411 2552 580 2585 convalles
593 2578 602 2591 ‚
635 2559 669 2585 et
684 2553 841 2586 immenso
857 2553 986 2597 frigore
1002 2564 1145 2598 corpora
1160 2551 1396 2597 propemodum
1414 2550 1684 2594 constringeren-

230 2602 308 2639 tur,
340 2597 534 2641 cunctisque
559 2597 753 2632 animalibus
779 2598 834 2631 ubi
856 2610 932 2632 sese
957 2599 1167 2632 occuitarent
1189 2597 1278 2630 nulla
1302 2604 1517 2641 superessent
1533 2597 1683 2640 latibula,

231 2642 352 2689 passim
370 2654 555 2687 magnoque
571 2655 705 2677 numero
726 2655 828 2689 super
854 2644 962 2678 nivem
987 2645 1193 2678 ferebantur.
1239 2642 1282 2674 ad
1307 2642 1392 2675 haec
1415 2642 1526 2675 avium
1548 2653 1682 2687 greges,

232 2689 294 2722 alis
310 2687 499 2731 inutilibus,
516 2700 598 2732 quas
614 2693 779 2734 tamquam
797 2690 960 2723 vinculum
976 2689 1202 2723 adstrinxerat
1219 2687 1343 2730 glacies
1355 2714 1366 2730 ,
1399 2693 1436 2720 ut
1450 2688 1568 2722 videre
1583 2694 1636 2722 est
1650 2687 1684 2721 in

233 2733 402 2780 aucupiis,
432 2733 557 2767 alarum
574 2733 647 2767 loco
664 2735 803 2779 pedibus
819 2735 933 2778 ibant,
962 2735 1043 2768 feris
1060 2734 1306 2776 hominibusque
1322 2733 1531 2777 paratissima
1545 2733 1684 2779 praeda.

233 2779 316 2814 exiit
339 2783 450 2813 autem
475 2784 628 2813 venatum
652 2781 807 2825 princeps
822 2781 855 2814 in
872 2780 1042 2823 regionem
1063 2779 1237 2823 quamdam
1253 2778 1385 2812 Orienti
1399 2779 1600 2823 obversam,
1630 2779 1682 2813 cui

234 2826 419 2871 Damatrys
445 2836 564 2860 nomen
590 2829 651 2860 est.
698 2837 839 2871 cumque
863 2826 899 2860 in
922 2826 986 2860 hac
1010 2824 1251 2860 exercitatione
1275 2830 1515 2871 occuparetur,
1549 2825 1683 2860 obviam
