1878 3262
240 193 339 240 392
680 191 885 235 CAROLI
911 192 997 236 DU
1028 192 1241 237 FRESNE
1276 233 1278 235 .

243 303 347 343 bian.
369 301 434 340 fol.
452 304 556 344 209:
581 302 771 353 promisit
795 315 930 340 coram
953 302 1069 340 nohis
1092 324 1150 332 -—·
1177 300 1290 355 quod
1310 304 1402 356 ipsa
1425 301 1691 343 haereditarie

244 359 386 397 tenebit
420 356 480 395 ad
517 371 620 395 usus
657 365 692 395 et
732 357 1036 396 consuetudines·
1073 358 1265 411 burgagii
1295 361 1474 399 civitatis
1497 360 1690 400 Ambian.

246 413 453 467 quoddam
479 421 751 453 tenementum.
806 427 880 453 nec
897 421 1052 453 tantum
1070 415 1259 454 eiusmodi
1281 417 1604 467 praestationibus
1620 430 1691 455 ra·-

244 471 354 508 tione
380 470 682 521 domiciliorum,
711 471 780 509 sed
806 476 846 509 et
877 472 1020 509 talliae
1047 471 1207 510 obnoxii
1235 478 1350 510 erant
1378 472 1609 525 burgenses,
1635 473 1693 511 ita

244 533 295 566 ut
313 527 344 565 si
365 527 523 565 domino
541 527 670 578 aliqua
684 527 928 566 incumberet
952 528 1178 577 necessitas,
1205 528 1339 566 liceret
1362 529 1694 568 extraordinarias

246 583 433 634 quasdam
452 583 497 621 iis
511 583 710 635 imponere
729 584 1025 636 pensitationes,
1055 597 1150 635 quas
1166 585 1312 623 tallias·
1326 585 1534 634 vocabant,
1561 598 1584 623 a
1603 585 1694 636 qui-

246 639 321 678 bus
339 639 403 690 qui
425 640 616 678 immunes
632 646 763 690 erant,
793 640 1025 679 dicebantur
1046 648 1171 678 tenere
1193 643 1236 678 in
1253 642 1422 679 liberum
1437 641 1693 693 burgagium,

249 695 300 734 de
321 709 400 746 quo
422 697 569 734 mentio
589 696 635 735 fit
650 697 691 734 in
709 697 924 735 Monastico
941 697 1053 746 Angl.
1070 702 1165 735 tom.
1184 700 1211 738 2
1229 711 1267 749 p.
1287 700 1384 740 361.
1427 696 1573 736 Charta
1587 698 1694 736 Con-

247 752 338 791 radi
365 752 601 791 marchionis
631 753 908 793 Montisserrati
920 781 937 799 ,
973 754 1044 791 filii
1070 753 1219 792 domini
1250 753 1345 805 Tyri
1373 752 1422 796 Α.
1454 755 1561 796 1187
1588 753 1695 805 apud

247 807 455 860 Ughellum
481 809 523 847 in
543 809 779 862 Archiepisc.
802 810 967 855 Pisanis,
999 823 1076 860 qua
1095 810 1240 848 Pisanis
1262 809 1390 849 varias
1409 810 1450 848 in
1472 809 1570 848 urbe
1587 809 1696 861 Tyro

248 863 520 903 habitantibus
539 866 802 904 immunitates
821 866 1018 904 concedit:
1046 865 1094 904 de
1113 867 1231 904 nulla
1253 873 1388 904 autem
1408 867 1494 905 alia
1511 880 1553 904 re
1570 867 1698 904 Pisa..

249 935 330 960 nus·
347 921 548 959 iudicetur
563 924 608 960 in
627 923 757 975 regali
773 925 888 960 curia
907 924 950 960 in
975 924 1086 973 Zyro,
1115 930 1150 960 et
1169 923 1464 975 eiuspartibus‚
1486 935 1555 961 nec
1575 924 1697 960 etiam

249 979 294 1015 in
321 985 405 1015 toto
432 993 575 1030 regno:
605 978 652 1017 de
675 978 861 1017 domibus·
890 987 1024 1016 autem
1044 980 1302 1031 burgensium
1319 981 1566 1017 Pis-anorum
1589 985 1700 1017 extra

248 1033 436 1072 honorem
463 1037 613 1072 Pisani
639 1038 860 1073 communis
881 1038 1048 1086 positi-9,
1076 1050 1142 1073 rex
1172 1037 1316 1073 taliam
1340 1037 1475 1087 possit
1487 1036 1701 1086 percipere,

248 1092 288 1128 si
302 1104 379 1141 pro
397 1093 596 1128 communi
611 1093 790 1130 civitatis
806 1093 950 1129 taliam
966 1094 1160 1143 recepgrit.
1215 1097 1327 1130 erant
1344 1098 1475 1130 tamen
1492 1092 1701 1143 burgenses

248 1146 414 1199 potioris
449 1147 561 1197 longe
588 1147 823 1186 conditionis
850 1161 967 1198 quam
994 1147 1117 1187 servi:
1155 1161 1246 1186 cum
1282 1148 1384 1186 enim
1422 1148 1570 1200 duplex
1600 1152 1702 1186 esset

250 1202 478 1253 ignobilium
507 1203 629 1248 ordo,
659 1217 828 1254 quorum
855 1205 918 1242 alii
945 1204 1088 1242 liberae
1113 1211 1225 1243 erant
1248 1204 1505 1252 conditionis,
1534 1203 1597 1241 alii
1615 1216 1701 1242 ser-

250 1259 343 1298 vilis
370 1271 439 1296 seu
473 1259 654 1298 servituti
685 1260 898 1310 obnoxiae,
927 1266 975 1298 ut
993 1266 1051 1298 est
1068 1260 1110 1297 in
1130 1266 1206 1303 art.
1223 1264 1250 1304 2
1278 1259 1579 1299 Consuetudinis
1608 1272 1701 1298 mu-

250 1315 428 1366 nicipalis
453 1316 674 1366 Trecensis‚
703 1317 774 1355 soli
805 1316 992 1368 ignobiles
1018 1316 1129 1354 liberi
1160 1316 1373 1368 burgenses
1393 1316 1478 1355 fieri
1504 1320 1702 1367 poteraut,

252 1385 335 1409 non
368 1377 500 1410 autem
527 1373 648 1411 servi:
678 1373 747 1411 sed
777 1378 817 1411 et
841 1386 967 1424 neque
998 1373 1075 1412 viri
1100 1373 1269 1421 nobiles,
1299 1373 1365 1423 qui
1386 1385 1431 1410 eo
1452 1373 1536 1423 ipso
1557 1385 1579 1408 a
1603 1371 1703 1409 bur-

247 1428 443 1480 gensibzis
460 1430 601 1480 passim
618 1429 934 1480 distinguuntur,
962 1435 1008 1468 ut
1035 1429 1141 1481 apud
1162 1429 1393 1468 Ordericum
1417 1428 1580 1468 vitalem
1601 1427 1627 1466 l.
1650 1429 1703 1469 12

252 1497 292 1535 p.
313 1486 396 1526 872
421 1491 460 1522 et
477 1487 518 1522 in
539 1486 705 1524 constit.
728 1486 844 1524 Sicul.
865 1486 894 1524 l.
914 1490 936 1528 1
960 1486 1021 1526 tit.
1034 1488 1071 1534 9,
1095 1485 1201 1524 unde
1218 1486 1249 1523 si
1267 1485 1424 1535 quando
1445 1484 1586 1522 milites
1603 1484 1703 1521 bur-

250 1541 368 1591 gesia
398 1541 524 1590 aliqua
550 1542 820 1590 donabantur,
850 1541 891 1579 id
911 1541 987 1579 iuri
1007 1543 1204 1580 communi
1225 1541 1530 1590 adversabatur,
1557 1540 1704 1578 fiebat-

257 1608 333 1646 que
360 1597 594 1635 auctoritate
625 1598 729 1649 regia
758 1603 798 1635 et.
825 1610 1016 1649 suprema.
1073 1599 1128 1635 ita
1154 1599 1194 1636 in
1225 1597 1401 1648 Registro
1428 1596 1704 1647 Homagiorum

256 1652 509 1702 Aquitaniae,
551 1653 659 1704 quod
685 1659 910 1692 asservatur
938 1653 981 1691 in
1013 1666 1165 1692 camera
1193 1659 1364 1705 comput.
1390 1653 1509 1691 Paris.
1533 1652 1599 1693 sol.
1625 1652 1702 1692 ult.

255 1708 435 1759 legimus,
466 1709 709 1748 Edwardum
732 1709 962 1760 Aquitaniae
984 1710 1221 1761 principem,
1247 1709 1346 1760 regis
1374 1709 1533 1760 Angliae
1555 1708 1706 1760 primo-

255 1765 451 1815 genitum,
481 1767 711 1804 concessisse
734 1767 849 1803 Petro
879 1766 927 1803 de
957 1768 1100 1803 Sancto
1127 1765 1370 1817 Saphorino,
1400 1764 1505 1803 dicto
1523 1763 1571 1802 de
1587 1766 1706 1802 Lan-

257 1820 421 1871 dirans,
448 1823 582 1871 militi,
611 1829 658 1860 ut
676 1823 886 1874 burgensis
904 1822 1074 1860 civitatis
1088 1821 1381 1873 Burdegalensis
1396 1822 1519 1870 fieret,
1548 1827 1588 1859 et
1606 1821 1706 1858 bur-

252 1879 370 1928 gesia
391 1879 562 1916 eiusdem
583 1878 691 1917 urbis
712 1878 918 1930 gauderet,
953 1879 1205 1929 quantumvis
1224 1884 1323 1916 esset
1337 1878 1464 1928 miles,
1493 1877 1705 1929 diplomate

256 1936 283 1975 8
296 1934 381 1972 Iun.
399 1934 471 1973 An.
485 1938 603 1976 1372.
639 1940 677 1972 et
696 1948 787 1972 sane
806 1935 955 1972 nobiles
973 1935 1271 1986 opponebantur
1287 1934 1541 1986 burgensibus
1556 1931 1707 1971 etiamsi

257 1989 403 2038 liberis,
428 1997 475 2028 ut
495 1990 563 2041 qui
583 2004 632 2029 ex
654 1992 843 2029 natalium
860 1991 1128 2043 praerogativa
1145 1991 1192 2029 ab
1214 1991 1283 2029 vili
1299 1992 1406 2029 omni
1426 2002 1542 2029 onere
1561 1990 1708 2027 immu-

258 2058 326 2082 nes
345 2052 469 2085 erant.
526 2053 710 2098 poterant
727 2054 858 2086 tamen
879 2048 1083 2099 burgagia
1101 2047 1317 2099 possidere,
1346 2047 1388 2085 id
1405 2053 1485 2096 est,
1515 2047 1650 2085 domos
1663 2044 1707 2082 in

257 2101 414 2153 burgis,
449 2109 516 2141 aut
539 2104 717 2154 praedia,
747 2117 847 2154 quae
874 2105 1156 2156 burgensatica
1185 2104 1382 2156 appellant
1405 2101 1708 2144 Constitutiones

259 2157 534 2209 Neapolitanae
563 2161 588 2198 1.
616 2164 635 2201 1
670 2161 732 2200 tit.
761 2164 813 2202 66
847 2159 891 2212 §2
919 2164 946 2201 2
982 2167 1020 2198 et
1045 2161 1213 2199 Chartae
1243 2161 1393 2211 aliquot
1414 2159 1570 2198 Italicae
1599 2156 1708 2209 apud

260 2214 470 2266 Wadcling.
486 2216 525 2252 in
547 2217 639 2267 Reg.
659 2223 754 2255 tom.
768 2220 792 2258 3
815 2231 852 2268 p.
866 2219 918 2258 99
946 2220 1025 2259 100
1049 2221 1130 2259 307
1150 2223 1190 2255 et
1209 2217 1324 2266 alios,
1354 2228 1475 2267 eoque
1492 2217 1574 2266 ipso
1594 2219 1709 2252 tene-'-

258 2270 405 2308 bantur
437 2272 589 2309 solvere
620 2272 898 2323 pensitationes
927 2279 1129 2311 consuetas
1149 2287 1216 2312 seu
1233 2274 1453 2324 burgesias.
1507 2275 1636 2309 exstat
1665 2270 1708 2307 in

259 2325 378 2365 huius
398 2327 456 2364 rei
476 2334 748 2377 argumentum
769 2328 915 2367 Charta
932 2330 1084 2368 Ioannis
1105 2329 1342 2369 Vicedomini
1358 2327 1531 2367 Ambian.
1554 2327 1600 2366 D.
1613 2326 1710 2364 Pin-

261 2383 364 2421 conii
383 2383 453 2421 An.
479 2386 584 2426 1269
604 2397 680 2435 qua
701 2385 861 2423 domum
881 2399 903 2422 a
922 2398 961 2423 se
980 2392 1149 2437 emptam
1171 2386 1380 2438 profitetur
1396 2391 1494 2422 estre
1510 2382 1568 2421 du
1587 2383 1710 2420 bour-

257 2454 363 2491 gage
394 2438 625 2489 d'Amiens,
664 2448 699 2477 et
727 2455 802 2491 que
832 2442 867 2478 il
893 2449 928 2478 et
949 2456 1009 2479 ses
1028 2443 1141 2480 lzoire
1162 2444 1218 2480 les
1240 2447 1393 2480 tenront
1412 2454 1490 2477 aus
1510 2453 1558 2477 us
1576 2446 1611 2477 et
1629 2451 1710 2477 aua

261 2503 483 2533 coustames
504 2495 560 2534 αἰι
578 2497 782 2548 bourgage
803 2496 851 2535 de
867 2498 911 2535 la
931 2499 1004 2536 cite}
1019 2498 1238 2537 d’Amien-v.
1293 2497 1434 2548 quippe
1457 2498 1491 2534 ei
1516 2498 1588 2548 qui
1610 2495 1710 2533 liber

262 2559 336 2600 est,
368 2553 633 2603 villenagiam
662 2554 727 2590 vel
753 2555 960 2592 servitium
988 2555 1096 2592 nihil
1122 2554 1297 2593 detrahit
1321 2553 1541 2603 libertatis,
1580 2551 1712 2602 iuquit

262 2607 435 2646 Bracton
457 2609 481 2645 l.
510 2613 529 2649 1
561 2609 609 2646 de
627 2610 773 2647 Rerum
791 2610 908 2651 Divis.
928 2625 963 2650 c.
982 2614 1007 2653 6
1029 2609 1071 2662 §.
1092 2615 1111 2652 1
1142 2618 1182 2650 et
1201 2611 1312 2649 Fleta
1332 2609 1360 2648 l.
1385 2612 1406 2651 1
1430 2623 1463 2647 c.
1486 2613 1523 2650 1.
1580 2608 1711 2646 varias

240 2672 243 2675 ⁴
265 2663 314 2702 de
333 2663 546 2714 bur-gagiis
569 2665 665 2715 leges
682 2673 911 2718 proponunt
924 2668 995 2705 LL.
1010 2668 1227 2718 Burgorum
1243 2665 1429 2704 Scoticor.
1445 2679 1478 2705 c.
1492 2668 1542 2707 13
1567 2667 1618 2706 17
1641 2661 1710 2704 44.

267 2718 409 2757 Charta
428 2720 652 2758 libertatum
672 2722 782 2772 Angl.
805 2723 960 2773 Regiam
977 2724 1166 2765 Maiestat.
1183 2723 1208 2762 l.
1224 2726 1252 2764 2
1270 2735 1303 2758 c.
1322 2721 1375 2762 44
1399 2720 1440 2773 ᾗ.
1459 2722 1507 2771 4,
1537 2721 1712 2758 Consus-

267 2774 367 2814 tudo
390 2776 573 2827 municip.
594 2777 776 2816 Norman.
805 2792 839 2819 c.
858 2782 912 2820 26
936 2781 990 2821 28
1013 2783 1091 2822 100
1116 2782 1214 2827 101,
1245 2778 1453 2816 Butilerius
1481 2778 1524 2815 in
1552 2778 1714 2814 Summa

265 2845 348 2872 rur.
366 2838 406 2871 et
426 2832 546 2873 Vetus
565 2833 746 2873 consuet.
768 2835 803 2872 N
806 2847 954 2874 orman.
974 2848 1086 2886 mss„
1112 2848 1162 2874 ex
1177 2848 1255 2887 qua
1268 2834 1469 2886 sequentia
1485 2833 1714 2887 depromere
