1878 3262
648 194 1042 242 HISTORIARUM
1074 196 1123 239 L.
1154 194 1230 240 111.
1608 194 1674 241 95

207 309 309 367 πρὸς
342 316 426 360 τοῖς
449 308 602 361 -ὅπλοις
636 310 781 352 αὐτίκα
817 310 966 366 ἐγένετο
1003 311 1069 352 καὶ
1107 309 1154 353 τὸ
1191 307 1423 367 στράτευμα
1451 307 1674 361 ’ἓξιῦπλιστο

207 378 328 422 ἅπαν.
409 379 537 421 ὀπίσω
576 397 617 421 τε
644 382 822 421 Σκυθῶν
849 377 1062 428 διώξαντες
1095 381 1151 429 εἷς
1172 386 1312 436 χεῖρας
1337 379 1414 434 ἤδη
1441 374 1574 434 ἦλθον
1599 380 1675 421 αὖ·

206 454 303 497 τοῖς.
373 446 535 490 Σκύθαι
575 450 708 489 τοίνυν
733 448 876 501 τὰμὲν
901 451 1061 503 πρῶτον
1087 446 1259 502 ἔστησάν
1285 466 1325 491 τε
1353 446 1408 498 ὥς
1431 446 1675 502 ὑποδεξάμε-

206 533 267 558 νοι
294 520 404 573 σφᾶς
424 519 491 558 καὶ
520 518 559 566 ἔς
584 515 774 573 φάλαγγα
795 514 1009 569 ταξάμενοι
1030 514 1229 569 βοήθειαν
1254 521 1370 573 σφῶν
1396 535 1437 559 τε
1464 517 1676 559 αὐτῶνκαὶ

167 579 264 639 ριῧν
300 583 491 640 ἐπήγοντο
520 583 716 642 λαφύρων
742 587 1034 641 προπονεῖσθαι
1061 583 1238 638 ἤθελον,
1275 585 1300 638 ἥ
1315 603 1354 627 τε
1371 585 1553 640 ξυμβολὴ
1581 584 1694 651 {xa-u

205 655 383 709 τέρωθεν
419 654 493 696 σὺν
530 655 703 711 ὠθισμῷ
736 655 802 695 καὶ
836 655 910 712 βία
945 654 1105 708 ἐγίνετο.
1175 650 1239 694 ὅτε
1268 654 1316 708 δὴ
1344 657 1484 696 πολλοὶ
1509 655 1583 709 μὲν
1608 656 1675 696 καὶ

207 721 324 764 ἄλλοι
354 720 563 776 Ῥωμαίων
603 721 747 779 ἄνδρες
783 723 960 777 ἐγένοντο
998 721 1172 777 ἀγαθοί,
1219 722 1410 775 βασιλεὺς
1439 724 1483 764 δὲ
1515 721 1678 765 πάντων

205 789 396 844 μάλιστα.
465 795 546 832 τῶν
566 791 644 846 γὰρ
669 793 868 844 πολεμίων
891 790 1051 846 ἔγγιστα
1073 790 1306 845 ἐγκειμένων
1328 792 1503 847 ἰσχυρῶς
1510 823 1524 841 ,
1554 791 1676 841 αὐτὸς
1698 806 1727 841 Ρ
1752 807 1796 841 55

206 860 280 901 ‹xi-v
300 864 358 916 τῷ
381 857 520 915 δόρατι
545 859 770 901 ἐπελαύνων
794 859 862 901 τὸν
884 858 1163 912 συνασπισμὸν
1187 852 1324 908 αὖτοῖς
1344 858 1469 911 ἔλυεν,
1505 859 1551 900 οὗ
1566 860 1668 902 καθ’
1697 868 1730 903 V
1754 869 1800 903 43

152 928 275 970 loz'va
308 926 457 982 μόνον,
503 928 598 969 ἀλλ’
638 928 716 983 ἤδη
756 930 822 970 καὶ
856 926 1004 969 σύνδυο
1042 928 1216 977 πολλοὺς
1242 928 1398 970 ἐκείνων
1425 927 1674 978 ἀποκτιννύς.

206 996 304 1038 ὅθεν
337 998 403 1038 καὶ
431 1000 488 1053 τῷ
515 995 778 1055 ἀνυποστάτω
804 1001 876 1051 τῆς
900 997 1102 1050 βασιλέως
1127 997 1503 1053 παρακεκινημένων
1529 994 1672 1054 ὁρμῆς,

199 1063 390 1119 Ῥωμαῖοι
427 1063 754 1122 ὅλοσχερέστερον
788 1066 884 1107 κατ’
915 1065 1047 1107 αὐτῶν
1074 1066 1351 1122 ἐπιβρίσαντες
1375 1065 1567 1122 λαμπρὰν
1592 1065 1671 1121 ἤδη

205 1134 278 1188 τὴν
314 1134 522 1189 ἐπαγωγὴν
558 1136 729 1176 ἐποίουν,
798 1136 939 1176 πολλοὶ
964 1135 1038 1188 μὲν
1064 1128 1134 1175 οὖν
1158 1133 1383 1192 βαρβάρων
1409 1134 1571 1186 ἔπεσον,
1601 1133 1672 1176 ἑά-

205 1206 341 1244 λωσαν
363 1203 406 1244 δὲ
432 1203 498 1244 καὶ
526 1204 582 1253 εἷς
607 1201 748 1246 ἑκατὸν
770 1202 962 1255 μάλιστα,
997 1204 1038 1245 ἓν
1062 1201 1123 1252 οἷς
1148 1205 1214 1246 καὶ
1237 1202 1438 1259 Λάζαρος
1462 1197 1532 1258 ἧν,
1569 1203 1672 1260 ἀνὴρ

152 1271 268 1312 15ἒπὶ
303 1275 488 1313 πλεῖστον
521 1272 594 1325 μὲν
628 1272 814 1328 ἀνδρείας
846 1271 976 1326 ἥκων,
1013 1273 1075 1313 ἐπὶ
1110 1279 1194 1322 τοῖς
1230 1273 1271 1314 ἓν
1307 1273 1422 1328 σφίσι
1449 1270 1674 1329 φυλάρχοις

205 1338 459 1394 ἀπόβλεπτος
483 1339 561 1381 ὤν·
595 1340 690 1390 τοὺς
712 1341 751 1382 δ’
778 1339 925 1389 ἄλλους
943 1341 1078 1382 ἰ’ππων
1101 1358 1142 1384 τε
1167 1341 1288 1397 ἀρετὴ
1313 1342 1380 1382 καὶ
1400 1340 1446 1382 τὸ
1471 1346 1552 1382 τῶν
1566 1342 1672 1397 ὀρῶν

207 1407 428 1451 διεσώσατο
454 1406 616 1459 λάσιον,
649 1408 675 1450 ἃ
703 1411 797 1465 τῇδε
826 1409 956 1450 πολλὰ
981 1412 1269 1465 παρατέταται.
1331 1407 1522 1462 Ῥωμαῖοι
1551 1411 1594 1452 δὲ
1619 1409 1672 1451 τὰ

205 1478 250 1519 ἐκ
277 1480 482 1533 προνομῆς
516 1476 744 1531 ἀνελόμενοι
771 1476 903 1519 πάντα
931 1477 1057 1519 ὀπίσω
1084 1478 1222 1521 λοιπὸν
1249 1476 1499 1534 ἀνεχώρουν,
1528 1477 1591 1520 ὅτε
1617 1478 1671 1532 δὴ

205 1548 271 1588 καὶ
298 1543 432 1595 Σότας
457 1546 626 1597 ἐκεῖνος,
653 1545 698 1588 ὃν
723 1545 883 1602 πλούτῳ
908 1563 950 1588 τε
976 1547 1042 1588 καὶ
1067 1548 1166 1603 γένει
1192 1545 1380 1602 καθάπερ
1407 1547 1560 1603 εἴρηται
1588 1548 1669 1589 διε-
1692 1557 1724 1591 Β

149 1612 393 1670 ΞΟνεγκόντα
431 1614 807 1671 ἀνδραποδισθῆναι
844 1613 1031 1665 Σκύθαις
1065 1616 1235 1670 ξυνέβη,
1276 1615 1414 1666 ἀδείας
1448 1613 1674 1670 λαβόμενος

206 1683 340 1740 φυγὰς
354 1684 427 1724 -ἐπὶ
451 1682 498 1725 τὸ
524 1682 796 1741 στρατόπεδον
821 1678 939 1739 ἦλθε.

301 1803 334 1837 7.
363 1797 517 1846 ἄνδρες]
542 1800 628 1846 „Nil
651 1801 713 1835 nisi
736 1801 843 1846 prima
868 1800 985 1834 littera
1009 1802 1105 1834 extat
1126 1800 1161 1834 in
1186 1800 1329 1841 codice3
1368 1800 1518 1845 reliquas
1541 1801 1672 1837 macula

297 1847 463 1884 obtexit.''
510 1847 642 1891 Heyse.
731 1849 783 1881 10.
798 1844 1057 1901 ¹ahman-ccvix&s·]
1083 1846 1169 1881 cod.
1195 1845 1427 1885 ἅποκτεινύς.
1532 1847 1585 1883 15.
1610 1845 1672 1882 ἐπὶ

297 1937 403 1993 τοῖς]
424 1937 478 1973 Ita
501 1937 647 1973 Tollius.
676 1937 765 1972 eod.
792 1904 833 1972 πει.
879 1938 992 1973 malim
1015 1934 1120 1982 πικροὶ
1143 1939 1223 1978 τοῖς
1237 1964 1247 1982 ,
1281 1936 1356 1971 sive
1370 1936 1484 1983 potius
1499 1935 1602 1983 παρὰ
1629 1935 1669 1972 δὲ

296 1996 389 2025 τοις.

207 2099 319 2134 sestim
335 2097 538 2140 accederet,
560 2096 772 2132 sollicitavit.
820 2097 871 2131 his
889 2096 1058 2142 acceptis,
1084 2107 1177 2130 arma
1193 2096 1352 2130 continuo
1374 2095 1486 2130 induit
1500 2096 1669 2142 princeps,

206 2151 354 2180 armatur
369 2144 512 2190 perinde
528 2148 563 2177 et
576 2148 668 2177 totus
682 2143 862 2178 exercitus.
909 2155 985 2176 mox
1010 2154 1031 2175 a
1046 2148 1145 2186 tergo
1161 2142 1310 2186 Scythas
1323 2142 1422 2176 simul
1437 2142 1550 2176 adorti
1560 2171 1570 2187 7
1593 2155 1669 2177 cum

206 2191 247 2225 iis
264 2202 381 2225 manus
401 2195 592 2223 conserunt.
640 2190 747 2235 primo
765 2189 897 2234 quidem
913 2194 1039 2222 stetere
1055 2188 1117 2232 Sc)
1125 2188 1205 2222 thae
1217 2215 1225 2227 ‚
1251 2188 1344 2222 velut
1367 2188 1551 2222 subeuntes
1568 2201 1670 2223 exce-

207 2237 318 2282 pturi:
343 2248 383 2270 ac
406 2236 440 2269 in
469 2236 668 2280 phalangem
691 2234 859 2277 ordinati,
893 2235 1031 2268 voluere
1053 2240 1090 2268 ut
1105 2234 1247 2276 auxilia,
1270 2238 1340 2267 tum
1358 2245 1419 2279 pro
1437 2245 1496 2276 se,
1522 2240 1589 2268 tum
1607 2246 1670 2280 pro

207 2282 337 2327 praeda
361 2293 462 2327 quam
490 2282 661 2322 fecerant,
697 2281 822 2326 primos
845 2280 991 2325 impetus
1017 2280 1231 2314 sustinerent.
1281 2279 1424 2314 validum
1443 2280 1611 2324 utrimque
1628 2281 1669 2315 fit

207 2328 383 2373 praelium.
431 2327 619 2372 complures
636 2326 777 2360 Romani
794 2326 970 2371 praeclare
985 2326 1085 2360 factis
1099 2325 1148 2359 ibi
1168 2325 1357 2359 inclaruere
1369 2352 1380 2368 ‚
1404 2331 1507 2370 atque
1520 2326 1670 2371 inprimis

206 2374 399 2418 imperator.
445 2372 598 2406 hostibus
622 2373 707 2406 enim
733 2372 882 2406 cominus
905 2372 1030 2405 acriter
1052 2371 1268 2416 urgentibus,
1294 2371 1369 2416 ipse
1391 2371 1548 2405 invectus
1573 2372 1672 2405 hasta

209 2418 364 2454 dissolvit
389 2419 561 2452 confertos
587 2418 805 2463 pugnantium
822 2417 974 2459 or<lines3
1000 2429 1110 2463 neque
1135 2417 1326 2460 singulatim
1346 2417 1533 2459 duntaxat,
1558 2417 1619 2450 sed
1635 2422 1672 2451 et

207 2465 307 2500 binos
323 2464 418 2498 simul
435 2463 599 2498 interdum
611 2491 621 2508 ‚
645 2463 754 2497 multis
772 2475 886 2498 eorum
903 2463 1021 2498 caesis.
1067 2463 1116 2497 ita
1129 2462 1254 2496 invicto
1274 2462 1433 2507 principis
1446 2462 1572 2507 impetu
1588 2474 1671 2508 pro-

208 2511 353 2544 turbatis
380 2510 554 2552 hostibus,
579 2509 723 2543 Romani
744 2509 872 2543 viribus
895 2509 1037 2554 integris
1056 2509 1276 2553 ingruentes,
1301 2513 1404 2542 totam
1421 2507 1526 2541 aciem
1547 2519 1672 2553 perru-

234 2567 303 2590 ere.
348 2555 482 2602 plurimi
497 2560 567 2589 tum
583 2555 736 2589 cecidere
753 2555 969 2589 barbarorum
983 2581 992 2596 ‚
1016 2561 1148 2588 centum
1175 2553 1310 2587 circiter
1332 2553 1439 2598 capti,
1461 2557 1564 2598 atque
1579 2554 1613 2587 in
1628 2554 1670 2588 iis

239 2611 379 2643 azarus,
401 2601 499 2635 animi
515 2601 640 2635 robore
656 2606 832 2646 praestans
845 2626 856 2642 ‚
881 2606 915 2634 et
930 2601 1018 2634 inter
1033 2600 1216 2645 Scythicos
1233 2599 1438 2644 phylarchos
1455 2599 1669 2645 conspicuus.

209 2645 355 2690 reliquos
377 2658 538 2691 equorum
566 2647 675 2680 virtus
700 2651 734 2680 et
757 2646 860 2681 densa
882 2646 1064 2687 montium,
1101 2645 1158 2690 qui
1181 2645 1370 2690 complures
1394 2644 1443 2679 ibi
1469 2652 1569 2685 sunt,
1594 2657 1669 2679 ser-

210 2702 358 2732 vavere3
395 2692 539 2726 Romani
571 2698 703 2734 autem,
735 2698 915 2737 postquam
947 2696 1068 2726 cuncta
1102 2690 1377 2736 pabulationibus
1402 2691 1672 2736 absumpserant,

210 2741 303 2770 retro
318 2737 435 2771 deinde
451 2743 633 2772 cesserunt.
680 2750 747 2782 quo
762 2743 832 2772 tum
848 2743 998 2784 tempore
1014 2738 1117 2771 Sotas
1131 2736 1187 2770 ille
1202 2760 1210 2774 .
1234 2748 1331 2781 quem
1347 2747 1473 2781 genere
1497 2741 1532 2771 et
1547 2736 1672 2769 divitiis

212 2782 493 2826 praepollentem,
515 2787 556 2818 ut
578 2783 741 2827 diximus,
764 2789 926 2831 ceperant
950 2784 1123 2830 Scythae,
1148 2786 1287 2829 arrepta
1309 2782 1508 2826 occasione,
1530 2783 1612 2826 fuga
1635 2781 1669 2815 in

210 2831 323 2862 castra
337 2828 504 2872 pervenit.
