1878 3262
304 213 404 260 212
778 207 1001 252 IOANNIS
1034 205 1262 251 cmNAMl

312 324 477 373 Οὕννοις
494 320 570 378 ἤδη
592 320 852 377 διαλλαγῆναι
870 319 1038 374 νομίσας
1056 317 1185 361 οῧκέτι
1200 315 1341 363 τούτου
1359 317 1530 376 ἴχρῃζεν,
1553 316 1650 360 ὅθεν
1673 317 1743 360 καὶ

310 393 410 435 οἶκοι
434 390 570 432 λοιπὸν
591 388 612 431 ὃ
635 377 842 444 Ῥωμαίῳν
869 385 1072 443 ἀνεζεύγνυ
1093 384 1275 444 στρατός.
1341 387 1445 430 ἀλλὰ
1460 386 1609 442 μεταξὺ
1634 379 1742 428 Offir-

308 476 370 502 νοι
393 453 514 508 αὖθις
537 456 730 516 Στεφάνῳ
749 454 1025 505 ἓπισυστάντες
1052 454 1155 497 ἄλλα
1181 472 1223 497 τε
1243 454 1373 496 πολλὰ
1402 457 1457 505 εἷς
1476 454 1596 498 αὗτὸν
1617 453 1742 510 ἀπερ-

308 529 471 585 ρίπτουν
495 528 560 568 καὶ
590 526 639 580 δὴ
668 527 735 569 καὶ
755 524 830 566 ὑπ’
866 525 976 582 αὐτῷ
1004 523 1055 565 τὰ
1078 522 1239 565 Οὕννων
1268 521 1570 580 ἀνατετράφθαι
1587 522 1742 578 ἰσχυρί-

307 597 419 647 ζοντο
440 592 669 650 πράγματα.
737 593 805 636 διὰ
834 597 962 635 ταῦτα
981 591 1169 645 βασιλεὺς
1197 591 1268 645 μὲν
1287 589 1514 647 στράτευμα
1541 592 1607 632 καὶ
1623 588 1775 632 πάλιν6

304 657 496 720 ἰ’ίθροιζε,>
526 662 730 720 Στέφανος
762 661 805 703 δὲ
831 660 901 702 τὸν
928 661 1106 702 κίνδυνον
1130 660 1409 713 ὃιευλαβηθεὶς
1425 658 1470 700 τὸ
1497 659 1569 712 μὲν
1586 662 1744 715 πρῶτον

309 730 440 788 φυγὰς
461 730 527 771 ἒπί
542 747 630 772 τινα
648 734 727 772 τῶν
749 727 946 784 ἐγγυτάτω
958 727 1115 784 Ἴστρου
1139 726 1290 769 πόλεων
1307 721 1454 781 ἦλθεν,
1490 726 1540 768 αἳ
1548 726 1745 780 βασιλέως
1800 754 1802 756 v

308 799 503 841 ἀνέκαθεν
531 795 717 850 κατήκοοι
744 794 1004 852 τυγχάνουσιν
1029 790 1169 848 οῧσαι,
1205 796 1353 837 ἐκεῖθεν
1384 795 1427 836 de*
1449 795 1511 836 ἐπὶ
1540 792 1744 851 Σαρδικὴν

307 865 486 921 μεταβὰς
513 864 692 908 ἐνταῦθα
708 868 872 920 βασιλεῖ
895 863 1129 919 συνεγένετο.
1197 861 1218 904 ὃ
1237 864 1279 905 ὁὲ
1302 860 1463 919 σφόδρα
1478 859 1746 919 περιαλγήσας

257 949 289 985 c
312 941 394 984 τοῖς
406 936 647 987 ξυμπεσοῦσι
666 938 737 988 τῆς
754 931 876 987 τύχης
898 949 939 975 τε
958 931 1026 974 τὸν
1045 931 1261 988 ἄνθρωπον
1281 929 1551 984 οἷκτισάμενος
1563 928 1749 986 χρήμασί
1756 935 1800 970 10

306 1019 348 1045 τε
376 999 603 1058 ἐδωρήσατο
632 1003 697 1044 καὶ
717 1000 930 1055 δυνάμεσιν
953 997 1208 1056 ἅποχρώσαις
1237 1000 1298 1040 ἐπὶ
1322 998 1394 1052 τὴν
1410 996 1601 1054 πατρῴαν
1623 992 1746 1046 αὖθις

307 1074 472 1124 κατῆγεν
495 1066 634 1125 ἀρχήν.
706 1063 802 1125 ἦρχε
829 1069 873 1110 δὲ
906 1072 987 1110 τῶν
1022 1065 1228 1121 δυνάμεων
1255 1064 1407 1108 τούτων
1425 1066 1596 1115 Ἀλέξιος
1623 1059 1745 1122 οὗπερ

305 1137 383 1192 ἤδη
409 1133 635 1189 ἐμνήσθην,
681 1133 702 1176 ὃ
739 1136 1085 1192 Κοντοστέφανος,
1129 1133 1319 1189 βασιλεὺς
1356 1135 1399 1175 δὲ
1432 1132 1597 1176 κατόπιν
1627 1133 1746 1190 ὀλίγῳ

306 1202 456 1260 ἐχώρει.
508 1201 640 1257 ἐπειδή
657 1219 696 1244 τε
715 1203 755 1245 ἓν
775 1206 919 1260 Ναϊσῷ
940 1201 1049 1244 πόλει
1073 1204 1234 1258 ἐγένετο,
1269 1199 1398 1255 ξ’ννοιά
1415 1219 1475 1251 τις
1497 1202 1606 1258 αὐτῷ
1623 1202 1742 1255 ἐπῆλ-

305 1277 379 1314 θεν
406 1272 584 1313 ἐνταῦθα
611 1271 1036 1327 στρατοπεδευσαμένῳ
1067 1272 1133 1311 καὶ
1171 1274 1252 1312 τῶν
1293 1269 1399 1326 ἀμφὶ
1426 1273 1477 1326 τῇ
1500 1272 1675 1325 Σερβικῇ
1703 1269 1745 1310 ἓν
1757 1276 1800 1314 15

304 1339 488 1396 παρέργῳ
511 1339 798 1394 ἐπιμεληθῆναι
823 1336 1078 1395 πραγμάτων.
1147 1337 1231 1393 ἄγει
1259 1335 1336 1394 γάρ
1355 1353 1439 1387 πως
1465 1337 1536 1394 ἐφ’
1559 1335 1748 1394 ἑκατέρας

305 1405 527 1460 Παιονικήν
553 1423 594 1448 τε
620 1408 685 1450 καὶ
716 1406 932 1463 Σερβικὴν,
968 1404 988 1448 ὅ
1018 1409 1152 1463 χῶρος
1183 1399 1318 1456 οὗτος,
1354 1407 1421 1447 καὶ
1442 1403 1547 1447 ἔστιν
1568 1404 1747 1462 ἀμφοτέ-

305 1493 396 1531 ραις
425 1476 605 1517 ἒντεῦθεν
631 1475 718 1517 ὁέον
748 1475 903 1517 ἐνιέναι.
970 1473 1077 1516 Δεσὲ
1104 1473 1181 1530 γὰρ
1210 1472 1254 1523 ὃς
1281 1474 1479 1527 βασιλέως
1513 1471 1651 1523 δόντος
1675 1476 1748 1527 τῆς

304 1546 500 1599 Σερβικῆς
516 1537 612 1598 ἦρχε
635 1547 692 1599 τῷ
719 1540 806 1584 τότε
821 1573 835 1594 ,
871 1542 1004 1596 ἐπειδὴ
1026 1546 1097 1596 τῆς
1110 1540 1250 1597 χώρας
1277 1541 1468 1597 ἐγκρατὴς
1482 1540 1559 1595 ἤδη
1583 1541 1744 1597 ἐγένετο,

303 1615 383 1652 τῶν
404 1613 615 1663 συνθηκῶν
645 1608 844 1664 ἀλογήσας
863 1610 1048 1665 Λένδρας
1075 1626 1116 1650 τε
1143 1607 1282 1665 χώρας
1304 1610 1486 1658 εἲσαῦθις
1505 1615 1800 1662 permutatam

251 1691 286 1726 1)
311 1679 377 1720 καὶ
399 1682 470 1732 τῆς
483 1675 700 1730 ζΡωμαίων
718 1676 945 1734 ἀφηνιάζων
962 1677 1089 1733 ἀρχῆς
1110 1676 1150 1726 ἴς
1165 1694 1205 1718 τε
1218 1676 1467 1730 Ἀλαμανοὺς
1484 1675 1650 1730 ἔπεμψε,
1670 1680 1746 1731 κῆᾱ

302 1748 373 1796 ὁος
390 1747 572 1787 ἐντεῦθεν
590 1743 720 1802 ἑαυτῷ
738 1743 918 1799 συνάψαι
936 1746 1164 1798 διανοηθείς
1171 1775 1184 1794 ,
1219 1746 1285 1785 καὶ
1303 1748 1383 1785 πᾶν
1402 1743 1425 1785 ὃ
1440 1743 1497 1798 μὴ
1517 1744 1619 1786 κατὰ
1641 1742 1745 1799 γνώ-

299 1830 382 1867 μην
403 1811 614 1866 Ῥωμαίοις
641 1807 690 1866 ἦν
714 1811 848 1870 τρόπῳ
877 1814 994 1853 παντὶ
1026 1811 1219 1867 ἔπρασσε·
1263 1809 1351 1853 τότε
1382 1811 1432 1865 δὴ
1457 1813 1522 1853 καὶ
1548 1813 1747 1865 βασιλέως

301 1880 425 1923 αὐτὸν
447 1880 807 1934 μεταστελλομένου
838 1879 905 1937 ἐφ’
931 1874 966 1938 ᾧ
992 1879 1095 1921 κατὰ
1114 1877 1305 1921 Παιάνιον
1323 1877 1433 1937 αὐτῷ
1449 1877 1743 1937 συστρατεύσει,

299 2007 428 2041 interea
444 2005 691 2041 reconciliatum
708 2016 745 2040 se
758 2005 820 2040 iam
836 2017 909 2040 cum
924 2005 1094 2050 Hungaris
1110 2008 1204 2041 ratus
1217 2032 1228 2050 ,
1251 2006 1324 2041 eius
1341 2017 1477 2052 operam
1491 2017 1556 2041 non
1569 2005 1740 2042 adhibuit:

302 2058 510 2097 quapropter
531 2053 663 2085 domum
687 2052 788 2086 rediit
811 2053 981 2086 Romanus
1004 2052 1180 2086 exercitus.
1235 2064 1349 2087 verum
1382 2064 1458 2086 mox
1480 2052 1514 2086 in
1537 2052 1743 2097 Stephanum

301 2109 431 2131 rursum
446 2098 657 2141 insurgentes
673 2097 841 2141 Hungari,
866 2103 936 2131 tum
953 2098 1017 2131 alia
1032 2098 1062 2130 ei
1077 2098 1177 2131 multa
1189 2122 1199 2138 ,
1217 2101 1288 2132 tum
1304 2104 1339 2131 et
1356 2100 1418 2132 sub
1432 2098 1487 2131 illo
1504 2097 1653 2143 perditas
1667 2109 1743 2132 esso

302 2142 535 2186 Hungarorum
561 2154 615 2175 res
637 2144 891 2187 exprobrarunt.
939 2143 1128 2187 Stephanus
1154 2147 1263 2176 autem
1288 2143 1460 2177 discrimen
1481 2143 1629 2184 venitm,
1651 2143 1742 2186 fugit

301 2188 462 2233 primum,
484 2192 521 2221 et
542 2187 575 2220 in
591 2188 765 2231 quamdam
788 2200 807 2221 e
824 2187 938 2221 vicinis
952 2189 1037 2221 Istro
1054 2188 1265 2230 civita·ibus‚
1288 2200 1375 2233 quae
1391 2188 1581 2232 iampridem
1597 2187 1743 2233 impera-

302 2232 368 2266 tori
385 2233 547 2266 obnoxiae
570 2233 723 2274 fuerant,
754 2234 866 2267 venit:
890 2234 966 2267 inde
989 2233 1021 2266 in
1039 2234 1213 2267 Sardicam
1234 2234 1418 2274 transiens,
1442 2233 1487 2266 ibi
1503 2244 1579 2266 cum
1595 2233 1741 2277 impera-

301 2282 378 2311 tore
398 2288 596 2322 congressus
613 2283 675 2310 est.
721 2278 778 2311 isse
806 2290 846 2311 eo
871 2290 951 2312 casu
975 2279 1151 2312 admodum
1167 2279 1338 2324 perculsus
1356 2283 1389 2312 et
1404 2278 1540 2311 hominis
1556 2278 1663 2312 vicem
1679 2278 1742 2313 mi-

302 2327 454 2366 seratus,
478 2322 626 2368 pecuniis
651 2334 725 2356 eum
751 2327 785 2356 et
808 2323 937 2357 idoneis
959 2324 1084 2357 viribus
1104 2324 1206 2358 donat
1228 2324 1270 2357 ad
1292 2323 1552 2368 recuperandum
1567 2327 1741 2368 paternum

301 2379 452 2411 regnum.
496 2368 536 2401 iis
563 2368 707 2413 praefuit
730 2368 832 2413 copiis
852 2369 991 2402 Alexius
1019 2370 1335 2414 Contostephanus,
1361 2368 1452 2402 cuius
1477 2368 1574 2402 modo
1591 2369 1740 2403 memini-

302 2424 393 2447 mus:
416 2413 597 2457 imperator
611 2418 719 2446 autem
733 2425 754 2447 a
768 2418 865 2457 tergo
882 2414 1048 2458 paululum
1064 2415 1340 2459 subsequebatur.
1388 2414 1444 2447 ubi
1459 2413 1502 2446 ad
1525 2413 1664 2448 Naisum
1681 2425 1741 2448 ur-

300 2458 376 2492 bem
391 2459 563 2504 pervenit,
586 2459 727 2494 animum
745 2458 846 2492 subiit
862 2459 1019 2503 cogitatio
1032 2485 1041 2501 ‚
1065 2460 1195 2493 interim
1211 2459 1286 2493 dum
1301 2459 1366 2492 illic
1381 2463 1491 2492 castra
1506 2459 1658 2504 haberet,
1682 2470 1739 2494 res

301 2503 401 2536 etiam
418 2503 574 2536 Servicas
590 2503 798 2548 expediendi.
845 2504 879 2537 in
906 2509 1078 2548 utramque
1093 2505 1177 2539 enim
1193 2505 1358 2549 regionem
1383 2503 1587 2538 Pannoniam
1603 2510 1637 2538 et
1655 2505 1738 2539 ser-

299 2548 387 2582 viam
403 2548 492 2582 ducit
506 2549 598 2582 locus
610 2549 675 2582 iste
686 2574 696 2590 ,
718 2549 860 2594 indeque
877 2561 949 2583 cum
966 2550 1172 2594 oportuerit,
1194 2554 1366 2593 utramque
1379 2549 1508 2592 ingredi
1534 2549 1614 2583 licet
1629 2561 1670 2584 ac
1684 2549 1738 2584 in-

300 2603 442 2626 cessere.
487 2593 579 2627 Dese
603 2594 705 2638 enim,
735 2594 791 2638 qui
818 2595 1026 2640 imperatoris
1054 2595 1218 2629 beneficio
1244 2594 1382 2628 Serviae
1407 2599 1477 2627 tum
1513 2595 1736 2640 imperitabat,

299 2642 474 2682 postquam
488 2638 710 2683 principatum
727 2640 888 2679 obtinuit,
918 2640 1117 2685 posthabitis
1144 2640 1251 2685 pactis
1264 2666 1273 2683 ‚
1308 2639 1473 2674 Dendram
1490 2641 1657 2684 regionem
1673 2640 1737 2675 de·-

297 2693 364 2715 nuo
381 2689 618 2726 occupaverat,
642 2690 823 2729 spretoque
838 2686 1060 2719 Romanorum
1082 2685 1219 2731 imperio
1235 2684 1430 2728 legationem
1446 2686 1581 2720 miserat
1596 2686 1638 2719 ad
1653 2685 1737 2720 Ale-

298 2737 456 2769 mannos,
479 2733 517 2760 ut
540 2728 617 2762 inde
642 2730 704 2762 sibi
729 2741 864 2763 uxorem
888 2736 1093 2773 accerseret,
1128 2736 1162 2764 et
1177 2730 1331 2774 quidquid
1355 2730 1515 2764 Romanis
1530 2731 1734 2776 displiceret,

297 2771 428 2806 omnino
456 2773 613 2806 faciebat.
660 2774 758 2808 etiam
782 2781 851 2809 tum
867 2778 942 2809 cum*
965 2787 985 2809 a
1001 2775 1149 2828 principe
1165 2780 1379 2816 evocaretur,
1404 2780 1442 2809 ut
1457 2777 1618 2811 adversus
1634 2777 1734 2811 Hun-

297 2828 396 2862 garoa
411 2817 530 2852 bellum
545 2818 675 2862 gerenti
687 2818 748 2854 sibi
764 2820 919 2864 adesset,
942 2819 1085 2855 difficilis
1100 2832 1141 2855 ac
1154 2819 1313 2867 pervicax
1329 2820 1518 2865 videbatur,
1541 2820 1731 2867 magnarum
