1878 3262
262 214 295 262 7
299 215 329 261 2
687 206 997 254 NICEPHORI
1021 206 1290 252 BRYENNII
1321 218 1326 223 ⁴

213 334 245 370 C
267 331 325 385 τῷ
344 325 464 380 ὀϊστῷ
485 322 551 364 καὶ
577 320 702 374 εὐθὺς
718 325 861 366 τοῦτον
886 317 1225 376 καταβάλλει-τοῦ
1235 321 1376 365 ίἵππου.
1444 321 1561 380 ἀφεὶς
1590 320 1637 366 δέ
1660 339 1722 374 τις

259 397 378 451 βέλος
403 391 545 447 βάλλει
567 391 711 434 τούτου
732 391 806 446 τὴν
828 388 982 442 δεξιάν·
1022 387 1043 432 ὅ
1074 390 1117 432 δ’
1153 391 1306 433 ἐκεῖθεν
1333 390 1380 432 τὸ
1408 392 1525 444 βέλος
1550 390 1721 442 ἑλκύσας
1757 403 1760 404 ’

261 463 373 520 αὐτῷ
400 459 529 518 τούτῳ
556 460 626 502 τὸν
655 458 891 517 βάρβαρον,
931 456 1118 516 καθάπερ
1147 457 1168 501 ὃ
1195 459 1407 516 Βρασίδας
1433 458 1578 512 πάλαι,
1612 459 1720 516 ἠμύ·

259 546 373 576 νατο.
443 529 481 571 οἳ
507 533 602 584 γοῦν
634 528 841 587 βάρβαροι
875 529 1075 577 δείσαντες
1104 527 1230 570 αὐτοῦ
1259 527 1305 570 τὸ
1329 534 1505 583 γενναῖον
1525 527 1658 586 βραχύ
1682 546 1723 572 τι

259 597 405 644 τούτου
433 598 659 653 διέστησαν.
728 596 749 640 ὁ
775 597 815 640 δ’
842 597 978 647 ἀδείας
999 594 1223 651 λαβόμενος
1251 597 1317 638 ἐπί
1344 613 1382 638 τι
1412 594 1612 650 δωμάτιον
1631 598 1756 646 ὀψέ-5

259 673 375 724 βαινε
398 667 584 709 κάκεῖθεν
609 666 758 717 αὐτοὺς
777 672 862 717 τοῖς
881 664 1121 720 τοξεύμασιν
1144 665 1286 720 ἔβαλλε
1296 697 1310 717 ,
1353 666 1420 707 καὶ
1444 664 1539 714 τοὺς
1561 666 1725 717 λοιποὺς

260 735 367 794 εἶχον
384 735 462 791 ἤδη
486 735 537 778 τὰ
559 735 742 779 στενωποὶ
763 739 843 778 τῶν
866 736 1040 792 χωρίων.
1109 731 1395 783 καταλιπόντες
1422 728 1494 775 οὖν
1517 734 1663 776 ἐκεῖνον
1686 734 1725 777 οἳ

259 805 467 862 βάρβαροι
500 804 604 858 μετὰ
635 802 917 862 σφοδροτάτης
942 802 1072 861 ῥύμης
1093 803 1254 853 ἐκείνοις
1276 800 1460 859 ἐπῄεσαν.
1529 800 1550 844 ὅ
1573 803 1617 844 δὲ
1636 804 1727 845 Kc·-

259 874 410 929 μνηνὸς
426 873 599 923 Ἀλέξιος
619 871 881 930 ὑποστρέψας
902 873 972 923 ξὺν
1000 872 1147 927 ὀλίγοις
1171 876 1252 915 τῶν
1279 871 1387 928 ἀμφ’
1420 870 1542 913 αὐτὸν
1566 875 1726 927 πρῶτος

261 944 332 985 ἕνα
352 940 506 986 τούτων
528 942 735 996 κατέβαλε.
770 943 837 983 καὶ
857 939 877 983 ὅ
900 939 1146 998 Χασκάρης,
1171 935 1219 983 οὗ
1240 944 1400 998 πρῶτον
1420 937 1440 981 ὃ
1463 938 1580 995 λόγος
1600 938 1723 996 ἓμνή-
1737 952 1782 988 10

206 1019 240 1056 D
264 1000 370 1066 σθη,
406 1010 510 1053 κατὰ
531 1014 611 1052 τῶν
632 1010 893 1068 μεταφρένων
912 1009 1081 1067 ἔτρωσεν
1101 1010 1247 1067 ἕτερον.
1318 1006 1435 1065 φόβῳ
1461 1003 1532 1050 οὖν
1564 1007 1726 1067 μεγάλῳ

261 1079 549 1133 συσχεθέντες,
585 1079 752 1136 ἀφέντες
774 1078 923 1129 αὐτοὺς
941 1076 1181 1135 ἀνεχώρουν.
1251 1078 1288 1120 οἱ
1308 1078 1350 1119 δὲ
1373 1077 1505 1132 ὀλίγον
1526 1079 1726 1131 βαδίσαν-

259 1165 346 1199 τες,
382 1145 607 1200 ἀποβάντες
628 1150 708 1190 τῶν
722 1148 858 1188 ἵππων
876 1147 917 1189 ἓν
938 1147 1073 1204 ὀχυρῷ
1086 1147 1225 1204 χωρίῳ
1246 1144 1451 1200 ἐσκήνουν.
1518 1145 1660 1196 νυκτὸς
1679 1144 1723 1188 δ’

260 1216 537 1272 ἐπιγενομένης
566 1217 632 1258 καὶ
668 1213 689 1257 ὃ
721 1217 814 1272 πρὶν
843 1214 1003 1270 ἀποβὰς
1030 1219 1103 1256 τοῦ
1126 1216 1252 1256 ἰ’ππου
1267 1214 1434 1264 Ἀλανὸς
1453 1213 1555 1270 πρὸς
1578 1214 1728 1264 αὐτοὺς

261 1282 554 1339 κατελάμβανε.
623 1286 690 1326 καὶ
713 1282 858 1337 πάντες
879 1282 983 1338 ὁμοῦ
1001 1281 1278 1338 διεσώθησαν,
1304 1281 1415 1337 μήθ’
1441 1280 1607 1333 ἁλόντος
1622 1281 1723 1337 μήτε
1738 1291 1782 1329 15

260 1351 463 1402 θανόντος
486 1349 604 1402 τινός.
675 1353 713 1395 οἶ
742 1354 786 1395 δὲ
811 1354 1010 1403 σωθέντες
1034 1350 1207 1402 ἅπαντες
1240 1355 1405 1408 σωτῆρα
1431 1352 1497 1392 καὶ
1525 1349 1727 1407 κηδεμόνα

259 1422 330 1464 τὸν
350 1421 474 1465 καλὸν
494 1419 753 1478 ἐπευφήμουν
765 1421 952 1472 Ἀλέξιον.
1021 1422 1064 1463 ἐκ
1079 1423 1201 1475 τῆσδε
1219 1415 1291 1462 οὖν
1309 1426 1535 1476 τεταρταῖοι
1555 1419 1628 1474 τὴν
1644 1423 1727 1474 βα-

141 1495 171 1531 P
194 1495 239 1533 51
264 1491 400 1532 σιλίὸα
418 1489 714 1545 καταλαβόντες
732 1489 783 1532 τὰ
801 1488 1015 1544 συμβάντα
1034 1487 1166 1532 πάντα
1181 1495 1264 1539 τοῖς
1284 1489 1325 1529 ἐν
1341 1492 1391 1547 τῇ
1406 1486 1518 1530 πόλει
1537 1486 1727 1544 οἷπήγγειὁ

261 1562 337 1601 λαν
358 1560 426 1600 καὶ
451 1556 506 1607 ὡς
525 1556 684 1600 πάντων
703 1557 837 1615 σωτὴρ
858 1559 1009 1614 γένοιτο
1031 1556 1052 1600 ὅ
1071 1562 1250 1616 χρυσοῦς
1265 1558 1423 1606 νεανίας
1438 1556 1622 1608 Ἀλέξιος.
1657 1561 1727 1599 καὶ

76 1664 79 1667 ,
139 1631 174 1667 V
196 1627 423 1670 35ἒπειδὰν
457 1625 635 1683 περιῄει,
681 1627 871 1671 συνέθεον
907 1625 1081 1677 ἅπαντες
1113 1629 1348 1684 σκιρτῶντες
1378 1623 1511 1683 ὥσπερ
1545 1626 1609 1667 ἐπὶ
1641 1631 1784 1676 τοῖςξο

261 1694 406 1740 τούτου
428 1693 758 1751 πλεονεκτήμασι.

351 1825 411 1861 20.
436 1821 600 1871 περιῄει]
623 1822 789 1868 azotice?

289 1936 404 1972 timum
430 1935 577 1981 equitem
603 1935 786 1970 irruentem
807 1938 927 1970 contra
948 1944 1023 1968 eum
1048 1937 1190 1980 pectore
1212 1934 1412 1971 transfixum
1437 1945 1481 1969 ex
1497 1942 1583 1979 equo
1599 1932 1727 1969 deiicit.

260 1948 318 2017 Eic
333 1982 451 2027 aliquis
468 1982 566 2016 Alani
583 1982 755 2016 dexteram
773 1981 881 2015 iaculo
896 1980 1033 2014 traiicit.
1079 1985 1117 2014 at
1140 1980 1198 2014 ille
1220 1984 1408 2014 extractum
1434 1992 1454 2015 e
1468 1980 1608 2015 vulnere
1622 1980 1726 2014 telum

260 2029 296 2063 in
324 2035 494 2062 auctorem
518 2028 626 2064 reiicit
650 2033 685 2061 et
700 2027 880 2061 barbarum
894 2026 1112 2061 iaculator-em
1126 2037 1187 2060 sua
1202 2025 1306 2071 ipsius
1321 2026 1478 2071 cuspide,
1513 2030 1551 2060 ut
1566 2025 1726 2060 Brasidas

262 2073 363 2118 olim,v
393 2085 559 2118 generose
575 2074 666 2108 ultus
683 2078 746 2107 est.
788 2073 839 2106 his
855 2071 1091 2117 experimentis
1107 2076 1288 2117 perspecta
1302 2072 1365 2107 viri
1379 2071 1577 2107 fortitudine
1592 2070 1726 2118 paulum

261 2120 307 2155 ab
331 2131 371 2152 eo
387 2123 613 2153 recesserunt.
660 2123 697 2152 at
717 2119 746 2152 is
773 2118 1028 2163 opportunitate
1053 2117 1167 2151 oblata
1187 2128 1307 2152 secure
1334 2129 1413 2151 usus
1437 2118 1474 2151 in
1496 2116 1725 2151 domunculam

261 2166 355 2200 forte
377 2165 564 2209 proximam
588 2164 787 2199 conscendit
809 2168 844 2198 et
863 2164 942 2197 inde
967 2163 1043 2197 loco
1059 2163 1212 2208 superior
1227 2163 1364 2198 certiori
1376 2162 1578 2198 iaculatione
1590 2163 1725 2196 Turccs

262 2211 459 2245 infestabat.
507 2210 563 2243 alii
578 2210 644 2243 iam
659 2210 789 2243 interim
804 2210 837 2243 in
853 2209 1025 2253 angustias
1042 2213 1238 2252 evaserant,
1269 2221 1375 2254 quare
1391 2209 1496 2244 Turci
1511 2209 1574 2243 hoc
1591 2207 1725 2251 omisso,

262 2256 307 2292 im
335 2261 391 2290 etu
418 2256 610 2290 vehementi
633 2255 667 2288 in
692 2266 749 2288 eos
772 2255 949 2291 irruerunt.
997 2254 1059 2291 sed
1076 2255 1265 2290 comnenus
1279 2255 1419 2291 Alexius
1442 2256 1586 2289 obverso
1614 2253 1648 2286 in
1665 2264 1725 2287 eos

262 2313 308 2336 vu
323 2309 359 2336 tu
376 2313 449 2336 cum
465 2301 678 2335 familiarium
694 2301 808 2345 paucis
824 2300 949 2346 primus
966 2312 1010 2337 ex
1023 2300 1065 2334 iis
1080 2311 1180 2335 unum
1197 2301 1332 2345 deiecit,
1364 2305 1400 2335 et
1415 2301 1613 2342 Chasmrae,
1630 2299 1725 2333 cuius

263 2348 364 2382 modo
390 2347 618 2388 meminimus,
649 2346 810 2390 fugientis
834 2346 970 2380 alterius
993 2346 1264 2390 tergavconfixit.
1310 2346 1388 2381 hinc
1414 2356 1533 2389 magno
1558 2349 1724 2390 concepto

262 2397 353 2428 metu
369 2392 512 2427 dimissis
527 2392 610 2438 ipsis
627 2392 734 2425 Turci
749 2392 965 2429 recedebant.
1012 2392 1122 2427 nostri
1131 2403 1214 2426 vero
1230 2392 1434 2437 aliquantum
1448 2390 1621 2436 progressi
1635 2390 1726 2424 desi-

262 2439 382 2473 lientes
398 2450 443 2474 ex
459 2438 554 2483 equis
568 2438 604 2471 in
617 2438 692 2471 loco
707 2442 830 2471 natura
844 2438 971 2471 munito
987 2438 1241 2472 tabernaculum
1257 2438 1380 2482 figunt.
1419 2447 1527 2482 eoque
1544 2436 1610 2470 iam
1624 2441 1726 2471 nocte

261 2485 441 2528 ingruente
463 2484 520 2529 qui
543 2484 765 2518 exscenderat
789 2494 875 2528 equo
893 2483 1018 2517 Alanus
1044 2495 1121 2517 sese
1147 2483 1260 2517 salvus
1284 2482 1426 2528 recepit.
1472 2482 1588 2526 sicque
1610 2493 1725 2517 omnes

262 2530 394 2575 pariter
414 2529 541 2563 servati
562 2534 658 2572 sunt,
701 2529 790 2562 nullo
816 2539 928 2573 neque
952 2533 1054 2574 capto
1081 2540 1190 2573 neque
1213 2529 1342 2571 occiso,
1373 2527 1490 2562 salutis
1510 2527 1660 2564 universi
1684 2539 1726 2562 ac

262 2574 385 2618 singuli
409 2575 566 2620 propriae
592 2578 765 2611 auctorem
792 2586 832 2609 ac
856 2571 1066 2620 provisorem
1089 2574 1335 2609 conclamantes
1349 2585 1546 2618 generosum
1562 2573 1726 2610 Alexim.

262 2619 341 2654 inde
358 2625 480 2664 quarta
497 2621 549 2653 die
564 2621 599 2654 in
615 2622 733 2654 urbem
749 2620 873 2664 regiam
889 2621 1125 2665 pervenientes
1143 2631 1231 2668 quae
1248 2619 1460 2663 contigerant
1476 2631 1536 2663 per
1552 2619 1726 2654 civitatem

264 2665 450 2710 vulgarunt
470 2666 729 2710 gratulationem
750 2666 945 2712 insperatae
958 2666 1166 2701 liberationis
1182 2677 1263 2700 suae
1278 2676 1352 2698 cum
1367 2665 1502 2700 summis
1518 2665 1611 2699 aurei
1626 2665 1725 2699 iuve-

266 2711 319 2746 nis
333 2711 446 2745 Alexii
462 2711 615 2744 laudibus
630 2712 826 2752 miscentes,
857 2713 912 2745 cui
934 2723 1007 2746 eam
1028 2712 1063 2745 in
1082 2711 1224 2745 solidum
1238 2710 1444 2746 tribuebant.
1492 2711 1581 2745 unde
1596 2711 1724 2745 factum

264 2763 323 2800 ut,
356 2768 429 2791 cum
444 2756 516 2802 ipse
532 2768 607 2790 mox
624 2768 661 2790 se
677 2757 855 2790 videndum
871 2757 1042 2802 praebuit,
1077 2760 1316 2790 concurrerent
1339 2756 1463 2800 passim
1480 2767 1594 2790 omnes
1610 2756 1724 2790 exsul-

265 2803 396 2841 tatione
412 2803 514 2843 mira,
537 2814 601 2835 nec
617 2802 745 2846 expleri
759 2802 887 2836 tuendo
905 2806 939 2835 et
951 2802 1186 2846 applaudendo
1202 2807 1340 2846 possent
1354 2807 1449 2835 tanta
1465 2807 1563 2836 erant
1576 2802 1723 2838 admira-

267 2849 362 2886 tione
377 2848 469 2897 capti
484 2849 641 2884 heroicae
656 2847 776 2884 indolis
792 2847 1054 2895 eximiarumque
1068 2847 1291 2896 adolescentis
1307 2847 1425 2893 optimi
1438 2847 1564 2883 dotum.
