1878 3262
343 201 403 244 IN
437 199 723 243 DESCRIPT.
759 199 1394 244 CONSTANTINOPOLEOS.
1514 200 1606 246 185

139 310 232 346 orbis
253 309 449 355 descriptio.
496 309 642 354 denique
666 308 812 343 vicinum
834 308 940 343 fuisse
962 319 1105 353 magnae
1129 307 1296 343 ecclesiae
1311 307 1482 354 colligitur
1496 321 1541 344 ex
1556 309 1609 344 in-

140 357 278 398 cendio,
308 367 376 401 quo
405 355 632 400 conflagravit
651 355 685 389 in
699 355 867 390 seditione
881 355 1161 397 Victoriatorum,
1193 355 1283 400 apud
1300 355 1504 389 Chronicum
1519 356 1608 390 Ale-

138 403 254 437 xandr.
270 413 305 447 p.
322 403 389 437 778
407 406 443 435 et
459 402 650 436 Cedrenum
667 413 701 447 p.
717 402 797 436 369.
842 401 904 435 sed
929 406 965 434 et
980 401 1123 435 Nicetas
1143 402 1177 434 in
1195 401 1292 435 Alex.
1309 401 1405 437 Man.
1423 402 1466 436 F.
1482 413 1517 435 n.
1533 403 1556 437 6
1572 406 1610 436 et

138 448 290 482 Codinus
306 448 350 481 de
366 448 471 483 Offic.
488 449 595 482 Aulae
611 448 682 482 ΟΡ.
700 459 730 481 c.
751 447 794 482 17
808 457 841 479 n.
861 449 905 482 10
927 447 1067 481 tradunt
1088 447 1257 480 vestibula
1282 459 1427 491 magnae
1444 448 1609 482 ecelesiae

138 495 173 528 in
189 497 383 539 Augustaeo
400 495 590 529 exstitisse:
616 493 704 527 unde
718 489 925 536 προαύλιον
939 493 1007 527 τοῦ
1024 490 1185 536 μεγάλου
1201 493 1300 527 ναοῦ
1316 493 1438 527 dicitur
1451 494 1611 528 Zonarae

137 551 172 586 p.
187 540 243 582 52,
275 540 353 574 dum
368 541 608 575 Iustinianeam
623 544 770 574 statuam
785 538 946 572 describit
957 567 967 583 ‚
993 550 1093 583 quam
1107 539 1141 572 in
1155 539 1327 573 vestibulo
1343 551 1482 584 magnae
1498 541 1610 574 eccle-

137 585 209 620 siae
225 586 396 621 exstitisse
412 591 561 628 constat,
590 590 694 631 atque
710 585 796 618 adeo
811 584 845 618 in
858 585 934 630 ipso
950 586 1146 629 Augustaeo
1156 611 1166 627 ‚
1185 585 1275 618 unde
1302 585 1478 619 cedrenus
1493 598 1526 630 p.
1541 587 1610 622 347

137 633 386 676 Augustaeonis
412 644 533 667 nomen
559 632 624 677 ipsi
649 635 786 665 statuae
799 630 931 665 tribuit.
979 643 1081 676 porro
1098 633 1330 675 Augustaeum
1347 643 1367 665 a
1385 632 1610 666 Constantino

136 677 187 714 M.
214 683 422 712 exstructum
448 679 601 713 scribunt
625 677 820 722 Hesychius
843 676 998 711 Milesius
1031 682 1067 711 et
1102 677 1298 711 chronicon
1332 678 1608 712 Alexandrinum.

137 724 246 768 portis
261 735 346 759 vero
361 726 472 759 sorum
486 725 597 770 ipsum
613 725 762 758 clausum
788 723 893 757 fuisse
905 751 916 768 ‚
946 723 1092 757 Nicetas
1108 723 1184 757 loco
1200 723 1306 758 citato
1319 749 1330 765 ‚
1359 729 1396 758 et
1412 724 1560 759 Codinus
1575 723 1611 758 in

138 770 236 814 Orig.
254 771 325 804 ΟΡ.
343 774 610 805 commemorant.
656 769 792 815 scripsit
815 769 986 813 Georgius
1005 769 1233 812 Pachymeres
1250 767 1428 813 ἕκφρασιν
1445 771 1514 804 τοῦ
1535 766 1611 805 Αὕ-

135 817 385 860 γουσταιῶνος
396 842 406 859 ,
431 829 519 863 quae
534 820 649 851 exstat
664 816 698 849 in
711 816 864 850 biblioth.
881 815 989 860 regia.
1037 828 1071 850 v.
1089 816 1185 859 Gyll.
1200 816 1235 849 iu
1252 817 1324 850 ΟΡ.
1339 817 1362 850 l.
1379 818 1402 852 2
1419 828 1448 850 c.
1467 818 1522 852 17.

227 886 274 920 21
298 887 365 921 800
382 885 606 929 clericorum]
630 883 718 918 Vide
741 883 827 928 Leg.
843 884 866 919 3
882 895 912 917 c.
930 883 973 917 de
989 883 1125 917 Sacros.
1142 883 1240 916 Eccl.
1255 883 1393 918 Novell.
1409 885 1432 920 3
1449 897 1479 920 c.
1499 886 1518 920 1
1537 887 1571 929 §.
1589 886 1607 920 1

137 935 174 966 et
188 930 282 969 NoV.
300 933 359 975 16,
387 931 445 966 ubi
459 931 503 966 de
516 942 656 965 numero
673 929 871 964 clericorum
886 930 1023 964 maioris
1038 929 1202 963 ecclesiae
1216 930 1280 968 sub
1296 930 1492 965 Iustiniano.

228 1002 273 1036 22
294 1013 386 1035 nunc
405 1004 521 1035 autem
539 1000 615 1034 sola
629 999 789 1042 testudo]
815 999 983 1043 Augerius
1005 998 1221 1044 Busbequius
1236 998 1270 1031 in
1285 998 1362 1033 ltin.
1380 999 1446 1044 Cp.
1463 999 1507 1033 de
1522 999 1609 1033 aede

137 1047 334 1092 Sophiam:
366 1052 419 1081 est
445 1059 487 1080 ea
506 1058 590 1081 sane
610 1046 713 1079 moles
729 1046 923 1090 magnifica
941 1050 975 1079 et
995 1045 1109 1090 digna
1133 1057 1223 1089 quae
1243 1050 1435 1089 spectetur,
1457 1046 1609 1080 maximo

137 1105 214 1127 cum
225 1094 364 1137 fornice
378 1094 452 1127 sive
471 1092 724 1136 hemisphaerio
737 1092 776 1124 in
793 1093 915 1134 medio,
939 1093 1030 1136 qaod
1046 1103 1069 1124 a
1084 1092 1154 1124 solo
1172 1092 1339 1135 impluvio
1358 1092 1474 1125 lumen
1494 1093 1609 1126 habet.

136 1144 218 1173 sunt
246 1141 307 1184 qai
325 1140 439 1183 fuisse
463 1140 572 1172 multo
597 1139 728 1176 maius,
764 1138 950 1182 multisque
974 1138 1219 1182 appendicibus
1243 1138 1314 1171 late
1343 1149 1379 1171 se
1407 1139 1608 1177 extendisse,

137 1197 261 1229 easque
276 1185 483 1230 iampridem
496 1185 624 1219 recisas
638 1195 752 1218 omnes
764 1210 774 1224 ‚
799 1188 832 1217 et
849 1185 957 1227 adyta
973 1185 1061 1224 sola,
1084 1184 1240 1227 quodque
1249 1185 1328 1226 fuit
1342 1183 1379 1216 in
1393 1185 1520 1228 templo
1537 1196 1609 1218 me-

137 1232 235 1265 dium
260 1232 464 1265 remansisse
488 1235 658 1264 asserant.
705 1229 824 1262 similia
849 1229 951 1263 habet
976 1241 1018 1262 ex
1043 1229 1290 1262 Graeculorum
1317 1229 1483 1263 relatione
1507 1230 1551 1264 D.
1569 1231 1612 1264 de

136 1278 265 1311 Breues
288 1276 326 1310 in
340 1277 417 1311 ltin.
434 1277 492 1310 sed
510 1277 595 1310 haec
610 1286 704 1309 mera
723 1286 799 1309 esse
815 1286 932 1309 eorum
946 1275 1110 1320 figmenta
1125 1280 1267 1317 norunt,
1297 1275 1356 1320 qui
1383 1276 1611 1320 Byzantinam

136 1323 309 1357 historiam
324 1323 380 1357 vel
393 1323 516 1356 leviter
531 1322 689 1366 attigere.

135 1438 146 1472 ¹
174 1438 197 1473 2
228 1392 282 1473 5.)Ρέ
297 1403 402 1472 υἶᾳᾶιε
421 1391 469 1425 ad
483 1390 747 1436 pavimentum]
772 1388 861 1423 Vide
875 1388 1061 1434 Euagrium
1075 1389 1099 1423 l.
1110 1388 1134 1423 4
1148 1400 1179 1423 c.
1194 1390 1239 1424 29
1265 1391 1303 1424 et
1319 1389 1471 1434 Gyllium
1486 1390 1520 1424 in
1537 1390 1610 1427 ΟΡ.

149 1463 158 1472 .
214 1450 244 1472 c.
299 1449 318 1471 e
375 1463 384 1471 .

228 1507 274 1541 24
296 1507 481 1550 columna]
506 1505 719 1539 Describitur
742 1503 951 1539 Iustinianea
975 1503 1043 1537 ista
1070 1503 1225 1537 columna
1252 1507 1287 1538 et
1312 1508 1427 1538 statua
1443 1505 1609 1539 aProco-

135 1553 193 1599 pio
208 1552 229 1586 l.
251 1555 269 1587 1
286 1553 328 1587 de
347 1552 454 1587 Aedis
476 1551 607 1596 lustin.‚
629 1552 828 1596 Nicephoro
848 1551 1007 1594 Gregora
1022 1550 1045 1583 l.
1065 1552 1086 1585 7
1102 1561 1137 1594 p.
1156 1550 1222 1584 193
1242 1549 1318 1591 194,
1349 1550 1485 1584 Zonara
1501 1563 1536 1596 p.
1552 1552 1609 1594 52,

135 1599 295 1633 Cedreno
309 1610 343 1644 p.
361 1598 447 1642 734,
473 1597 579 1631 Suida
602 1597 637 1630 in
658 1596 864 1639 Iustiniano,
896 1596 1027 1630 Codino
1043 1596 1078 1629 in
1094 1595 1192 1640 Orig.
1210 1593 1295 1638 CR,
1319 1595 1479 1631 Manuele
1494 1597 1611 1641 Chry-

135 1645 250 1679 solora
273 1657 308 1690 p.
338 1646 425 1684 121,
457 1644 627 1677 Gulielmo
653 1643 696 1676 de
722 1642 929 1676 Baldenzeel
948 1642 982 1675 in
1010 1641 1209 1686 Hodoepor.
1237 1641 1282 1676 ad
1306 1646 1433 1676 terram
1458 1649 1608 1677 sanctam

136 1703 172 1736 p.
184 1692 249 1726 103
258 1696 323 1725 etc.
347 1690 435 1724 illius
452 1689 552 1723 etiam
568 1688 716 1723 meminit
725 1688 941 1734 Nicephorus
954 1688 1086 1722 Callist.
1099 1688 1132 1722 in
1141 1687 1317 1722 Prooemio
1334 1700 1368 1734 p.
1380 1690 1432 1728 16,
1447 1689 1611 1731 Tzetzes‚

138 1743 205 1771 etc.
254 1742 292 1770 ut
318 1747 402 1769 vero
429 1746 451 1768 a
476 1735 619 1776 Tumis,
650 1746 717 1768 non
740 1735 840 1768 modo
864 1740 1002 1779 statua,
1032 1734 1093 1768 sed
1121 1740 1157 1769 et
1181 1735 1335 1768 columna
1350 1745 1473 1768 eversa
1487 1735 1609 1779 fuerit,

137 1787 253 1817 narrat
268 1781 405 1826 Gyllius
418 1781 454 1814 in
470 1781 542 1814 ΟΡ.
559 1781 584 1815 l.
600 1783 623 1816 2
638 1793 667 1814 c.
687 1782 741 1815 17.

229 1850 274 1885 25
297 1849 562 1895 hippodromus]
587 1848 857 1893 Hippodromum
874 1847 1090 1892 Cpolitanum
1109 1859 1130 1881 a
1146 1848 1276 1881 Severo
1288 1849 1479 1883 inchoatum
1495 1850 1610 1884 absol-

138 1897 191 1931 vit
207 1896 448 1932 Constantinus
462 1895 512 1928 M.
527 1894 578 1928 uti
594 1894 746 1927 scribunt
759 1893 913 1927 Zosimus
927 1893 950 1926 l.
964 1894 997 1934 2,
1025 1894 1216 1938 Hesychius
1231 1893 1382 1928 Milesius
1392 1923 1402 1939 ‚
1431 1896 1609 1930 cedrenus

137 1956 173 1989 p.
189 1943 276 1985 252,
303 1943 455 1985 Glycas‚
487 1940 639 1974 Codinus
660 1939 695 1973 in
719 1939 818 1983 Orig.
840 1943 876 1973 et
899 1939 954 1972 alii
970 1940 1108 1984 passim.
1154 1940 1357 1975 describitur
1372 1953 1393 1976 a
1409 1942 1530 1986 Gyllio
1545 1942 1567 1979 l.
1583 1944 1608 1978 2

138 2002 168 2024 c.
188 1991 231 2024 11
248 1993 284 2023 et
299 2000 320 2022 a
335 1988 492 2022 Theueto
508 1987 531 2020 l.
551 1987 594 2021 19
625 1986 803 2029 Cosmogr.
819 1997 849 2019 c.
865 1986 900 2021 3.

228 2059 274 2092 26
296 2057 519 2100 iustrabant]
543 2054 600 2088 Ex
616 2053 735 2088 Italico
748 2054 943 2099 ghstram,
968 2053 1079 2088 Gallis
1085 2056 1230 2098 Jouster.

231 2127 276 2162 27
300 2128 452 2161 cisterna
471 2125 623 2170 optimae
642 2123 778 2168 aquae]
802 2123 892 2157 Nam
919 2134 994 2157 cum
1019 2134 1101 2157 area
1123 2123 1337 2169 hippodromi
1349 2125 1535 2171 inaequalis
1552 2137 1608 2160 es-

138 2176 210 2218 set,
238 2177 278 2215 xet
292 2183 413 2206 versus
429 2170 668 2217 Sphendonem
684 2168 826 2203 declivis
836 2196 847 2212 ‚
875 2169 1118 2203 Constantinus
1133 2169 1181 2204 M.
1200 2175 1238 2204 ut
1252 2171 1362 2205 locum
1377 2172 1514 2217 planum
1528 2172 1608 2206 red-

142 2220 261 2259 deret,
289 2218 323 2252 in
339 2218 415 2251 loco
431 2217 553 2251 declivi
568 2216 749 2251 cisternam
764 2215 975 2262 aedificavit,
1000 2216 1160 2250 columnis
1176 2217 1278 2251 variis
1292 2223 1527 2254 sustentatam.
1560 2219 1611 2253 ita

138 2265 291 2300 eodinus
305 2264 341 2298 in
358 2264 457 2308 Orig.
474 2263 547 2298 ΟΡ.

189 2334 275 2416 1328
297 2331 343 2369 24
365 2336 465 2367 erant
489 2331 680 2367 altissimae
702 2331 901 2376 columnae]
937 2330 1038 2373 Quae
1068 2329 1308 2366 describuntur
1335 2343 1358 2366 a
1388 2332 1507 2378 Gyllio
1534 2333 1560 2369 l.
1586 2334 1610 2368 2

139 2391 169 2415 c.
233 2408 242 2416 .

232 2449 277 2483 29
299 2448 359 2482 ubi
387 2447 596 2493 imperator]
628 2446 775 2487 Quoties
806 2446 905 2481 ludos
930 2446 1111 2480 Circenses
1134 2447 1313 2490 spectabat
1335 2445 1544 2502 imperator,
1574 2446 1610 2480 in

142 2494 301 2529 tribunali
323 2493 462 2528 sedebat
474 2520 483 2534 ,
508 2493 598 2538 quod
616 2492 785 2526 Chronico
799 2493 984 2527 Alexandr.
1006 2503 1040 2537 p.
1057 2493 1102 2526 60
1118 2493 1185 2527 762
1200 2496 1237 2525 et
1252 2493 1319 2527 787
1341 2493 1511 2536 καθισμα
1539 2492 1609 2527 τοῦ

144 2539 298 2574 ὶππικοῦ
311 2568 322 2585 ,
345 2546 381 2574 et
398 2538 567 2583 κάθισμα
586 2536 776 2584 βασιλικόν
797 2545 832 2573 et
851 2536 1071 2574 δεσποτικόν
1092 2538 1295 2582 appellatur.
1341 2538 1532 2584 Procopius
1548 2538 1571 2572 l.
1590 2540 1609 2573 1

143 2585 293 2620 debello
308 2587 404 2621 Pers.
431 2583 598 2630 κάθηται
626 2582 665 2619 δὲ
691 2584 743 2624 εἰς
769 2583 838 2619 τὸν
868 2585 1055 2630 βασίλειον
1084 2580 1252 2629 θρόνον,
1277 2580 1372 2619 ὅθεν
1394 2580 1415 2619 ὁ
1440 2582 1612 2631 βασιλεὺς

144 2628 273 2665 εἰώθει
290 2629 357 2667 τόν
380 2643 419 2666 τε
443 2630 598 2667 ἱππικὸν
615 2630 678 2665 καὶ
695 2629 871 2675 γυμνικὸν
888 2631 1058 2665 θεᾶσθαι
1078 2627 1220 2673 ἀγῶνα.
1266 2642 1347 2665 mox
1359 2631 1507 2665 tribuual
1521 2630 1612 2665 istud

142 2677 290 2723 porticui
310 2678 519 2712 Venetorum
543 2678 730 2724 proximum
755 2677 862 2712 fuisse
886 2677 1016 2710 innuit:
1049 2673 1175 2719 ἐπειδὴ
1210 2675 1297 2721 περὶ
1326 2675 1397 2720 τὴν
1423 2676 1614 2712 Βενέτειον

143 2720 303 2766 ἐγεγόνει
329 2722 460 2767 στοάν,
490 2721 516 2768 ἣ
538 2724 605 2759 τοῦ
633 2720 810 2769 βασιλέως
829 2721 977 2766 θρόνου
1003 2719 1043 2757 ἐν
1071 2721 1175 2768 δεξιᾷ
1202 2720 1313 2758 ἐστίν.
1357 2723 1439 2757 illud
1464 2723 1507 2757 de
1523 2733 1611 2756 novo

144 2769 345 2804 instauravit
358 2770 560 2806 lastinianus
574 2772 616 2806 A.
634 2773 664 2806 1.
688 2769 905 2805 Marcellinus
920 2769 1063 2804 Comes:
1088 2781 1178 2805 anno
1196 2770 1320 2816 regiae
1336 2770 1432 2805 urbis
1453 2770 1612 2806 conditae
