1878 3262
274 207 365 254 154
691 204 995 248 NICEPHORI
1029 203 1292 249 BRYENNII

222 325 251 359 C
274 316 334 375 ἦν.
402 313 503 373 ἦμος
526 317 569 360 δὲ
590 317 720 372 ἠέλιος
736 315 959 374 ἇνώρουσε,
995 319 1060 359 καὶ
1086 317 1122 358 οἱ
1147 319 1233 373 περὶ
1257 317 1326 359 τὸν
1348 314 1578 372 Βασιλάκην
1597 325 1709 360 evm-4

270 392 368 430 στᾶν
389 388 597 443 ἐπειρῶντο
617 387 710 436 τοὺς
727 387 852 436 ἶδιόυς
869 388 934 428 καὶ
955 384 1009 436 ὥς
1030 383 1114 427 οἷόν
1135 403 1175 428 τε
1198 383 1475 442 ἐπερρώννυον.
1543 387 1583 428 ἕν
1613 384 1707 427 τού-

269 473 351 506 τοις
381 457 423 498 δὲ
452 459 531 497 τῶν
560 457 600 497 ἐκ
631 459 701 510 τῆς
733 456 878 497 ἐκείνου
904 452 1108 511 φάλαγγός
1128 470 1229 504 τινες
1249 456 1290 496 ἒν
1313 458 1370 510 τῷ
1387 453 1583 497 σκυλεύειν
1605 454 1708 495 ἀπο-

269 525 497 581 λειφθέντες
520 528 590 578 τῆς
610 527 750 578 λοιπῆς
773 522 976 580 φάλαγγος
996 517 1093 577 ἧκον
1115 521 1279 565 κατόπιν
1298 523 1479 572 θέοντες·
1514 521 1583 572 οὓς
1604 525 1708 563 θεα-

151 596 182 630 V
205 594 248 631 74
271 592 438 646 σάμενοί
466 609 566 642 τινες
594 597 673 635 τῶν
705 593 747 633 ἔκ
775 596 845 647 τῆς
866 597 938 634 τοῦ
960 593 1191 644 δομεστίκου
1219 595 1297 633 τῶν
1328 594 1482 644 σχολῶν
1503 588 1738 646 φάλαγγοςό

263 661 458 713 Ἀλεξίου,
489 660 792 718 ἐπιστραφέντες
824 662 889 703 καὶ
927 660 1018 702 κατ’
1060 660 1191 702 αὐτῶν
1224 658 1512 715 ἐξορμήσαντες
1537 657 1613 713 πρὸ
1637 662 1710 699 τοῦ

270 732 325 779 εἷς
354 735 493 786 χεῖρας
523 730 620 772 ἰέναι
653 729 799 789 ῥᾳδίως
827 729 1044 786 ἐτρέψαντο
1058 760 1071 781 ,
1106 731 1172 773 καὶ
1193 727 1365 778 πολλοὺς
1387 725 1537 770 τούτων
1559 724 1711 782 ζωγρήω

269 800 408 848 σαντες
432 799 672 851 ἐπανῆλθον.

407 900 482 945 26.
545 897 594 941 ‘O
621 900 664 941 δὲ
684 903 756 941 τοῦ
777 898 986 954 Βασιλάκη
1010 899 1248 956 ἀδελφιδοῦς
1273 896 1476 951 Μανουὴλ
1498 896 1559 938 ἐπὶ
1583 893 1710 952 λόφου

268 967 373 1016 τινὸς
407 967 588 1009 ἀνελθών
622 966 861 1024 ἔπερρώννυε
896 969 941 1010 τὸ
977 967 1031 1010 ἔτι
1062 972 1133 1021 τῆς
1171 963 1377 1023 φάλαγγος
1415 962 1710 1017 συνιστάμενον,
1723 970 1766 1004 10

270 1034 489 1091 διαρρήδην
507 1040 615 1087 βοῶν
626 1034 834 1090 Βασιλάκη
855 1034 951 1078 εἶναι
967 1037 1039 1090 τὴν
1055 1037 1165 1090 νίκην
1184 1035 1249 1076 καὶ
1274 1034 1346 1088 τὴν
1366 1031 1532 1089 ἡμέραν.
1574 1031 1595 1074 ὃ
1608 1035 1710 1074 θεα-

219 1107 250 1141 Ι)
274 1102 443 1156 σάμενος
466 1104 677 1152 Βασίλειος
699 1102 719 1145 ὅ
740 1106 986 1159 Κουρτίκης,
1022 1104 1120 1160 ἀνὴρ
1143 1102 1350 1145 Μακεδὼν
1370 1106 1449 1143 τῶν
1469 1105 1541 1143 τοῦ
1558 1103 1713 1157 Βρυεν-

268 1173 352 1212 νίου
388 1171 540 1212 οἰκείων
548 1202 561 1222 ,
588 1170 656 1212 τὸν
673 1172 795 1212 ἵππον
816 1170 963 1221 ἐλάσας
989 1171 1112 1213 ἄνεισι
1137 1170 1237 1226 πρὸς
1257 1170 1301 1211 τὸ
1324 1168 1462 1226 λόφον.
1531 1169 1711 1211 κάκείνου

267 1239 340 1293 τὴν
360 1237 524 1293 σπάθην
543 1237 782 1288 ἕλκύσαντος
799 1240 890 1281 κατ’
917 1239 1061 1290 αὐτοῦ,
1089 1232 1204 1287 οὗτος
1223 1239 1365 1279 ἐκεῖνον
1385 1242 1434 1293 τῇ
1450 1235 1588 1294 ῥάβδῳ
1607 1237 1712 1278 παίει

268 1307 371 1348 κατὰ
393 1311 464 1360 τῆς
486 1305 662 1363 κόρυθος
687 1309 753 1348 καὶ
776 1308 899 1357 εὐθὺς
919 1305 1161 1361 καταβάλλει
1181 1309 1254 1348 τοῦ
1272 1307 1396 1346 ἵππου
1421 1307 1487 1346 καὶ
1507 1303 1716 1358 δεσμώτην,
1725 1308 1765 1342 15

268 1373 410 1430 ἀπάγει
442 1375 543 1431 πρὸς
571 1375 640 1417 τὸν
674 1376 904 1429 δομέστικον
933 1380 1012 1418 τῶν
1043 1378 1198 1428 σχολῶν
1227 1372 1296 1415 τὸν
1326 1379 1501 1429 γενναῖον
1528 1374 1711 1423 Ἀλέξων.

269 1437 317 1485 οὗ
340 1444 547 1498 γενομένου
573 1446 639 1485 καὶ
659 1441 684 1498 ἡ
708 1442 867 1500 φάλαγξ
892 1446 1126 1501 ἐπιφανεῖσα
1151 1446 1224 1484 τοῦ
1243 1444 1459 1496 Κομνηνοῦ
1479 1440 1524 1483 τὸ
1549 1440 1605 1482 ἔτι
1623 1442 1714 1496 περὶ
1759 1466 1761 1468 -

266 1511 336 1552 τὸν
370 1510 603 1565 Βασιλάκην
638 1511 922 1566 συνιστάμενον
962 1519 1099 1569 φυγεῖν
1133 1509 1414 1567 παρεσκεύασε.
1484 1510 1550 1550 καὶ
1585 1507 1606 1550 ὅ
1639 1509 1712 1562 μὲν

266 1577 404 1636 ἴφευγε
429 1579 501 1633 τὴν
522 1578 635 1621 πόλιν
666 1579 846 1622 σπεύδων
873 1585 1135 1634 καταλαβεῖν,
1171 1577 1192 1620 ὅ
1227 1578 1439 1633 Κομνηνὸς
1467 1578 1510 1619 δὲ
1541 1578 1712 1619 ἐδίωκεν.

267 1645 426 1697 εἲκότως
463 1642 532 1688 οὖν
563 1646 611 1689 ἄν
641 1665 701 1697 τις
729 1648 941 1690 κάνταῦθα
967 1649 1012 1690 τὸ
1041 1648 1133 1696 ἔπος
1153 1645 1338 1703 ἁρμόσειε
1362 1646 1407 1688 τὸ
1420 1643 1660 1702 Ὁμηρικόν,
1689 1643 1767 1687 820

267 1717 354 1771 περὶ
370 1716 577 1769 Ἀχιλλέως
600 1717 742 1766 ἐκεῖνος
764 1719 831 1758 καὶ
845 1716 1034 1772 τΈκτορος
1054 1715 1197 1771 ἔφησε,
1232 1714 1277 1756 τὸ

357 1830 662 1913 ἒβόἐπὲεὲρῗίέιέυε
686 1832 751 1878 τὸ]
776 1834 832 1867 Ita
853 1834 893 1867 P.
918 1844 977 1879 pro
1001 1828 1281 1876 ἐπερρωννύετο.
1417 1830 1471 1865 20.
1492 1827 1710 1874 Ὁμηρικὸν]

389 1889 419 1911 ia
446 1905 454 1913 .
520 1904 530 1921 ‚
573 1891 592 1913 o
619 1904 628 1913 .

268 1984 322 2013 est
346 1983 500 2021 exortus,
529 1980 698 2014 Basilaces
723 1980 846 2025 quique
871 1991 943 2013 cum
969 1990 1010 2013 eo
1038 1982 1134 2012 erant
1157 1977 1309 2012 ordinare
1327 1977 1533 2011 conabantur
1545 1986 1647 2017 suos,
1677 1980 1713 2009 et

269 2032 428 2070 quantum
444 2031 602 2070 poterant
617 2026 868 2059 confirmabant.
893 2037 980 2070 quae
995 2024 1074 2058 dum
1089 2024 1228 2066 fierent,
1251 2035 1294 2057 ex
1309 2023 1381 2056 eius
1397 2021 1564 2067 phalange
1579 2021 1711 2066 quidam

266 2082 352 2116 quos
368 2071 549 2115 praedandi
565 2071 705 2106 dulcedo
722 2075 871 2105 retentos
886 2071 919 2104 in
935 2070 1055 2104 castris
1071 2071 1112 2103 ab
1130 2070 1200 2104 acie
1223 2068 1353 2113 reliqua
1378 2068 1588 2108 seiunxerat,
1617 2070 1710 2100 retro

268 2118 514 2161 sequebantur,
547 2118 763 2150 observantes
788 2117 866 2162 quid
887 2127 996 2150 rerum
1021 2116 1131 2149 fieret.
1179 2125 1261 2160 quos
1284 2125 1357 2147 cum
1378 2113 1539 2146 vidissent
1562 2124 1581 2145 e
1597 2111 1710 2145 dome-

267 2162 346 2196 stici
368 2162 554 2195 scholarum
572 2163 679 2195 Alexii
702 2163 867 2207 phalange
883 2162 1013 2206 quidam
1030 2161 1183 2194 conversi
1197 2165 1232 2194 et
1246 2160 1280 2193 in
1295 2160 1386 2204 ipsos
1401 2162 1626 2203 erumpentes,
1656 2156 1710 2190 fa·-

267 2207 333 2240 cile
346 2207 418 2241 illos
433 2207 621 2253 priusquam
637 2208 678 2241 ad
694 2219 823 2243 manum
837 2208 991 2242 venirent
1010 2211 1185 2241 verterunt
1199 2205 1234 2240 in
1248 2206 1363 2250 fugam
1377 2204 1552 2248 multisque
1565 2203 1711 2247 ipsorum

267 2253 355 2287 vivis
370 2253 477 2299 captis
489 2257 714 2287 reverterunt.

358 2333 413 2366 26.
460 2332 504 2365 At
526 2330 686 2365 Basilacis
702 2331 861 2375 patruelis
877 2331 1014 2365 Manuel
1029 2342 1102 2365 cum
1117 2332 1150 2364 in
1166 2329 1338 2364 tumultum
1353 2327 1525 2373 quemdam
1541 2324 1711 2359 ascendis-

269 2382 324 2412 set
336 2402 345 2419 ,
378 2377 545 2411 animabat
562 2377 652 2421 quod
667 2382 841 2420 supererat
856 2377 1050 2422 phalangis,
1081 2377 1170 2409 clare
1193 2375 1382 2409 vociferans
1396 2371 1552 2407 Basilacis
1568 2371 1655 2404 diem
1669 2371 1711 2404 il-

267 2423 332 2456 lam
348 2427 383 2456 et
396 2423 569 2456 victoriam
585 2433 668 2456 esse.
700 2422 786 2455 hunc
803 2423 1016 2467 conspicatus
1033 2422 1174 2456 Basilius
1190 2421 1322 2466 quidem
1334 2419 1486 2453 Curtices
1502 2417 1553 2450 vir
1566 2415 1711 2450 Macedo

271 2481 292 2501 e
307 2469 469 2512 Bryennii
483 2467 698 2502 familiaribus
710 2494 720 2510 ‚
747 2479 831 2512 equo
847 2468 985 2501 incitato
1002 2467 1194 2501 conscendit
1208 2467 1251 2500 ad
1267 2477 1340 2500 eum
1354 2465 1388 2498 in
1402 2462 1575 2498 tumulum:
1607 2466 1643 2496 et
1655 2461 1711 2494 illo

268 2525 382 2547 ensem
396 2514 429 2547 in
447 2514 533 2547 hunc
548 2514 746 2558 stringente,
762 2514 817 2547 bic
833 2514 948 2547 clavae
961 2514 1031 2547 ictu
1046 2514 1079 2547 in
1094 2513 1180 2547 illius
1199 2513 1328 2556 galeam
1343 2520 1485 2554 superne
1500 2508 1634 2541 incusso
1651 2506 1712 2541 de-

266 2559 348 2592 iecit
372 2571 413 2593 ex
436 2571 522 2603 equo
545 2559 651 2593 virum
673 2564 707 2593 et
729 2560 894 2604 captivum
921 2559 962 2593 ad
989 2555 1205 2593 dornesticum
1221 2556 1403 2591 scholarum
1418 2564 1614 2597 generosum
1629 2552 1711 2586 Ale-

268 2605 357 2639 xium
381 2605 491 2637 duxit:
523 2616 589 2649 quo
614 2607 706 2639 sacto
727 2616 801 2638 cum
815 2605 881 2639 iam
897 2605 1041 2649 phalanx
1057 2615 1191 2650 quoque
1205 2605 1381 2648 appareret
1394 2599 1520 2641 Alexii,
1550 2597 1711 2643 quidquid

266 2650 357 2684 circa
372 2649 557 2683 Basilacem
572 2651 683 2684 stabat
698 2651 825 2694 adhuc,
846 2656 979 2684 terrore
993 2662 1147 2684 aversum
1161 2649 1195 2683 in
1210 2650 1322 2691 fugam
1337 2650 1399 2679 est.
1438 2655 1522 2690 quos
1535 2644 1623 2678 inter
1635 2643 1712 2688 ipse

268 2694 438 2729 Basilaces
458 2705 557 2728 cursu
579 2696 718 2729 maximo
734 2697 913 2741 repetebat
928 2696 1099 2730 civitatem
1114 2694 1202 2728 unde
1215 2692 1384 2739 prodierat
1397 2718 1406 2734 ,
1434 2696 1568 2724 strenue
1594 2699 1711 2734 perse-

268 2743 392 2784 quente
418 2739 545 2773 Alexio.
592 2741 644 2773 cui
665 2741 856 2786 spectaculo
871 2753 940 2776 non
953 2741 1114 2776 immerito
1131 2739 1204 2785 quis
1218 2737 1387 2784 aptaverit
1402 2735 1617 2771 Homericum
1631 2733 1711 2768 illud

269 2786 312 2820 de
327 2785 455 2820 Achille
470 2785 628 2831 scriptum
645 2791 680 2820 et
695 2787 863 2821 Hectore:
