1878 3262
618 222 1014 267 HISTORJARUM
1045 224 1096 266 L.
1121 222 1202 267 IV.
1552 222 1650 268 155

186 342 391 383 νοπολΐται
428 339 472 381 δὲ
505 339 693 396 φυλακὰς
724 340 787 381 ἐπὶ
813 341 894 381 τῶν
917 335 1082 394 πύργων
1108 334 1214 392 εἶχον
1238 336 1283 379 ἐκ
1307 341 1550 394 περιτροπῆς
1572 355 1651 380 κα-

184 405 398 457 θιστάντες
435 408 519 460 ἅεί,
564 406 621 459 ὥς
656 408 715 464 μὴ
750 406 918 450 λάθοιεν
950 405 1296 463 κακουργήσαντές
1329 423 1369 448 τι
1403 404 1560 464 νύκτωρ
1586 408 1650 449 ἐπὶ

185 477 258 531 τὴν
282 474 399 518 πόλιν
415 475 629 531 ςΡωμαῖοι.
698 474 808 534 πυρά
832 492 875 518 τε
901 473 1153 531 ἑκατέρωθεν
1178 476 1357 517 ἐκαίοντο
1383 473 1542 528 πολλά,
1582 477 1651 518 καὶ

185 545 302 588 αῧλοὶ
336 547 404 587 καὶ
438 545 622 603 σύριγγες
654 544 792 600 ἤχουν.
862 542 953 600 ἄρτι
993 543 1038 585 δὲ
1062 542 1132 585 τὸν
1169 542 1270 601 ἑῷον
1306 541 1489 601 ὁρίζοντα
1514 562 1653 602 παρα-

152 615 339 669 5μείψας
362 613 476 669 ἣλιος
502 617 543 665 ἐς
566 615 613 658 τὸ
639 619 712 669 τῆς
735 618 810 669 γῆς
833 613 1060 669 παρέκυπτε
1086 610 1326 669 πρόσωπον,
1361 615 1430 655 καὶ
1450 611 1654 667 εΡωμαῖοι

183 684 257 738 μὲν
282 687 363 726 τῶν
383 682 697 741 χαρακωμάτων
722 680 891 733 ἐξιόντες
915 682 978 723 ἐπὶ
1003 685 1084 724 τῶν
1109 680 1235 738 ἔργων
1260 683 1329 722 καὶ
1354 680 1476 724 πάλιν
1501 684 1652 739 ἐγίνον-
1675 686 1707 722 Β

184 769 258 804 το,
293 754 578 795 Μονοπολῖται
606 753 650 795 δὲ
677 750 816 809 δρόμῳ
842 752 910 793 καὶ
937 750 1052 792 αὐτοὶ
1080 752 1136 800 εἲς
1167 749 1244 799 τὰς
1269 748 1451 800 ἐπάλξεις
1476 749 1659 809 ἐχώρουν

185 822 254 862 καὶ
287 821 389 878 πρὸς
423 828 508 872 τοῖς
542 820 682 871 ὅπλοις
704 815 822 876 ἦσαν.
892 821 959 862 καὶ
995 818 1103 876 ἀγὼν
1131 813 1255 869 αὖθις
1279 816 1458 874 ἦπλοῧτο
1485 821 1660 871 ἐξαίσιος

186 887 272 940 οἷος
290 887 516 944 (Ρωμαίοις
539 891 613 945 μὲν
639 891 712 945 τὴν
740 891 782 940 ἐς
806 888 852 931 τὸ
879 895 1009 943 τεῖχος
1033 889 1287 943 βιαζομένοις
1313 886 1473 940 ἄνοδον,
1507 891 1659 931 1110νο-

132 973 176 1007 10
186 959 369 1009 πολίταις
396 960 439 1001 δὲ
465 957 708 1017 προσιόντας
734 958 997 1000 ἀπωθεῖσθαι
1022 958 1118 1008 τοὺς
1142 957 1371 1011 πολεμίους.
1440 957 1559 1014 μέχρι
1584 958 1659 1012 μὲν

186 1022 259 1069 οὖν
284 1044 392 1078 τινος
417 1029 480 1070 ἐπὶ
505 1027 702 1078 τοιούτοις
727 1029 965 1070 ἐπονοῦντο·
1000 1026 1046 1069 τὸ
1074 1027 1116 1068 δ’
1146 1028 1332 1068 ἐντεῦθεν
1366 1029 1447 1083 πῦρ
1475 1025 1579 1068 ἔνθα
1604 1025 1657 1069 τὰ

187 1094 326 1153 σκάφη
352 1099 660 1147 Μονοπολίταις
683 1095 871 1154 ὗφώρμει
896 1096 942 1138 τὸ
973 1094 1192 1150 εΡωμαίων
1218 1095 1398 1149 ἐμβαλὸν
1424 1093 1657 1152 στράτευμα

188 1163 323 1222 φλόγα
357 1166 548 1221 μεγίστην
574 1167 754 1224 ἀρθῆναι
782 1167 978 1221 ἐποίησεν.
1059 1163 1124 1207 ὅτε
1159 1166 1226 1206 καὶ
1252 1168 1333 1206 τῶν
1358 1181 1420 1214 τις
1437 1162 1660 1218 ζΡωμαίων

186 1239 446 1290 στρατιωτῶν
465 1233 671 1286 Ἱκανάτος
696 1236 901 1290 ἐπίκλησιν
935 1232 1055 1290 λόγου
1092 1235 1159 1276 καὶ
1187 1234 1312 1288 ἀκοῆς
1337 1233 1522 1290 εἴργαστο
1550 1233 1658 1284 ἄξια.

133 1301 429 1351 15Μονόπολιν
463 1305 542 1362 γὰρ
581 1307 706 1347 διπλᾶ
739 1304 812 1358 μὲν
849 1301 1017 1356 ζώννυσι
1050 1304 1188 1357 τείχη,
1232 1302 1338 1344 ἀλλὰ
1373 1302 1419 1344 τὸ
1445 1303 1520 1357 μὲν
1547 1302 1661 1345 ἔνδον

187 1373 252 1414 ἐπὶ
276 1371 462 1415 πλεῖστόν
499 1390 543 1416 τε
581 1375 786 1431 ἐπαίρεται
822 1374 890 1415 καὶ
927 1373 1119 1426 πολεμίου
1148 1371 1269 1428 δορὸς
1295 1369 1414 1428 λόγον
1441 1372 1587 1414 οὐδένα
1612 1371 1661 1414 τὸ

186 1439 382 1498 παράπαν
417 1444 651 1498 πεποίηται,
696 1442 742 1484 τὸ
780 1444 805 1484 δ
814 1442 827 1458 ²
866 1440 966 1483 ἄλλο
1003 1442 1044 1491 ἐς
1078 1438 1337 1497 τριτημόριον
1372 1438 1552 1495 μάλιστα
1586 1444 1662 1483 τοῦ
1683 1451 1715 1487 c

186 1511 383 1568 προτέρου
411 1510 624 1569 αἰρόμενον
659 1511 734 1562 τὰς
768 1513 968 1568 κρηπῖδας
1001 1510 1112 1567 αὐτῷ
1138 1511 1328 1566 περιθέει.
1397 1510 1440 1559 ἐς
1463 1515 1583 1552 τοῦτο
1613 1509 1664 1565 δὴ

186 1578 233 1621 τὸ
260 1581 480 1637 περίτειχος
506 1579 578 1623 δύο
604 1581 707 1630 τινὲς
731 1582 1031 1623 Μονοπυλιτιῦν
1056 1577 1281 1633 ἀναβάντες
1304 1577 1423 1620 αὗτοί
1439 1595 1482 1620 τε
1504 1579 1546 1629 ἐς
1570 1578 1679 1628 τοὺς

133 1654 181 1688 20
190 1650 406 1703 πολεμίους
426 1649 599 1703 ἔβαλλον
619 1651 686 1692 καὶ
707 1649 802 1699 τοὺς
826 1648 975 1699 ἄλλους
999 1647 1101 1705 πρὸς
1123 1652 1244 1690 τοῦτο
1269 1645 1517 1704 παρώρμων.
1566 1645 1664 1704 ὅπερ

191 1716 290 1758 ῗδὼν
328 1715 349 1759 ὅ
380 1716 586 1769 Ἱκανάτος
611 1719 686 1762 σὺν
711 1723 769 1776 τῷ
796 1716 938 1775 δόρατι
965 1715 1164 1767 ἐπελάσας
1188 1717 1368 1774 θατέρου
1396 1720 1477 1758 τῶν
1505 1717 1668 1774 εῗρημέ-

190 1802 271 1827 νων
307 1794 575 1842 κατευστοχεΐ.
656 1786 677 1830 ὃ
716 1788 760 1829 δὲ
791 1785 934 1837 ῧπτιος
967 1786 1159 1844 παραυτὰ
1194 1787 1456 1840 ἐξεκυλίσθη,
1509 1784 1591 1840 βοή
1625 1803 1667 1827 τε

192 1854 295 1911 πρὸς
329 1859 402 1896 τοῦ
431 1854 652 1910 εΡωμαίων
687 1855 801 1912 ’ἤρθη
842 1860 1021 1913 στρατοῦ
1046 1858 1114 1898 καὶ
1151 1853 1295 1910 κρότος
1329 1852 1504 1903 ἐξαίσιός
1529 1871 1572 1896 τε
1598 1856 1667 1895 καὶ

283 1964 318 1997 8.
345 1960 535 2007 ῆπλοῦτο]
560 1963 648 1998 Cod.
671 1959 873 2007 ήπλοΰτος.
1014 1965 1069 1998 10.
1093 1959 1361 2005 ἀπωθεῖσθαι]
1385 1960 1586 1996 Addendum
1611 1961 1664 1996 vi·—

283 2009 384 2042 detur
407 2006 648 2065 πειρωμένοις
667 2009 726 2043 vel
743 2008 849 2042 simile
868 2007 960 2054 quid.
1107 2010 1163 2043 22.
1194 2008 1456 2052 κατ-δυστυχεῖ]
1490 2007 1579 2045 eod.
1602 2019 1667 2042 κα-

284 2065 463 2099 ταστοχει.

193 2146 381 2193 nopolitani
396 2158 480 2181 vero
495 2147 531 2180 in
546 2146 695 2180 turribus
711 2144 884 2179 custodias
898 2144 1026 2189 locant,
1044 2155 1168 2190 easque
1183 2155 1247 2191 per
1262 2144 1356 2179 vices
1371 2153 1506 2189 semper
1520 2146 1666 2189 mutant,

194 2205 238 2227 ne
256 2193 285 2227 si
306 2193 386 2238 quid
411 2193 556 2227 Romani
583 2192 627 2226 de
655 2197 756 2226 nocte
781 2195 1010 2234 attentarent,
1046 2202 1106 2224 eos
1122 2191 1256 2225 lateret.
1304 2190 1475 2234 utrimque
1488 2194 1668 2236 praeterea

193 2239 471 2273 accendebantur
494 2239 610 2283 ignes,
634 2237 807 2282 tibiaeque
834 2248 876 2270 ac
898 2237 1003 2270 tubae
1028 2237 1302 2283 perstrepebant.
1356 2236 1489 2281 iamque
1514 2241 1668 2271 exortam

194 2290 453 2330 praetervectus
479 2296 638 2320 auroram
665 2295 761 2318 suum
785 2283 886 2318 terris
910 2283 1008 2317 iubar
1022 2283 1074 2317 sol
1090 2283 1280 2325 inferebat,
1304 2293 1379 2316 cum
1395 2282 1526 2326 egressi
1542 2295 1562 2317 e
1576 2282 1667 2317 vallo

194 2331 343 2365 Romani
371 2332 655 2378 oppugnationem
691 2330 802 2364 denuo
842 2328 1095 2373 aggrediuntur.
1142 2328 1391 2375 Monopolitani
1421 2333 1542 2363 contra
1568 2338 1671 2362 cursu

195 2388 232 2411 se
255 2378 291 2411 in
317 2377 569 2424 propugnacula
594 2376 843 2422 proripiente3‚
877 2375 1020 2409 vicissim
1048 2381 1230 2421 capessunt
1256 2386 1359 2409 arma.
1405 2386 1538 2408 rursum
1563 2374 1670 2419 igitur

194 2423 315 2468 ingens
330 2424 538 2458 instauratur
553 2429 735 2463 certamen,
762 2421 922 2455 Romanis
936 2421 1088 2456 nimirum
1103 2422 1139 2455 vi
1155 2421 1339 2455 ascendere
1355 2431 1469 2454 muros
1488 2420 1672 2454 annitenti-

195 2469 278 2511 bus,
301 2471 485 2504 subeuntes
500 2481 583 2504 vero
601 2468 842 2514 repellentibus
856 2467 1128 2512 Monopolitanis.
1175 2468 1222 2501 sic
1239 2467 1445 2511 aliquamdiu
1466 2466 1500 2499 in
1516 2466 1557 2499 iis
1572 2467 1672 2500 labo-

195 2519 318 2549 ratum.
366 2516 536 2551 exercitus
570 2515 691 2549 deinde
718 2514 891 2548 Romanus
917 2514 988 2558 igni
1013 2514 1159 2556 iniecto,
1191 2513 1250 2547 ubi
1274 2512 1410 2556 navigia
1438 2512 1673 2546 subduxerant

196 2559 442 2607 Monopolitani
456 2589 466 2605 ‚
488 2562 658 2605 ingentem
682 2560 847 2594 flammam
870 2561 1082 2594 excitarunt:
1123 2570 1190 2604 quo
1217 2564 1287 2592 tum
1316 2564 1468 2604 tempore
1496 2559 1672 2593 Romanus

198 2605 329 2650 quidam
352 2608 464 2652 miles,
488 2608 678 2642 Hicanatus
702 2606 855 2648 nomine,
876 2618 949 2640 rem
965 2606 1057 2640 dictu
1073 2606 1256 2650 audituque
1273 2604 1408 2649 dignam
1425 2604 1542 2648 gessit.
1590 2605 1672 2639 Mo-

198 2653 343 2696 nopolim
359 2654 484 2700 quippe
501 2665 614 2688 murus
639 2652 871 2697 circumcingit
895 2652 1022 2697 duplex
1035 2680 1046 2697 ‚
1069 2651 1130 2685 sed
1143 2651 1286 2685 interior
1302 2651 1403 2685 altius
1423 2651 1584 2694 eductus,
1608 2652 1674 2684 bo-

199 2697 307 2732 stilem
329 2711 537 2754 nequaquam
552 2701 684 2734 hastam
708 2704 871 2733 veretur:
895 2699 983 2732 alter
999 2702 1110 2732 autem
1135 2698 1238 2731 tertia
1255 2703 1354 2743 parte
1368 2696 1477 2731 minor
1490 2697 1579 2731 illius
1594 2697 1672 2731 fun-

201 2742 356 2778 damenta
369 2746 611 2780 circumambit.
659 2746 694 2779 in
710 2746 799 2780 hunc
822 2745 927 2789 igitur
943 2745 1147 2778 exteriorem
1163 2755 1291 2778 murum
1306 2743 1534 2777 ascenderunt
1547 2744 1673 2777 Mono-

201 2788 344 2833 politani
365 2792 431 2825 duo
445 2819 456 2837 ,
478 2792 536 2837 qui
561 2792 639 2827 telis
659 2792 738 2826 inde
763 2793 876 2826 hostes
896 2791 1130 2830 lacessebant.
1154 2794 1356 2835 ceterosque
1371 2795 1410 2823 ut
1425 2789 1516 2823 idem
1531 2791 1672 2833 agerent

202 2835 433 2870 hortabantur.
481 2838 572 2883 quod
597 2837 657 2872 ubi
679 2838 842 2883 conspicit
863 2838 1073 2880 Hicanatus,
1102 2841 1240 2882 arrepta
1265 2837 1363 2870 hasta
1385 2847 1427 2870 eo
1452 2835 1669 2880 perveniens,

203 2880 346 2916 alterum
362 2893 404 2916 ex
427 2881 469 2916 iis
483 2883 583 2927 serit,
609 2885 872 2930 prosternitque.
919 2895 999 2919 mox
1024 2884 1144 2929 ingens
1157 2883 1289 2918 tollitur
1309 2895 1331 2917 a
1346 2882 1499 2917 Romano
1514 2879 1666 2915 exercitu
