1878 3262
567 201 1110 248 COMMENTARIORUM
1141 203 1191 248 L.
1216 202 1273 247 Π.
1581 201 1648 248 97

186 313 382 374 τριᾶρχης
401 317 469 358 καὶ
494 316 584 374 περὶ
604 321 677 373 τῆς
697 314 818 360 νόσου
845 320 1080 375 φιλοσοφεῖ,
1115 317 1182 360 καὶ
1205 315 1258 360 τὰ
1276 317 1366 374 περὶ
1386 313 1544 372 ταύτης
1557 333 1646 360 uoce-

185 390 326 427 ·νοῦται
354 385 447 439 μετ’
481 385 618 428 αὐτοῦ’.
685 384 812 428 ἐδόκει
843 380 916 428 οὖν
942 390 1015 441 τῆς
1035 384 1156 428 νόσου
1180 385 1307 428 αἴτιον
1328 384 1427 428 εἶναι
1449 384 1647 446 ἴμφραξις

183 454 274 510 περὶ
295 453 370 503 τὰς
392 455 501 505 λειάς
523 455 718 512 ἀρτηρίας
742 454 1021 509 συνισταμένη.
1090 452 1146 505 ὦς
1169 457 1194 496 δ
1200 455 1214 470 ²
1237 455 1378 505 ἐξιέναι
1400 458 1472 509 τῆς
1493 452 1646 504 πόλεως

185 526 329 565 τοῦτον
350 521 467 579 ἤρεσε
488 530 573 573 τοῖς
593 526 748 581 ἰατροῖς
767 524 835 566 καὶ
851 523 1003 580 χωρίον
1024 523 1227 565 ἐσκοπεῖτο
1247 528 1299 580 τῇ
1316 521 1422 579 νόσῳ
1441 521 1648 578 κατάλλη-

151 594 258 634 5λον
281 585 326 633 εὖ
349 608 390 633 τε
415 590 596 648 κράσεως
622 592 713 646 ἕχον
735 594 802 635 καὶ
820 593 1031 646 θυμηδίαν
1053 591 1143 634 τινὰ
1161 592 1338 648 παρέχον
1359 595 1418 649 τῷ
1442 589 1648 645 κάμνοντι,

185 657 209 701 ὅ
241 658 493 716 πατριάρχης
523 660 681 703 τοιοῦτό
709 678 747 703 τι
767 660 867 715 ἔχειν
892 658 1123 716 ἐπήγγελται
1134 693 1148 712 ,
1175 662 1243 702 καὶ
1270 660 1396 710 εὐθὺς
1414 661 1557 710 ἐξιέναι
1579 660 1649 702 τὸν

186 729 314 770 δοῦκα
335 729 518 785 ἐπέτρεπε
540 729 616 771 κᾶν
638 728 768 787 τούτῳ
794 731 1086 772 ἐνδιαιτᾶσθαι.
1154 726 1176 770 ὃ
1205 730 1247 772 δὲ
1272 727 1374 786 ἐξῄει
1383 761 1397 780 ,
1432 730 1500 770 καὶ
1521 727 1543 771 ὃ
1564 746 1645 770 πα·
1667 739 1700 775 Β

185 795 380 854 τριάρχης
398 791 468 851 ἧκε
489 802 632 840 τοῦτον
653 799 898 855 προπέμψας
919 799 987 840 καὶ
1007 796 1266 854 ὑπέστρεφεν.
1336 797 1440 839 ἀλλὰ
1458 799 1500 839 τί
1518 797 1564 839 τὸ
1586 798 1652 839 ἒν·-

183 869 353 920 τεῦθεν;
389 863 461 908 δύο
481 870 696 924 παρῆλθον
711 865 857 923 ἡμέραι
866 898 880 918 ,
909 868 978 908 καὶ
1001 864 1023 909 ὃ
1045 863 1298 922 πατριάρχης
1313 860 1383 920 ἧκε
1401 869 1544 907 τοῦτον
1562 866 1651 907 3711-

130 933 445 988 1οσκεψόμενος.
514 933 535 976 ὁ
573 937 617 978 δὲ
649 935 718 977 τὸν
748 933 1002 992 πατριάρχην
1032 934 1130 977 ἰδὼν
1164 934 1397 988 πυθομένου
1424 935 1571 976 ἐκείνου
1598 933 1651 976 τὰ

184 1003 280 1045 κατ’
315 1002 458 1055 αὐτόν,
486 1003 584 1062 ῥᾷον
613 1002 742 1060 ἔλεγεν
774 1003 876 1058 ἔχειν
908 1011 999 1054 ταῖς
1021 1010 1112 1053 σαῖς
1136 1003 1292 1057 εὐχαῖς·
1321 1000 1550 1057 ὄνήσασθαι
1571 1002 1651 1058 γὰρ

183 1069 263 1112 15πό
298 1076 371 1125 τῆς
405 1072 620 1129 εὐκρασίας
652 1077 725 1114 τοῦ
760 1072 864 1114 κατὰ
889 1072 935 1115 τὸ
957 1073 1109 1128 χωρίον
1131 1071 1262 1127 ἀέρος.
1330 1072 1398 1113 καὶ
1424 1070 1469 1120 ὃς
1494 1069 1651 1113 ἀκούων

183 1140 304 1182 ταῦτ’
333 1140 502 1197 ἔχαιρεν.
571 1140 628 1182 ἔτι
651 1142 676 1182 δ
682 1141 694 1156 '
723 1141 856 1183 αὐτῶν
879 1139 1124 1195 ὁμιλούντων
1143 1134 1216 1194 ἧκέ
1235 1157 1297 1189 τις
1312 1137 1475 1193 μηνύων
1492 1138 1653 1194 ἔγγιστα

183 1212 258 1251 τοῦ
273 1210 426 1263 χωρίου
448 1207 707 1261 κοιτάζεσθαι
733 1207 903 1265 λαγωόν.
970 1210 1150 1251 ἐκέλευον
1175 1202 1246 1249 οὖν
1268 1207 1424 1249 ἀπιέναι
1447 1207 1485 1249 οἱ
1507 1208 1654 1264 ἰατροί.

130 1274 206 1319 1δὸ
233 1277 277 1319 δὲ
296 1284 569 1334 προσεποιεῖτο
603 1278 661 1332 μὴ
693 1277 934 1331 βούλεσθαι.
1002 1275 1024 1319 ὅ
1051 1277 1095 1319 δὲ
1119 1274 1372 1333 πατριάρχης
1396 1274 1653 1318 παντάπασιν

184 1345 386 1401 ἀγνοήσας
418 1345 464 1388 τὸ
505 1348 643 1402 δρᾶμα
675 1344 891 1402 παρεκάλει
926 1350 1069 1388 τοῦτον
1104 1343 1422 1398 ἓξιππασάμενον
1455 1345 1646 1387 ἀπελθεῖν
1670 1353 1702 1387 C

183 1413 287 1470 πρὸς
308 1414 380 1468 τὴν
400 1412 539 1471 θήραν
559 1419 632 1456 τοῦ
653 1418 826 1470 λαγωοῦ.
875 1412 896 1456 ὅ
919 1414 961 1456 δ’
988 1411 1242 1468 ὑποκρίνεται
1265 1417 1338 1456 τοῦ
1362 1412 1532 1455 ἀκούειν.
1579 1415 1653 1472 βίᾳ

185 1477 258 1524 οὖν
284 1483 427 1537 ἐπιβὰς
447 1487 521 1524 τοῦ
541 1484 668 1525 ἵππου
691 1488 763 1536 τῆς
790 1483 891 1539 πρὸς
908 1481 1150 1536 Ἀντιόχειαν
1171 1482 1319 1536 εἴχετο,
1357 1484 1424 1523 καὶ
1457 1481 1652 1524 εἰσελθὼν

186 1551 296 1602 ἐντὸς
327 1556 399 1606 τῆς
428 1549 581 1601 πόλεως
610 1553 677 1593 καὶ
711 1551 786 1602 τὰς
815 1550 947 1601 πύλας
974 1552 1135 1600 κλείσας
1163 1550 1216 1592 τὰ
1242 1549 1436 1604 βασιλικὰ
1458 1550 1561 1606 πρὸς
1584 1549 1656 1592 τὸν
1692 1607 1694 1609 ‚

129 1618 440 1678 ΞΟπατριάρχην
475 1621 663 1674 ἐξέπεμπε
698 1618 922 1677 γράμματα
951 1619 1005 1661 τὰ
1037 1619 1139 1676 πρὸς
1162 1619 1236 1674 τὴν
1258 1620 1453 1673 βασιλίδα
1474 1623 1555 1661 τῶν
1577 1616 1654 1660 πό·

186 1692 289 1732 λεων
308 1694 452 1732 τοῦτον
473 1687 812 1744 μεταπεμπόμενα
823 1721 838 1742 ,
872 1689 941 1731 καὶ
962 1688 1075 1743 ἠξίου
1099 1687 1202 1745 πρὸς
1225 1687 1300 1743 τὴν
1328 1686 1550 1732 θάλασσαν
1577 1705 1655 1730 κα-

282 1820 337 1855 17.
359 1819 452 1863 τοῦ]
475 1817 641 1855 τούτουῒ
780 1819 836 1854 19.
859 1816 1001 1864 πύλας]
1024 1817 1081 1853 Ita
1101 1818 1146 1853 P.
1168 1828 1231 1864 pro
1251 1815 1391 1859 πόλεις.

187 1931 347 1977 diumque
368 1943 486 1966 verum
513 1931 663 1966 exhibet.
711 1943 753 1966 ac
778 1931 822 1966 de
842 1931 948 1966 morbi
965 1941 1100 1977 quoque
1116 1941 1219 1965 causa
1234 1930 1443 1965 familiariter
1458 1941 1532 1965 cum
1547 1941 1653 1977 aegro

187 1978 357 2012 disserens
380 1978 700 2023 philosophabatur,
733 1978 1024 2022 conveniebatque
1046 1978 1137 2011 inter
1159 1988 1219 2010 eos
1235 1983 1345 2011 ortum
1359 1977 1394 2011 id
1409 1977 1654 2012 incommodum

189 2024 300 2058 videri
317 2035 360 2057 ex
376 2023 608 2058 obstructione
622 2024 656 2057 in
671 2024 802 2058 laevem
816 2024 974 2058 arteriam
989 2023 1147 2068 impacta.
1192 2022 1406 2057 censentibus
1426 2034 1531 2068 porro
1547 2023 1656 2058 medi-

187 2070 239 2104 eis
254 2070 286 2103 ei
302 2070 534 2104 discutiendae
548 2074 773 2115 opportunum
787 2071 880 2110 sore,
911 2070 942 2103 si
964 2069 1034 2102 dux
1061 2067 1228 2114 tantisper
1253 2081 1273 2102 e
1291 2068 1429 2103 civitate
1443 2071 1654 2104 transferre-

189 2121 248 2150 tur
270 2115 304 2148 in
328 2117 551 2149 suburbanam
574 2116 707 2149 domum
731 2115 816 2149 coeli
840 2115 987 2160 purioris
1012 2118 1047 2149 et
1072 2115 1142 2148 eius
1164 2114 1376 2148 amoenitatis
1392 2125 1480 2159 quae
1494 2126 1654 2150 recreare

189 2162 334 2196 animum
350 2162 537 2206 languentis
551 2166 668 2206 posset
680 2187 689 2203 ‚
722 2161 915 2207 patriarcha
931 2171 1030 2206 quam
1046 2161 1194 2194 habebat
1206 2160 1279 2194 eius
1293 2160 1426 2204 generis
1441 2160 1554 2195 villam
1569 2172 1655 2206 pro-

189 2206 257 2241 lixe
272 2207 395 2241 obtulit
410 2219 450 2240 ac
467 2207 640 2241 confestim
656 2207 732 2252 ipse
744 2207 833 2240 ultro
849 2206 970 2240 institit
983 2206 1073 2252 apud
1088 2206 1207 2240 ducem
1221 2210 1258 2239 ut
1274 2216 1315 2239 ea
1330 2210 1492 2239 uteretur.
1532 2217 1655 2251 passus

189 2253 247 2287 ille
262 2253 326 2286 sibi
343 2253 540 2298 persuaderi
555 2253 639 2287 exiit
652 2253 736 2286 urbe
752 2252 943 2286 deducente
956 2252 1168 2298 patriarcha,
1199 2251 1256 2296 qui
1277 2262 1318 2286 eo
1340 2251 1387 2285 ibi
1410 2252 1528 2286 relicto
1542 2252 1578 2286 in
1592 2263 1655 2286 ur-

193 2299 269 2333 bem
284 2299 395 2332 rediit.
426 2299 506 2344 quid
522 2305 642 2344 postea
653 2299 672 2332 ’ἐ
702 2298 768 2331 duo
784 2299 856 2332 dies
872 2298 1045 2339 abierant,
1076 2309 1151 2331 cum
1164 2308 1244 2332 ecce
1259 2297 1380 2331 iterum
1397 2297 1495 2331 adest
1507 2298 1655 2343 patriar-

194 2345 256 2378 cha
272 2355 409 2388 aegrum
424 2345 589 2390 hospitem
605 2345 740 2378 visurus
755 2349 792 2378 ut
807 2345 959 2379 haberet.
1006 2354 1072 2388 quo
1087 2343 1319 2387 interrogante
1334 2342 1435 2376 satin’
1450 2343 1586 2385 salvae,
1620 2347 1656 2378 et

193 2401 261 2435 quo
278 2391 354 2424 loco
372 2401 428 2424 res
454 2396 588 2424 essent:
620 2390 701 2434 tuis,
731 2390 839 2434 inquit
853 2389 921 2423 dux
932 2417 943 2434 ‚
975 2389 1131 2434 precibus
1149 2389 1246 2434 coepi
1262 2389 1389 2422 sentire
1402 2389 1549 2422 fructum
1564 2389 1656 2422 salu-.

194 2435 327 2470 britatis
342 2436 438 2470 huius
454 2438 562 2478 miris,
586 2436 778 2480 patriarcha
792 2435 937 2469 vicissim
952 2435 1154 2479 gratulante.
1190 2445 1277 2479 quos
1291 2434 1379 2467 inter
1394 2433 1566 2469 officiosos
1578 2445 1655 2468 ser-

194 2492 310 2516 mones
332 2482 444 2516 adfuit
468 2482 524 2527 qui
549 2482 741 2519 nuntiaret,
771 2486 920 2514 notatum
943 2481 1009 2515 sibi
1030 2492 1096 2514 non
1117 2481 1218 2524 longe
1242 2491 1263 2513 a
1284 2479 1367 2513 villa
1390 2479 1502 2513 cubile
1515 2479 1653 2525 leporis.

194 2528 287 2572 atqui
313 2528 406 2561 aiunt
425 2533 621 2573 praesentes
642 2526 784 2568 medici,
814 2537 1018 2606 magnopere
1038 2526 1180 2560 interest
1193 2525 1236 2559 ad
1249 2525 1407 2570 reliquias
1422 2525 1528 2559 morbi
1543 2526 1654 2560 resol-

194 2573 324 2607 vendas
350 2574 592 2608 exercitatione
620 2573 669 2607 uti
694 2572 840 2614 modica,
869 2583 935 2617 qua
949 2573 978 2605 is
1004 2572 1068 2605 erit
1082 2571 1190 2605 facilis
1203 2571 1236 2604 in
1251 2570 1438 2616 propinquo
1453 2571 1654 2607 venationis.

195 2618 349 2663 fingebat
362 2625 474 2654 autem
488 2631 591 2664 aegre
607 2631 644 2653 se
658 2618 777 2652 adduci
791 2618 834 2651 ad
848 2618 882 2651 id
899 2617 1068 2651 consilium
1085 2617 1164 2651 dux.
1199 2616 1334 2662 quando
1349 2616 1542 2671 patriarcha
1555 2618 1654 2662 igna-

196 2675 254 2698 rus
270 2665 349 2709 quid
364 2670 553 2699 strueretur
570 2665 667 2699 etiam
683 2670 787 2709 atque
801 2663 901 2698 etiam
916 2663 1061 2697 suadere
1074 2662 1216 2705 institit,
1246 2663 1383 2697 medicis
1407 2664 1654 2708 obsequeretur

198 2720 353 2754 equoque
377 2722 558 2745 conscenso
580 2711 648 2745 iret
673 2711 716 2745 ad
741 2709 930 2744 venandum
953 2709 1113 2754 leporem.
1158 2719 1316 2743 assensus
1338 2709 1472 2743 tandem
1487 2713 1543 2743 est
1557 2708 1654 2754 quasi

197 2755 310 2788 victus
325 2757 527 2791 auctoritate
540 2757 605 2791 viri
618 2757 706 2798 dux,
740 2761 775 2790 et
798 2756 833 2789 in
857 2766 978 2801 equum
993 2755 1089 2800 quasi
1106 2765 1224 2800 parum
1238 2755 1358 2789 valens
1374 2755 1558 2789 ministerio
1574 2766 1655 2788 sno-

197 2812 272 2836 rum
295 2801 470 2846 impositus
493 2803 683 2848 patriarcha
705 2802 752 2836 ibi
775 2802 891 2836 relicto
904 2827 915 2845 ,
946 2807 1040 2836 recta
1062 2802 1172 2836 fertur
1189 2800 1400 2835 Antiochiam
1414 2801 1582 2845 iussisque
1596 2811 1655 2834 re·-

198 2850 302 2893 peute
326 2847 438 2882 claudi
459 2849 568 2894 portis
590 2848 738 2885 civitatis
763 2848 876 2894 regias
889 2847 935 2883 ad
948 2847 1175 2894 patriarcham
1188 2847 1292 2883 mittit
1301 2847 1422 2883 litem
1432 2847 1557 2892 quibus
1571 2856 1656 2880 evo-

254 2899 401 2946 Niceph.
435 2901 561 2945 Bryen.
1352 2899 1380 2936 7
