1878 3262
668 252 1065 298 HISTORIARUM
1098 254 1147 297 L.
1181 252 1260 298 lv.
1600 253 1696 300 197

221 370 290 414 καὶ
315 367 420 427 παρ’
449 365 543 412 ὅτου
571 367 778 427 ἀναφθείη
804 370 1002 424 ἐπιμελῶς
1027 367 1262 427 ἀνηρεῦνας.
1302 417 1308 424 ,
1330 368 1389 425 μὴ
1404 368 1538 412 τοίνυν
1549 367 1606 420 ὡς
1616 367 1695 411 ὕπὸ

219 437 560 497 παραπετάσματι
586 443 637 496 τῇ
663 441 789 494 δῆθεν
816 439 956 498 ἀγνοίᾳ
974 437 1020 480 τὸ
1034 443 1107 493 τῆς
1120 441 1270 489 ὁειλίας
1282 436 1588 496 περικαλύπτειν
1598 439 1694 481 θέλε
1717 441 1748 476 Ρ
1774 442 1840 477 115

218 506 358 551 κακόν.
426 508 590 564 ἀγνοίας
614 508 691 565 γὰρ
718 509 1003 564 προσποίησις,
1031 505 1146 550 ὁπότε
1172 509 1231 563 μὴ
1256 508 1362 550 κατὰ
1386 506 1504 563 λόγον
1524 508 1690 563 γε’νοιτο,
1711 510 1746 546 V
1769 512 1816 547 90

219 578 412 632 οὐδαμῶς
437 579 687 635 ἐξαιρεῖσθαι
712 577 908 630 μέμψεως
932 575 1002 618 τὸν
1023 574 1235 632 χρώμενον
1264 577 1452 634 πέφυκεν.
1520 574 1565 617 (ἓν
1604 575 1696 633 ἀρι-

183 654 316 690 5στον
343 644 365 688 ὅ
391 650 464 701 τῆς
490 646 734 704 στρατηγίας
759 643 841 686 οἶδε
867 643 986 701 λόγος
1011 644 1320 701 προκινδυνεύον
1357 646 1553 702 πατρίδος
1590 644 1698 702 ῥοπῇ

217 715 271 758 τὰ
307 713 529 772 πράγματα
566 711 835 757 ταλαντεῦειν.
911 712 987 755 κᾶν
1026 730 1088 762 τις
1127 713 1200 754 οὔκ
1239 713 1491 768 ἔπιδ’ράξοιτο
1530 713 1696 769 ταύτης,

217 783 471 827 ἀπολώλεκεν
509 783 587 838 ἤδη
626 782 672 825 τὸ
712 787 806 824 πᾶν.
876 783 940 824 σοὶ
980 782 1024 823 δὲ
1062 783 1129 823 καὶ
1163 781 1298 830 ἄλλως
1323 782 1396 822 οὐκ
1421 783 1477 824 ἔτι
1501 781 1643 839 χώραν
1668 781 1697 838 ἦ

214 858 370 908 σκῆψις
395 852 486 907 ἔχει.
557 851 702 908 ἴγνως,
743 849 833 893 ἰδού
846 883 859 903 ,
887 847 1111 904 συνεβάλου
1137 850 1208 892 τὸν
1232 849 1401 906 Πέρσας
1425 853 1694 904 μαστίζοντα·

215 921 292 964 κᾶν
318 920 615 972 ἀντιτάξασθαι
640 918 842 977 θελήσῃς,
882 918 999 975 λόγος
1025 919 1201 970 οὐδείς.”
1272 919 1395 961 ταῦτ’
1425 917 1547 960 εἰπών
1573 919 1697 961 αὐτὸν

161 991 289 1045 ΙΟμὲν
316 991 609 1045 ἀπεπέμψατο,
636 989 688 1031 τὰ
714 991 756 1030 ἓν
781 990 876 1031 ποσὶ
903 989 947 1031 δὲ
974 987 1139 1045 δῃώσας
1164 990 1231 1030 καὶ
1250 988 1471 1045 ἀφανισμῷ
1485 987 1697 1044 παραδοὺς

214 1061 454 1108 παλινοὸίας
477 1057 622 1113 ἥπτετο
634 1090 648 1110 ,
682 1061 852 1114 πρᾶγμα
877 1062 971 1115 πρὶν
994 1059 1183 1113 γενέσθαι
1210 1054 1515 1111 ἀπιστούμενον.
1586 1057 1692 1111 λε’γε-
1716 1061 1746 1096 Β

213 1145 283 1171 ται
307 1128 386 1184 γὰρ
413 1127 460 1168 οὗ
487 1128 648 1177 πλείους
671 1131 753 1169 τῶν
779 1124 971 1181 ἑξήκοντα
998 1127 1071 1181 τὴν
1097 1127 1292 1183 στρατιὰν
1317 1127 1466 1180 ἐκείνην
1493 1122 1592 1167 εἶναι
1620 1124 1694 1166 ἀν-

213 1198 324 1253 δρῶν
347 1200 564 1250 μαχητῶν,
604 1194 668 1238 ὅτε
696 1196 747 1250 δὴ
773 1195 826 1238 τὰ
844 1194 1056 1250 Ῥωμαίων
1080 1196 1143 1236 ἐπὶ
1179 1192 1343 1252 μεγάλῳ
1380 1192 1571 1250 γεγονότα
1606 1211 1691 1236 κιν-

211 1263 322 1322 δύνῳ
361 1263 605 1322 παραδόξως
643 1263 841 1321 ἔρρύσθη.
907 1265 1071 1321 Πέρσαι
1107 1264 1186 1320 γὰρ
1224 1266 1279 1313 εἷς
1304 1262 1511 1319 μυριάδας
1535 1261 1581 1304 τὸ
1610 1262 1691 1304 ἀπὸ

156 1336 329 1376 15τοῦὃε
355 1334 605 1389 συλλεγέντες
637 1334 733 1383 τοὺς
771 1333 1002 1390 ἐπικαίρους
1039 1337 1120 1375 τῶν
1156 1330 1292 1374 τόπων
1329 1333 1546 1385 κατέσχον,
1586 1330 1692 1373 ἔνθα

209 1401 430 1459 γεγονότων
450 1401 662 1456 Ῥωμαίων
686 1401 798 1457 μάχη
825 1400 1016 1459 ῥήγνυται
1056 1400 1228 1457 ἰσχυρά·
1269 1403 1335 1443 καὶ
1361 1401 1523 1457 Πέρσαι
1547 1400 1622 1454 μὲν
1648 1401 1691 1450 ἐξ

202 1468 454 1528 ὧπερὸεξίων
478 1469 697 1526 βάλλοντες
716 1469 943 1525 (Ρωμαίους
968 1470 1157 1526 ἴθλιβον,
1197 1470 1235 1512 οἶ
1262 1471 1306 1512 δὲ
1340 1468 1415 1511 ὑπ’
1446 1467 1622 1524 ἀνάγκης
1648 1469 1691 1510 ἓν

206 1545 299 1599 χρῷ
325 1538 517 1594 ἀλλήλοις
542 1540 603 1582 ἀεὶ
630 1538 832 1589 συνιόντες
845 1540 1128 1594 ἀνεπιζιινηστοι
1142 1538 1399 1581 παντάπασιν
1414 1538 1559 1594 ἀρετῆς
1571 1532 1692 1592 ἦσαν,

209 1614 284 1664 τῆς
308 1613 383 1652 τοῦ
403 1607 543 1666 χώρου
571 1607 733 1666 φύσεως
758 1608 852 1650 οὐδὲ
877 1607 974 1651 ὅσον
998 1609 1049 1651 τὰ
1077 1611 1133 1658 εἷς
1158 1608 1232 1663 τὴν
1258 1609 1423 1664 πορείαν
1449 1606 1589 1661 ἱκανῆς
1614 1605 1691 1647 αὐ-

154 1685 295 1728 ΞΟτοΐς
334 1677 470 1732 οὔσης.
538 1677 617 1732 ἤδη
645 1678 688 1720 δὲ
714 1679 782 1719 καὶ
808 1678 897 1734 περὶ
925 1677 1048 1720 αὐτὸν
1072 1678 1246 1732 βασιλέα
1272 1676 1318 1719 τὸ
1348 1675 1477 1718 δεινὸν
1502 1672 1692 1732 ἐφειστή-

210 1764 284 1788 κει.
351 1750 433 1788 τῶν
470 1745 548 1803 γὰρ
588 1744 924 1803 παρασπιζόντων
962 1747 1074 1806 αὐτῷ
1110 1764 1214 1796 τινες
1252 1746 1462 1803 ἀπορρέειν
1497 1743 1686 1801 ἤρξαντο.
1712 1752 1744 1787 C

206 1812 233 1856 ὅ
274 1813 319 1856 δὲ
357 1815 487 1855 καίτοι
513 1815 556 1854 ἐν
580 1817 683 1872 τῷδε
709 1819 837 1856 κακοῦ
860 1815 1031 1870 γεγονώς
1068 1819 1143 1858 τοῦ
1168 1814 1374 1870 συνήθους
1400 1812 1512 1868 ὅμως
1537 1813 1586 1854 οὐ
1613 1829 1689 1854 κα-

303 1910 339 1944 2.
372 1907 420 1953 τῇ
455 1907 598 1952 δῆθεν]
630 1908 685 1942 Ita
714 1907 802 1943 Duc.
851 1908 937 1943 Cod.
963 1906 1010 1943 τοὶ
1033 1908 1166 1953 δῆθεν.
1303 1910 1337 1942 5.
1371 1905 1689 1953 προκινδυνεύον]

302 1954 440 1990 Tollius
459 1953 548 1989 coni.
569 1952 882 1998 προκινδυνεύων.
928 1955 1008 1989 fort.
1031 1952 1382 2000 προκινδυνεύοντα.

210 2045 298 2080 guas
312 2033 397 2068 nihil
410 2032 572 2067 sollicitus
581 2057 592 2074 ‚
621 2031 695 2077 quis
709 2032 746 2066 in
760 2031 864 2067 aedes
877 2032 1052 2067 immiserit
1065 2032 1231 2067 curiosius
1245 2032 1445 2077 inquireres.
1494 2032 1562 2067 noli
1579 2032 1686 2077 igitur

211 2081 247 2115 in
268 2085 439 2127 posterum
461 2078 655 2123 ignorantia
677 2078 798 2113 malum
820 2089 983 2124 pavorem
1008 2078 1103 2123 quasi
1133 2079 1210 2112 velo
1233 2084 1427 2123 contegere.
1473 2079 1687 2123 ignorantiae

210 2126 299 2162 enim
323 2125 507 2169 simulatio,
538 2124 672 2170 quando
698 2135 774 2158 cum
797 2125 931 2158 ratione
952 2136 1019 2158 non
1043 2129 1097 2159 est
1118 2125 1318 2167 coniuncta,
1349 2136 1562 2170 nequaquam
1582 2124 1687 2168 illum,

210 2173 272 2218 qui
289 2184 330 2207 ea
345 2171 474 2214 utitur,
500 2182 522 2205 a
546 2171 673 2216 probro
689 2170 778 2204 solet
790 2170 949 2206 liberare.
997 2170 1030 2204 id
1050 2170 1259 2215 potissimum
1274 2171 1434 2217 principis
1450 2177 1486 2205 et
1499 2170 1684 2216 imperato—

210 2220 261 2253 ris
290 2229 412 2253 munus
441 2220 514 2260 est,
543 2227 607 2262 pro
635 2216 746 2261 patria
774 2216 950 2251 discrimen
978 2217 1093 2250 subire
1117 2221 1152 2251 et
1166 2221 1334 2251 momenta
1348 2228 1461 2253 rerum
1477 2216 1684 2261 agendarum

211 2265 420 2320 ponderare:
449 2274 536 2308 quae
552 2262 581 2296 si
597 2273 664 2297 non
678 2262 735 2296 ille
749 2262 1029 2307 apprehenderit,
1055 2262 1121 2297 iam
1137 2263 1288 2308 perdidit
1301 2263 1422 2297 omnia.
1469 2263 1529 2298 sed
1548 2267 1585 2297 et
1597 2263 1685 2297 alias

213 2322 249 2345 in
262 2316 298 2345 te
313 2310 422 2345 locum
438 2321 504 2343 non
519 2309 622 2342 babet
635 2308 812 2342 simulatio.
860 2320 902 2341 en
926 2308 1083 2352 agnoscis
1100 2313 1136 2342 et
1151 2309 1233 2343 satis
1248 2309 1418 2343 coniectas
1429 2337 1439 2354 ,
1471 2308 1547 2354 quis
1565 2309 1609 2343 sit
1623 2308 1685 2352 qui

210 2357 338 2391 Persas
361 2355 523 2399 castigat:
559 2354 812 2399 quodsiadbuc
837 2354 924 2388 libet
948 2355 1132 2388 decernere
1161 2355 1255 2399 acie,
1286 2355 1367 2389 nihil
1392 2354 1579 2400 impedio.”
1626 2353 1683 2388 his

211 2402 312 2437 dictis
337 2403 506 2447 Pupacem
531 2396 678 2434 dimisit:
709 2411 749 2434 ac
777 2399 899 2434 deinde
924 2401 1031 2435 obviis
1057 2401 1245 2446 quibusque
1259 2402 1407 2436 vastatis
1423 2406 1460 2435 et
1476 2399 1683 2446 consumptis

212 2453 307 2482 retro
333 2448 456 2490 cessit,
485 2458 557 2481 rem
583 2456 787 2491 aggressuS,
817 2446 1010 2492 priusquam
1025 2446 1082 2481 illa
1096 2450 1345 2492 perageretur,
1374 2457 1514 2493 prorsus
1535 2445 1686 2480 incredi-

213 2494 327 2529 bilem.
373 2493 468 2528 aiunt
492 2493 578 2527 enim
606 2493 695 2526 haud
719 2492 860 2537 amplius
883 2492 1063 2537 sexaginta
1088 2493 1309 2527 bellatoribus
1334 2494 1439 2527 aciem
1460 2492 1560 2526 istam
1581 2491 1687 2525 fuisse

213 2539 407 2574 conflatam.
454 2543 526 2574 tum
544 2549 628 2572 vero
653 2550 813 2573 summum
829 2538 864 2572 in
879 2539 1058 2573 discrimen
1080 2539 1249 2573 adductae
1266 2540 1493 2572 Romanorum
1508 2548 1565 2572 res
1581 2548 1683 2582 prae-

215 2589 269 2620 ter
282 2585 472 2631 opinionem
487 2589 647 2620 servatae
662 2591 750 2618 sunt.
785 2585 917 2619 Persae
933 2584 1097 2630 siquidem
1110 2585 1239 2630 ingenti
1253 2584 1466 2618 multitudine
1481 2595 1524 2617 ex
1539 2595 1580 2618 eo
1597 2587 1684 2618 tem-

243 2642 303 2666 ore
316 2632 512 2677 congregati
524 2658 535 2675 ‚
565 2631 641 2665 loca
654 2631 775 2665 idonea
787 2630 1002 2666 insederant:
1033 2642 1100 2676 quo
1115 2642 1190 2664 cum
1205 2630 1420 2664 advenissent
1436 2630 1600 2672 Romani,
1624 2640 1685 2662 va-

244 2677 321 2711 dum
345 2677 434 2712 inter
458 2677 534 2711 illos
558 2677 762 2712 concitatum
789 2681 843 2710 est
862 2682 1043 2712 certamen.
1090 2677 1153 2710 sed
1173 2676 1280 2710 missis
1303 2689 1346 2711 ex
1365 2675 1499 2710 editiori
1513 2677 1589 2710 loco
1608 2674 1686 2709 telis

219 2722 360 2766 gravius
375 2723 493 2758 affecti
507 2723 669 2769 Romani,
698 2723 731 2757 in
747 2734 847 2758 unum
863 2734 996 2769 semper
1011 2734 1052 2757 ac
1066 2722 1162 2756 velut
1174 2722 1346 2756 testudine
1359 2723 1497 2756 coibant
1508 2749 1518 2766 ,
1549 2733 1623 2756 cum
1642 2720 1687 2754 ad

219 2767 255 2800 id
275 2769 458 2803 necessitas
479 2773 641 2813 cogeret,
672 2769 834 2815 pristinae
861 2775 975 2804 autem
1001 2768 1164 2803 audaciae
1190 2779 1328 2814 prorsus
1353 2768 1582 2812 immemores,
1613 2776 1686 2800 cum

220 2813 360 2846 ulterius
378 2815 617 2859 progrediendi
630 2816 826 2849 facultatem
841 2815 908 2849 loci
923 2820 1046 2849 natura
1061 2814 1167 2848 minus
1181 2814 1305 2849 idonea
1319 2814 1360 2848 iis
1376 2815 1574 2858 denegaret.
1621 2812 1687 2845 iam

221 2861 298 2893 tota
310 2859 429 2903 praelii
442 2860 548 2894 moles
561 2861 597 2894 in
610 2861 849 2908 imperatorem
862 2861 1031 2896 incubuit:
1053 2860 1210 2907 plerique
1224 2861 1309 2895 enim
1325 2873 1368 2895 ex
1383 2860 1565 2895 comitibus·
1573 2866 1689 2891 reces-

222 2909 349 2942 serant.
379 2919 381 2921 ·
395 2915 514 2941 verum
526 2906 583 2942 ille
597 2911 692 2944 tauto
708 2908 887 2945 discrimini
901 2908 1054 2946 obiectus
1063 2935 1074 2954 ,
1093 2907 1286 2954 neutiquam
1300 2919 1321 2944 a
1335 2906 1478 2954 pristina
1490 2901 1690 2942 fortitudine
