1878 3262
638 231 1033 277 HISTORIARUM
1067 233 1116 275 L.
1132 230 1213 277 IV.
1566 232 1661 281 193

198 342 446 404 διηγήσεται,
472 346 519 390 τὸ
547 347 591 391 δὲ
615 351 687 391 νῦν
711 351 791 391 τῶν
816 346 1094 405 προτεθέντων
1117 344 1324 402 ἐχώμεθα.
1390 344 1468 403 εἶχε
1491 349 1566 404 μὲν
1590 350 1661 394 τὸν

192 416 364 472 βασιλέα
388 416 441 459 τὰ
466 421 547 460 τῶν
567 415 714 474 χώρων
739 417 896 460 ἐκείνων
931 414 1076 471 ὑψηλά
1087 449 1102 468 ,
1141 415 1164 459 ὃ
1191 418 1236 460 δὲ
1254 415 1465 471 Ῥωμαίων
1489 419 1664 476 στρατὸς

193 485 387 543 ἐνδοτέρω
412 483 491 542 ἤδη
513 485 707 543 χωρήσας
730 485 855 529 ἔλαθε
894 483 1168 542 στρατεύμασι
1191 489 1412 543 Περσικοῖς
1436 486 1479 537 ε”ξ
1504 486 1664 544 ἀπροσ-

191 552 366 610 δοκήτου
405 554 641 613 περιτυχών.
708 551 938 611 ἄγχεμάχου
975 555 1109 596 τοίνυν
1146 556 1358 611 γενομένης
1381 558 1461 611 τῆς,
1477 561 1662 614 προσβο-

159 627 287 679 5λῆς,
326 624 460 680 ἐπειδὴ
494 628 706 667 πονεῖσθαι
731 623 777 666 τὸ
797 621 1021 677 Ῥωμαϊκὸν
1044 620 1219 678 ἤρξατο,
1257 622 1503 679 αἰσθόμενος
1527 623 1548 667 ὅ
1572 630 1655 680 βα-
1675 635 1711 672 Ι)

192 693 326 744 σιλεῦς
352 692 430 735 ἀπὸ
457 693 630 751 ῥυτῆρος
653 692 719 735 ἐπ’
748 691 897 741 αὖτοὺς
921 691 1091 746 ἤλαυνε,
1117 688 1218 745 μήτε
1243 690 1419 748 θώρακα
1431 694 1547 745 ἓνδῦς
1557 693 1660 751 μήτε

190 779 249 820 τῳ
274 767 354 805 τῶν
381 762 514 804 ἄλλων
540 761 601 804 ὅτι
626 761 684 817 μὴ
711 762 852 804 ἀσπίδι
876 759 922 802 τὸ
949 764 1070 813 σῶμα
1096 757 1367 816 φραξάμενος.
1434 764 1538 817 ταχὺ
1564 769 1662 820 γοῦν

191 833 249 881 εἷς
285 831 435 886 μέσους
473 829 705 886 εἶσωθήσας
741 830 836 881 τοὺς
872 829 1088 882 πολεμίους
1119 826 1263 870 ἑαυτὸν
1289 826 1386 884 ἔργα
1406 832 1543 886 χειρὸς
1568 834 1659 876 ἕπε-

191 901 322 942 δείκνυ
348 900 575 954 θαυμαστὰ
600 904 658 956 τῷ
684 901 788 955 ξίφει
814 898 944 940 παίων
969 897 1031 939 ἀεὶ
1064 896 1134 939 τὸν
1167 895 1554 954 παρατυγχάνοντα·
1594 900 1660 943 ὅτε

136 970 258 1012 1οκαὶ
283 973 392 1011 νῶτα
420 965 652 1011 δεδωκότων
677 966 756 1022 ἤδη
785 966 909 1017 αὐτὸς
946 963 1140 1018 κατόπιν,
1181 964 1354 1023 δόρατος
1392 966 1505 1026 αὐτῷ
1541 984 1660 1022 κομι-

190 1039 384 1090 σθέντος,
423 1038 582 1079 ἐδίωκεν
620 1035 765 1078 οὐδένα
802 1034 943 1093 καιρὸν
968 1035 1102 1086 ἀνιείς.
1169 1035 1287 1092 μέχρι
1312 1035 1387 1090 μὲν
1412 1029 1484 1078 οὖν
1508 1041 1663 1080 πολλοῦ

190 1105 358 1164 ἔφευγον
383 1105 679 1162 ἀμεταστρεπτί
687 1137 701 1157 ,
726 1105 831 1160 μηδὲ
856 1105 979 1147 ἐκεῖνο
1006 1110 1215 1147 κατανοεῖν
1240 1103 1397 1159 ἔχοντες
1422 1106 1456 1148 εἰ
1481 1109 1662 1150 πολυαν-

188 1173 457 1232 θρωπότατον
494 1172 601 1216 οὕτω
638 1171 871 1231 στράτευμα
908 1173 1010 1231 πρὸς
1047 1173 1195 1230 ἀνδρὸς
1233 1171 1417 1216 διώκοιτο
1443 1172 1546 1226 ἑνός.
1611 1175 1660 1219 τὸ
1681 1185 1712 1222 P
1737 1191 1803 1226 113

188 1243 266 1300 γὰρ
294 1243 383 1294 δέος
408 1241 614 1300 κατάκρας
640 1243 774 1286 αὐτῶν
806 1241 1056 1300 περιγεγονὸς
1089 1239 1290 1284 ἐπεσκότει
1315 1249 1406 1293 ταῖς
1430 1241 1553 1298 ὂψεσι
1579 1246 1664 1288 δει-

133 1318 178 1356 15
188 1316 280 1363 νῶς.
349 1312 431 1354 ἐπεὶ
459 1312 505 1354 δέ
527 1329 622 1355 ποτε
649 1313 862 1368 διέγνωστο
889 1312 1006 1368 σφίσι
1030 1309 1076 1353 τὸ
1102 1315 1270 1368 πρᾶγμα
1278 1343 1292 1362 ,
1331 1311 1464 1354 πολλὰ
1488 1317 1561 1368 τῆς
1586 1313 1660 1357 ἆν-

190 1381 357 1438 ανδρίας
396 1379 597 1436 ἀλλήλους
634 1378 960 1430 ἓπιτωθάσαντες
997 1378 1154 1436 ἀθρόον
1188 1378 1499 1438 ε’πεστράφησάν
1524 1399 1567 1425 τε
1591 1385 1662 1425 καὶ

189 1449 456 1504 ἀντιμέτωποι
482 1450 595 1507 αὐτῷ
620 1449 807 1505 ἔστησαν.
877 1449 924 1491 οὗ
949 1448 1032 1503 μὴν
1057 1448 1136 1504 ἤδη
1163 1448 1351 1506 ἀκρατῶς
1370 1450 1569 1504 ἐξεχέοντο
1582 1468 1660 1494 κα-

188 1518 332 1570 θάπαξ
356 1523 415 1578 τῷ
441 1520 519 1562 δέει
545 1518 619 1570 τὰς
656 1517 787 1576 ὁρμὰς
825 1516 1195 1575 ἀνασειραζόμενοι·
1235 1519 1442 1576 φαρέτρας
1480 1519 1525 1562 δὲ
1562 1518 1662 1571 ὅλας

189 1588 372 1640 ἓκένουν,
411 1586 434 1630 ὃ
474 1588 518 1631 δὲ
555 1591 607 1645 τῇ
641 1587 781 1630 ἀσπίδι
806 1586 910 1644 παρ’
940 1584 1112 1644 ἑκάτερα
1138 1585 1410 1645 στρεφόμενος
1433 1587 1508 1639 τὰς
1530 1588 1662 1643 βολὰς

132 1655 483 1712 ξοᾶπωθούμενος
507 1655 584 1708 ἔξω
607 1660 739 1712 βελῶν
763 1655 810 1699 τὸ
836 1659 958 1711 σῶμα
996 1653 1181 1714 διετήρει.
1247 1651 1299 1712 ἦν
1324 1656 1372 1699 δέ
1392 1674 1454 1708 τις
1479 1658 1520 1700 ἓν
1546 1657 1661 1716 Πέρ*

189 1743 282 1777 σαις
321 1727 422 1784 ἀνὴρ
459 1726 685 1782 θυμοειδὴς
716 1727 785 1769 καὶ
811 1722 1067 1783 δραστήριος.
1135 1719 1255 1776 οὗτος
1279 1726 1414 1782 ἐπειδὴ
1437 1726 1594 1782 μηδένα
1618 1727 1663 1779 ἐξ

189 1793 378 1838 ἁπάντων
401 1799 567 1847 βασιλεῖ’
585 1795 687 1851 πρὸς
710 1792 845 1849 μάχην
871 1791 1260 1849 ἄντικαθιστᾶμενον
1285 1793 1416 1852 ἑώρα,
1440 1794 1662 1854 ὗπερζέσας

188 1868 249 1923 τῷ
272 1866 399 1921 θυμῷ
422 1865 502 1904 τῶν
527 1859 752 1919 συμφῦλων
786 1862 898 1920 αὐτῷ
931 1877 1039 1912 τινος
1063 1863 1110 1904 τὸ
1136 1865 1254 1918 ξίφος
1277 1868 1357 1906 τῶν
1377 1869 1526 1920 χειρῶν
1552 1864 1657 1906 ἄπο-
1678 1868 1711 1904 Β

189 1930 353 1983 σπάσας
378 1928 434 1981 ὧς
458 1928 648 1982 πατάξων
672 1930 835 1988 ἐφέρετο
860 1933 1017 1973 τοῦτον.
1085 1929 1179 1973 ἀλλ’
1217 1927 1241 1972 ὅ
1279 1928 1543 1989 αὐτοκράτωρ
1580 1936 1663 1975 τῶν

191 2063 357 2100 morabit=
387 2073 477 2097 nunc
491 2064 604 2096 autem
619 2059 804 2094 institutam
819 2059 1046 2094 narrationem
1060 2069 1313 2105 persequamur.
1358 2071 1433 2096 cum
1454 2060 1563 2107 igitur
1575 2072 1662 2108 age·

191 2116 248 2146 ret
262 2111 445 2155 imperator
458 2108 493 2142 in
509 2107 706 2142 editioribus
721 2106 797 2140 istis
810 2106 911 2140 locis:
940 2106 1168 2140 Romanorum
1183 2106 1321 2151 copiae,
1336 2118 1425 2152 quae
1438 2108 1482 2142 ad
1496 2108 1662 2143 interiora

191 2160 431 2203 processerant
442 2180 453 2198 ‚
494 2154 529 2188 in
559 2152 732 2187 Persicum
767 2152 950 2186 exercitum
980 2151 1155 2197 inopinate
1179 2152 1382 2190 inciderunt.
1426 2154 1519 2188 facto
1542 2154 1662 2200 itaque

192 2202 342 2238 cominus
362 2201 489 2248 praelio
498 2226 509 2243 ‚
539 2203 579 2233 ut
592 2199 680 2232 vidit
693 2197 851 2244 princeps
865 2197 1027 2232 inclinare
1040 2199 1224 2233 Romanam
1241 2199 1347 2233 aciem
1359 2224 1371 2242 ‚
1400 2199 1504 2234 citato
1517 2199 1661 2247 impetu,

192 2261 256 2284 nec
270 2249 407 2283 loricam
422 2259 486 2282 nec
500 2245 568 2280 alia
582 2255 675 2279 arma
687 2244 823 2278 indutus
835 2268 846 2285 ,
878 2243 940 2278 sed
956 2244 1030 2279 solo
1045 2244 1190 2279 munitus
1205 2244 1315 2290 clipeo
1340 2245 1384 2280 ad
1409 2245 1499 2280 illam
1517 2250 1662 2281 conten-

193 2296 257 2330 dit.
305 2294 362 2329 ubi
389 2294 424 2328 in
448 2292 576 2328 medios
599 2302 677 2325 sese
693 2291 810 2324 hostes
833 2289 966 2332 intulit,
995 2290 1146 2325 miranda
1161 2302 1259 2325 manu
1274 2290 1380 2325 edidit
1391 2303 1520 2338 opera,
1549 2292 1660 2328 obviis

193 2342 383 2388 quibusque
398 2339 519 2374 caesis.
564 2337 734 2371 interdum
750 2336 848 2370 etiam
863 2341 961 2381 terga
976 2336 1151 2379 dantibus,
1181 2341 1323 2382 accepta
1336 2343 1408 2372 tum
1422 2339 1538 2381 hasta,
1568 2350 1660 2373 sem-

193 2399 256 2433 per
269 2387 428 2422 insistens
440 2411 450 2426 ,
480 2385 603 2419 nullam
619 2383 754 2427 fortiter
767 2382 891 2426 agendi
914 2382 1124 2417 occasionem
1145 2383 1335 2418 omittebat.
1380 2384 1430 2418 ita
1445 2384 1503 2418 diu
1517 2384 1590 2419 sine
1603 2384 1659 2418 in-

193 2434 406 2468 termissione
428 2432 590 2476 fugerunt
612 2430 749 2471 hostes,
778 2433 816 2462 ut
830 2440 872 2462 ne
886 2428 950 2463 illis
964 2428 1097 2474 quidem
1111 2429 1146 2463 in
1161 2434 1304 2464 mentem
1318 2430 1466 2472 venerit,
1498 2434 1567 2464 tam
1591 2441 1660 2463 nu-

195 2490 359 2514 merosum
375 2478 558 2512 exercitum
574 2476 618 2510 ab
633 2475 730 2509 unico
746 2474 878 2509 homine
890 2474 1023 2510 incessi.
1070 2474 1127 2520 qui
1143 2475 1230 2509 enim
1243 2479 1337 2509 totos
1350 2475 1523 2510 invaserat
1536 2486 1660 2521 pavor,

197 2524 333 2560 densam
355 2523 460 2560 oeulis
485 2522 656 2558 effuderat
671 2521 857 2566 caliginem.
902 2532 1018 2556 verum
1034 2526 1074 2555 ut
1087 2521 1223 2556 tandem
1241 2521 1322 2566 quid
1337 2521 1388 2555 rei
1403 2526 1494 2556 esset
1508 2521 1661 2556 animad-

195 2576 353 2615 vertunt,
383 2574 531 2605 mutuam
557 2568 623 2603 sibi
647 2567 792 2602 invicem
816 2566 1012 2602 obiicientes
1029 2567 1197 2612 ignaviam
1207 2593 1218 2609 ‚
1250 2567 1435 2612 derepente
1460 2578 1499 2601 se
1516 2578 1663 2602 conver·

196 2619 275 2651 tunt
289 2616 498 2663 principique
511 2626 588 2650 sese
603 2617 787 2660 opponunt.
832 2625 943 2659 neque
966 2619 1079 2648 tamen
1094 2613 1224 2648 alacres
1238 2612 1335 2647 ivere
1347 2613 1383 2646 in
1398 2623 1545 2659 pugnam
1554 2639 1566 2656 ‚
1595 2613 1662 2648 im-

197 2666 313 2708 petum
325 2662 529 2697 retundente
544 2661 656 2696 adhuc
676 2666 784 2695 metat
815 2671 955 2705 cumque
980 2660 1159 2704 pharetras
1185 2670 1266 2693 suas
1291 2659 1526 2703 exhaurirent,
1556 2659 1662 2694 nihilo

200 2707 306 2742 minus
319 2708 392 2751 ille,
421 2707 567 2753 repulsis
582 2707 691 2752 clipeo
707 2706 854 2751 undique
867 2706 1010 2740 vibratis
1025 2705 1123 2747 telis,
1147 2716 1272 2751 corpus
1286 2704 1482 2739 inviolatum
1497 2704 1662 2740 servavit.

201 2759 275 2788 erat
286 2764 370 2788 vero
385 2754 473 2799 apud
488 2754 614 2788 Persas
630 2752 684 2787 vir
697 2751 806 2787 animo
820 2752 1028 2798 praecellens
1043 2762 1209 2796 manuque
1223 2751 1381 2797 impiger,
1412 2752 1468 2796 qui
1483 2751 1542 2786 ubi
1556 2751 1663 2786 nemi-

202 2810 275 2834 nem
301 2810 344 2833 ex
369 2799 520 2834 omnibus
537 2810 610 2834 cum
623 2798 829 2845 imperatore
843 2798 888 2833 ad
905 2803 1072 2833 certamen
1086 2797 1292 2832 descendere
1306 2797 1481 2852 perspexit
1493 2822 1504 2839 ,
1536 2797 1587 2831 ira
1608 2797 1661 2830 ef·-

201 2845 397 2879 fervescens
407 2869 417 2886 ,
445 2849 581 2891 arrepto
606 2845 650 2879 de
671 2844 845 2891 popularis
870 2844 1040 2879 cuiusdam
1064 2843 1215 2878 manibus
1230 2843 1362 2888 gladio,
1391 2844 1434 2878 ad
1451 2854 1525 2878 eum
1539 2852 1662 2888 percu-

201 2890 350 2925 tiendum
364 2890 475 2926 irruit.
519 2891 580 2927 sed
595 2891 754 2938 princeps
766 2891 913 2928 crinibus
924 2892 1126 2938 prehensum
1141 2889 1305 2926 hominem
1321 2889 1424 2925 trahit
1434 2915 1447 2934 ,
1476 2894 1580 2934 atque
1595 2897 1663 2921 una

259 2941 457 2978 Cinnamus.
1336 2940 1387 2979 13
