1878 3262
386 215 444 258 ΙΝ
463 212 781 258 HISTORIAM
798 211 1025 259 IOANNIS
1047 214 1278 258 CINNAM]
1296 214 1496 258 NOTAE.
1576 214 1673 260 333

209 327 315 363 stius
333 330 408 366 etc.
465 324 555 364 Odo
573 323 622 363 de
643 324 792 376 Diogilo
814 324 840 365 l.
861 326 906 367 6:
934 325 1192 364 Alemannus
1202 327 1410 379 poenitens
1431 323 1546 378 quod
1565 324 1674 364 Con-

206 382 619 434 stantinopolitanum
637 383 916 434 imperatorem
938 396 1019 420 non
1038 382 1220 434 viderat,
1250 381 1368 436 apud
1383 396 1476 421 eum
1492 395 1676 422 reversus

206 446 264 477 est
285 440 482 491 hyemare.

318 510 359 548 p,
379 499 434 539 87
460 510 497 536 v.
519 497 559 538 4.
618 493 888 546 Θεσσαλονίκη
913 493 1153 548 προσέσχεν]
1184 495 1293 535 Otho
1321 496 1486 547 Frising.
1517 494 1544 536 l.
1570 497 1590 536 1
1624 492 1675 532 de

207 552 315 591 Gest.
332 553 440 592 Frid.
460 566 493 591 c.
511 553 586 594 59:
619 550 834 590 Conradus
848 534 1130 604 Romanorum
1150 554 1390 605 imperator,
1418 566 1541 591 naves
1560 549 1678 603 apud

205 609 498 648 Ptolemaidem
516 612 746 661 ingressus,
760 608 944 658 fratrem
960 615 997 645 et
1015 611 1196 647 amicum
1212 624 1336 648 suum
1354 610 1529 648 Manuel
1542 610 1677 661 regiae

208 667 323 704 urbis
341 668 566 719 principem
584 667 629 703 in
644 665 831 702 Achaiae
845 679 915 703 seu
939 665 1174 703 Thessaliae
1183 667 1344 717 finibus
1369 667 1574 704 inveniens
1593 663 1675 702 ad-

205 725 278 774 iit,
309 738 401 762 cum
420 737 558 775 eoque,
587 729 801 774 tamquam
822 735 867 759 ex
884 722 1010 774 longa
1029 724 1098 761 via
1114 724 1356 775 fatigatus,
1389 722 1676 774 laboribusque

194 781 386 831 fractus,
425 788 462 818 et
487 794 566 818 non
590 778 754 816 modica
777 779 1017 831 infirmitate
1035 786 1263 830 correptus,
1301 794 1376 831 per
1395 781 1556 831 aliquot
1574 786 1675 816 tem—

201 839 317 886 poris
333 839 515 889 spatium
534 837 594 874 ibi
613 838 780 888 quievit.
819 835 922 874 adde
943 836 1051 879 Will.
1070 836 1237 888 Tyrium
1253 836 1282 876 l.
1301 839 1357 879 22
1374 849 1408 874 c.
1425 839 1480 879 28
1501 842 1541 874 et
1557 836 1675 874 Gesta

204 894 356 932 Ludov.
379 907 412 933 c.
435 897 504 936 27.

317 964 359 992 v.
383 951 450 993 19.
507 945 605 1003 παρ’
628 945 764 1002 ὀλίγον
790 943 896 1000 ἦλθε
923 951 998 990 τοῦ
1025 945 1204 1001 ἁλῶναι]
1234 948 1392 987 Falsum
1418 947 1542 1000 igitur
1565 947 1674 998 quod

204 1008 260 1046 ait
272 1013 411 1046 auctor
419 1008 628 1045 Gestorum
642 1005 836 1044 Ludovici
846 1005 917 1044 VII
936 1018 966 1043 c.
977 1009 1045 1056 27,
1070 1006 1318 1045 Ludovicum
1337 1018 1468 1057 regem
1487 1007 1532 1042 in
1548 1012 1674 1056 portu

203 1065 428 1103 Acconensi
456 1065 670 1115 navigium
705 1061 978 1100 conscendisse
994 1094 1005 1113 ,
1063 1065 1270 1115 marisque
1296 1063 1410 1100 nullo
1439 1061 1675 1114 impediente

196 1122 402 1173 periculo,
445 1119 504 1158 ad
536 1134 706 1170 regnum
734 1120 953 1171 proprium
987 1134 1189 1158 reversam
1226 1134 1318 1158 esse.
1376 1119 1591 1169 siquidem,
1626 1124 1675 1157 ut

202 1184 342 1217 narrat
360 1177 438 1215 hoc
457 1177 546 1215 loco
563 1177 776 1215 Cinnamus
789 1205 801 1226 ,
834 1188 978 1227 parum
997 1177 1125 1215 abfuit
1143 1177 1238 1227 quin
1259 1176 1415 1216 venerit
1431 1177 1474 1214 in
1496 1177 1671 1214 Graeco-

202 1249 293 1274 rum
315 1239 574 1287 potestatem,
605 1233 675 1285 qui
690 1240 800 1282 tum,
828 1232 1018 1284 flagrante
1038 1233 1141 1272 bello
1160 1233 1291 1272 Siculo
1304 1262 1316 1282 ,
1347 1234 1468 1271 maria
1492 1246 1583 1271 cum
1599 1246 1669 1271 va-

201 1291 282 1330 lida
303 1291 423 1331 classe
442 1291 629 1340 obibant,
660 1290 800 1328 Siculis
817 1290 898 1341 ipse
921 1289 1131 1329 admixtus.
1189 1290 1233 1328 id
1256 1304 1378 1340 porro
1401 1290 1603 1328 Robertus
1620 1290 1669 1327 de

201 1348 360 1397 Monte,
399 1348 631 1387 Vincentius
654 1347 849 1385 Bellouac.
879 1352 984 1398 part.
1005 1350 1030 1388 3
1058 1347 1084 1385 l.
1103 1350 1158 1389 27
1186 1361 1220 1388 e.
1243 1351 1344 1396 127,
1373 1347 1557 1385 Nicolaus
1577 1348 1670 1385 Tri-

201 1411 336 1444 vettus
353 1405 397 1442 in
419 1404 579 1456 Chron.,
600 1405 774 1442 Sanutus
796 1404 819 1441 Ι.
842 1407 867 1445 3
886 1409 990 1454 part.
1012 1407 1037 1445 6
1059 1417 1091 1443 c.
1111 1407 1166 1446 20
1183 1411 1223 1443 et
1246 1416 1297 1442 ex
1319 1404 1366 1442 iis
1387 1410 1527 1443 auctor
1542 1404 1671 1455 Magni

202 1461 388 1501 Chronici
407 1461 548 1512 Belgici
561 1491 571 1510 ,
610 1467 650 1499 et
670 1460 875 1498 Bonfinius
898 1460 982 1498 dec.
999 1463 1026 1502 2
1046 1461 1071 1502 1.
1092 1463 1118 1502 6
1141 1460 1326 1499 accidisse
1348 1461 1538 1512 tradunt,
1582 1474 1674 1499 cum

201 1518 360 1557 Manu'eil
381 1518 595 1569 Corcyram
613 1531 635 1555 a
656 1517 795 1555 Siculis
821 1523 1087 1569 expugnatam
1109 1518 1305 1556 obsideret
1324 1516 1367 1556 A.
1389 1517 1510 1560 1149.
1571 1518 1674 1557 Vin-

201 1576 354 1614 centius
373 1575 586 1613 Bellouac.:
614 1573 855 1613 Ludovicus
879 1588 947 1611 rex
965 1575 1220 1613 Francorum
1248 1588 1275 1612 a
1290 1574 1537 1612 Palaestina
1553 1576 1675 1612 navi*-

197 1647 329 1685 gans,
362 1639 409 1669 ut
429 1633 472 1670 in
484 1633 671 1683 patriam
694 1630 858 1680 rediret,
900 1631 1150 1669 Graecorum
1168 1645 1291 1670 naves
1309 1633 1496 1671 incurrit.
1555 1645 1676 1669 cum-

202 1704 279 1742 que
307 1689 358 1728 ab
387 1690 443 1726 eis
469 1690 706 1740 imperatori
728 1688 962 1739 Curfolium
981 1687 1182 1727 obsidenti
1195 1687 1522 1740 praesentandus
1542 1688 1676 1726 dedu-

202 1747 332 1792 citur,
371 1746 642 1798 Gregorius*)
677 1744 763 1783 dux
791 1746 962 1783 navium
997 1747 1104 1797 regis
1131 1747 1300 1784 Siciliae
1328 1759 1393 1783 eos
1420 1744 1674 1797 aggreditur.

201 1801 402 1854 siquidem
431 1804 607 1841 vastatis
637 1809 673 1840 et
695 1802 888 1853 spoliatis
923 1802 1171 1840 Graecorum
1198 1804 1427 1854 provinciis
1455 1816 1584 1853 usque
1618 1801 1680 1839 ad

201 1861 335 1911 ipsam
355 1858 490 1896 urbem
506 1858 660 1911 regiam
680 1858 1078 1910 Constantinopolim
1095 1858 1298 1908 accedens,
1328 1860 1508 1910 sagittas
1528 1872 1677 1896 aureas

201 1918 246 1954 in
264 1916 469 1967 palatium
491 1916 752 1967 imperatoris
771 1917 931 1964 iecerat,
962 1922 999 1952 et
1020 1917 1194 1954 incensis
1211 1915 1476 1965 suburbanis,
1505 1914 1554 1953 de
1566 1916 1675 1967 fiu-

201 1972 334 2010 ctibus
369 1971 580 2010 hortorum
617 1972 727 2023 regis
765 1972 960 2009 violenter
997 1972 1162 2011 tulerat.
1219 1971 1326 2010 unde
1356 1972 1514 2011 rediens
1549 1986 1677 2010 naves

204 2030 456 2068 Graecorum
491 2030 668 2066 incurrit
681 2057 693 2078 ,
741 2035 905 2079 captum
931 2027 1193 2067 Ludovicum
1220 2043 1352 2081 regem
1383 2030 1556 2081 eripuit,
1605 2027 1679 2066 sed

200 2093 365 2138 captos,
403 2087 512 2137 regis
539 2085 723 2134 obtentu,
762 2083 949 2123 dimittit.
1006 2086 1168 2123 interim
1186 2086 1360 2124 Manuel
1375 2093 1527 2136 recepto
1547 2087 1593 2123 in
1609 2084 1675 2123 de-

200 2141 393 2181 ditionem
419 2142 627 2193 Curfolio,
661 2141 896 2180 Siculorum
917 2155 1039 2179 naves
1060 2144 1312 2194 insequitur,
1350 2148 1389 2179 et
1415 2144 1548 2194 captis
1569 2157 1674 2180 non—

199 2201 327 2239 nullis
344 2199 544 2249 navibus,
583 2212 651 2236 rex
667 2199 787 2251 juga
810 2198 1010 2236 liberatur
1023 2230 1036 2249 ‚
1076 2205 1113 2236 et
1129 2213 1158 2236 a
1176 2213 1265 2250 rege
1286 2199 1463 2249 Rogerio
1490 2200 1672 2250 Siciliae,

199 2264 237 2296 et
257 2271 284 2294 a
295 2271 414 2309 papa
433 2257 619 2308 Eugenio
639 2255 879 2295 honoratur.
936 2255 1006 2293 sed
1028 2254 1077 2292 de
1103 2255 1307 2294 obsidione
1327 2255 1561 2306 Corcyrensi
1580 2270 1673 2308 age—

198 2319 268 2352 tur
283 2314 350 2355 lib.
368 2326 448 2364 seq.
505 2313 656 2364 profert
677 2310 959 2362 Philadelphus
979 2309 1168 2364 Magnos
1186 2312 1212 2351 l.
1232 2311 1260 2353 4
1279 2311 1443 2351 Theatri
1464 2313 1673 2364 Genealog.

199 2370 324 2409 Nobil.
343 2370 480 2409 Famil.
505 2369 671 2407 Sicular.
694 2368 868 2419 diploma
887 2367 988 2419 regis
1005 2368 1162 2420 Rogerii
1186 2369 1229 2408 in
1252 2369 1418 2421 gratiam
1435 2369 1592 2420 Georgii
1622 2370 1673 2408 de

197 2426 419 2466 Landolina
447 2426 602 2475 militis,
642 2426 705 2464 cui
725 2424 920 2463 Ludovici
948 2424 1048 2476 regis
1081 2425 1357 2465 liberationem
1386 2426 1576 2464 adscribit
1608 2425 1672 2465 his

199 2484 348 2523 verbis:
387 2484 563 2522 maxime
590 2489 638 2520 tu
661 2483 826 2534 ipsemet
845 2483 1119 2533 personaliter
1139 2490 1351 2535 tamquam
1368 2484 1603 2534 praefectus
1621 2482 1670 2521 de

202 2539 363 2579 duabus
380 2541 531 2579 nostris
551 2540 677 2592 regiis
695 2538 928 2577 triremibus
947 2546 1111 2577 nostrae
1129 2540 1276 2577 classis
1295 2541 1549 2590 maritimae,
1579 2554 1673 2578 cum

201 2595 339 2636 divino
381 2598 540 2636 auxilio
582 2603 839 2648 cooperante,
890 2602 928 2633 et
949 2603 1179 2634 nostrorum
1206 2597 1409 2648 militum,
1455 2611 1671 2650 eorumque

195 2654 495 2704 praefectorum
511 2652 789 2705 fbrtitudine,
821 2650 1049 2704 fidelitate,
1091 2660 1127 2690 et
1147 2652 1397 2705 prudentia,
1426 2668 1506 2692 non
1524 2655 1672 2705 procul

206 2710 454 2749 Graecorum
472 2711 673 2763 hostium,
712 2723 924 2763 eorumque
952 2723 1075 2751 naves
1103 2717 1142 2750 et
1171 2712 1351 2750 triremes
1378 2711 1594 2764 expulisti,
1631 2717 1668 2748 et

292 2885 331 2933 ³¹¹)
354 2886 484 2934 Georg-
