1878 3262
642 219 1037 264 HISTORIARUM
1070 222 1118 264 L.
1147 220 1202 265 11.
1591 222 1656 267 75

191 339 381 390 κομῶσαν
402 333 508 378 πόαν
537 351 581 378 τε
611 336 769 391 δαψιλῆ
795 335 972 378 ἀνιεῖσαν
1003 334 1270 392 (ἀμφιλαφὴς
1293 333 1372 393 γὰρ
1391 333 1413 378 ὅ
1429 339 1566 393 χῶρος
1588 339 1656 378 καὶ

191 406 375 459 ἔπίχλοον
403 402 616 459 ἇπανταχῆ
647 397 759 462 φέρει
788 403 835 446 τὸ
861 401 1122 460 πρόσωπον),
1157 404 1344 447 ἐντεῦθεν
1369 408 1429 462 τῷ
1455 404 1656 464 περιβόλῳ
1681 408 1710 443 Β

190 480 376 531 προσεῖχε
404 477 479 516 τοῦ
506 472 660 523 ἄστεος.
728 470 824 523 τούς
851 489 894 514 τε
919 466 991 514 οὖν
1010 471 1187 529 πύργους
1204 474 1245 523 ἒς
1259 471 1370 527 ὕψος
1395 473 1543 524 ἱκανῶς
1557 475 1658 516 ἀνα-

190 543 407 600 τρέχοντας
432 540 688 597 κατανοήσας
709 542 778 583 καὶ
803 538 965 598 τάφρου
986 541 1090 596 μέγα
1109 559 1147 583 τι
1172 546 1316 598 χρῆμα
1330 543 1508 597 βαθείας
1524 542 1659 601 κύκλῳ

157 609 460 668 ὅπεριθεούσης
492 611 589 653 ἴδιὸν
611 612 653 652 ἓν
682 607 869 664 θαύματι
899 607 1064 667 μεγάλῳ
1094 610 1259 665 ἐγένετο.ι
1326 612 1409 654 ε’πεὶ
1437 612 1565 654 δὲκαὶ
1585 629 1659 668 γυ-

190 684 340 722 ναικῶν
372 678 513 734 ὅμιλον
539 681 605 722 καὶ
635 681 765 733 δῆμον
798 676 973 720 ἄνοπλόν
1000 696 1091 721 τινα
1124 680 1191 720 καὶ
1223 679 1458 736 ἀπερίεργον
1488 682 1552 723 ἐπὶ
1578 686 1660 723 τῶν

192 750 451 806 προπυργίων
469 746 624 791 ἑστῶτα
643 745 720 790 εἶδε
740 745 906 803 (πάντες
921 747 998 805 γὰρ
1018 746 1105 789 ὅσοι
1119 748 1321 802 πολεμίων
1337 747 1508 791 εἰώθασι
1528 748 1661 793 πόνων

191 815 405 874 γεύεσθαι,
442 816 480 859 οἳ
505 817 579 871 μὲν
598 816 700 873 πρὸς
718 822 804 866 τοῖς
821 818 988 870 τείχεσιν
1009 815 1124 858 ἔνδον
1152 821 1425 874 φρουροῦντες
1444 817 1659 874 ἐκάθηντο,

193 886 231 928 οἳ
248 887 292 928 δὲ
316 885 394 943 πρὸ
420 890 494 928 τοῦ
511 884 726 942 περιβόλου
751 889 824 940 τῆς
844 883 998 935 πόλεως
1026 886 1201 927 ἕστασαν
1217 890 1367 942 χειρῶν
1388 885 1525 943 ἄρχειν
1537 887 1659 930 {flua-

139 961 183 995 10
192 954 348 1008 μανοὺς
368 954 686 1011 περιμένοντες),
725 953 861 1009 ἐπειδὴ
887 958 985 1009 γοῦν
1011 958 1142 997 ταῦτα
1160 953 1335 997 κατενόει
1349 987 1363 1007 ,
1400 956 1544 998 αὐτίκα
1563 954 1659 1014 ὅπερ

189 1018 240 1079 ἦν
268 1025 478 1082 περιουσία
513 1021 722 1077 δυνάμεως
749 1023 1018 1078 ἀνέκπληκτον
1044 1022 1118 1078 τὴν
1147 1021 1263 1066 πόλιν
1287 1031 1419 1078 μεῖναι
1451 1024 1655 1081 ἐννοήσας,
1679 1034 1710 1068 C

192 1093 376 1135 ἓνθένὸεν
396 1090 669 1147 ἀπηλλάττετο
678 1124 691 1143 ,
720 1090 794 1147 τήν
815 1109 857 1134 τε
879 1093 1061 1150 γέφυραν
1073 1125 1087 1144 ,
1121 1091 1149 1148 ἢ
1163 1092 1236 1147 τὴν
1251 1090 1514 1150 ὑποκειμένην
1537 1093 1592 1145 ὡς
1611 1094 1660 1137 ἂν

191 1160 294 1203 εἶ’ποι
311 1178 372 1210 τις
390 1159 769 1214 ποταμοθάλασσαν
791 1158 984 1217 ζεύγνυσι,
1018 1161 1121 1215 ταχὺ
1142 1161 1290 1216 διαβὰς
1304 1163 1372 1203 ἐπί
1387 1180 1425 1205 τι
1446 1168 1527 1205 τῶν
1549 1164 1660 1206 ἀντι-

189 1229 315 1286 πέρας
339 1230 564 1281 Βυζαντίου
593 1228 786 1285 κατήγετο
818 1236 1080 1286 προαστεῖον,
1118 1228 1142 1272 ὃ
1169 1232 1388 1287 Πικριὸίου
1413 1231 1660 1291 ὠνόμασται.

138 1306 180 1341 15
192 1297 274 1340 ἔστι
306 1299 349 1340 δὲ
380 1297 425 1340 τὸ
449 1302 522 1340 τοῦ
553 1299 735 1341 ἐνταῦθα
762 1303 958 1356 πορθμοῦ
986 1303 1180 1342 τοιοῦτον.
1250 1297 1272 1341 ὃ
1300 1299 1489 1351 Εὔξεινος
1516 1300 1661 1353 πόντος

190 1365 398 1423 ἀπορροήν
418 1384 509 1409 τινα
541 1366 780 1421 ποιούμενος
808 1368 871 1409 ἐπὶ
899 1367 944 1409 τὸ
978 1367 1106 1418 δεξιὸν
1135 1369 1354 1411 εἰσπλέοντι
1378 1371 1502 1426 μέρος
1526 1369 1580 1420 ὡς
1598 1372 1661 1413 ἐπὶ

189 1436 349 1489 δυσμὰς
369 1434 510 1487 ἄνεισι,
546 1436 685 1490 λιμένα
703 1434 876 1490 ἐπιμήκη
903 1438 1141 1488 Βυζαντίοις
1161 1435 1434 1493 ἐργαζόμενος.
1479 1441 1663 1494 ποταμὸς

190 1505 238 1546 δέ
260 1521 321 1554 τις
339 1502 499 1547 ἄνωθέν
517 1508 647 1547 ποθεν
669 1504 877 1559 ἐκβάλλων
895 1505 942 1547 τὸ
961 1504 1090 1562 ῥεῦμα
1111 1503 1263 1548 κάτεισι
1282 1507 1358 1560 μὲν
1379 1507 1448 1549 διὰ
1467 1513 1548 1550 τῶν
1565 1511 1660 1565 τῇδε

188 1571 402 1624 πεδιάὸων,
417 1573 552 1628 ὀλίγου
565 1574 607 1615 δὲ
621 1575 844 1625 Βυζαντίου
855 1574 1012 1616 ἄποθεν
1029 1574 1134 1616 κατὰ
1146 1575 1330 1632 κορυφὴν
1341 1580 1398 1633 τῷ
1415 1577 1542 1630 λιμένι
1557 1575 1660 1632 ξυμ-
1682 1589 1716 1624 D

133 1653 180 1689 20
189 1640 355 1695 βάλλων
374 1643 431 1692 εἵς
448 1641 595 1685 ταύτὸν
611 1641 782 1699 ἔρχεται,
813 1641 918 1685 ἔνθα
935 1643 1008 1698 τὴν
1024 1644 1204 1700 γέφυραν
1217 1644 1419 1686 ἵστασθαι
1442 1648 1663 1700 ξυμβαίνει.

332 1710 406 1754 15.
441 1727 447 1736 '
478 1714 611 1753 Τοῦτο
630 1712 704 1765 μὲν
725 1712 776 1767 δὴ
796 1716 991 1754 τοιοῦτον.
1045 1710 1266 1769 Κορράὸος
1283 1714 1327 1755 δὲ
1348 1714 1528 1756 ἐνταῦθα
1549 1733 1663 1771 γεγο-

188 1777 268 1828 νὼς
284 1775 428 1834 λόγους
454 1779 495 1828 ἐς
513 1781 687 1833 βασιλέα
707 1781 754 1822 οὐ
775 1779 916 1838 πόρρω
944 1778 1144 1838 θρύψεως
1165 1780 1286 1832 ὄντας
1300 1786 1452 1837 πολλῆς
1473 1782 1665 1839 ἔπεμψεν.

285 1875 341 1909 10.
363 1874 477 1919 γοῦν]
501 1874 618 1909 Malim
639 1872 682 1909 δ’
709 1869 792 1910 οὖν.
912 1877 965 1911 16.
991 1873 1198 1910 εἰσπλέοντι
1212 1876 1338 1921 μέρος]
1364 1876 1452 1911 Cod.
1478 1878 1532 1918 εἰς
1550 1878 1665 1915 πλέον

281 1931 318 1974 τι
332 1917 465 1964 μέρος,
493 1921 583 1966 quod
602 1921 736 1956 Tollius
754 1921 861 1956 vertit
881 1922 920 1956 in
941 1933 1111 1968 magnam
1133 1924 1219 1968 agri
1233 1927 1384 1969 partem.
1418 1923 1507 1959 Duc.
1527 1931 1566 1960 ut
1581 1927 1665 1972 plu-

281 1977 420 2003 ramum.

217 2046 358 2080 raebeat
379 2049 414 2079 et
446 2056 621 2079 curarum:
655 2056 716 2079 seu
741 2045 831 2090 quod
858 2046 1037 2081 arboribus
1071 2051 1108 2080 et
1131 2047 1289 2091 virgultis
1316 2048 1465 2083 consitus
1487 2050 1531 2083 sit
1554 2051 1662 2095 locus,

190 2058 439 2136 lierbarumque
466 2091 647 2125 virentium
670 2092 828 2126 ubertate
850 2092 974 2138 passim
989 2093 1250 2127 amoenissimus.
1297 2094 1374 2128 inde
1387 2095 1446 2129 ille
1460 2107 1662 2141 progressus

189 2138 234 2171 ad
251 2138 542 2182 contemplandum
559 2137 651 2171 urbis
665 2138 823 2172 ambitum
838 2163 847 2179 ,
885 2138 965 2172 visis
989 2139 1136 2173 turribus
1149 2139 1184 2173 in
1204 2139 1357 2174 idoneam
1373 2141 1581 2176 altitudinem
1600 2155 1663 2178 ex-

190 2183 428 2227 surgentibus,
451 2191 487 2218 et
514 2183 664 2217 lustratis
687 2195 774 2228 quae
800 2184 960 2219 immensa
985 2185 1214 2230 profunditate
1244 2187 1375 2220 moenia
1408 2188 1662 2224 circumdabant

189 2230 312 2273 fossis,
335 2241 462 2263 summa
488 2228 708 2263 admiratione
725 2230 939 2275 percellitur=
964 2231 1161 2276 praesertim
1177 2242 1260 2265 vero
1283 2243 1358 2266 cum
1382 2234 1556 2269 mulierum
1571 2236 1662 2269 viro-

189 2287 331 2320 rumque
348 2277 483 2310 turbam
504 2275 661 2309 inermem
678 2279 714 2309 et
729 2276 873 2309 otiosam
895 2276 929 2310 in
946 2277 1169 2311 exterioribus
1193 2280 1454 2323 propugnaculis
1470 2285 1562 2315 stare
1579 2294 1662 2316 con-

189 2323 314 2368 spexit.
361 2333 476 2355 eorum
504 2322 591 2355 enim
620 2321 678 2366 qui
701 2322 752 2355 rei
779 2322 921 2356 bellicae
947 2334 1083 2368 operam
1108 2323 1190 2357 dare
1212 2325 1344 2368 solent,
1369 2325 1425 2358 alii
1440 2325 1530 2360 intra
1545 2328 1660 2361 urbem

189 2368 324 2401 moenia
339 2368 542 2409 servabant,
568 2367 624 2401 alii
646 2368 783 2401 stabant
808 2372 905 2402 extra
930 2369 1088 2403 ambitum
1102 2395 1112 2410 ‚
1134 2369 1370 2412 observaturi,
1395 2372 1424 2405 si
1448 2383 1565 2406 manus
1581 2374 1663 2407 Ale—

191 2413 304 2447 manni
319 2413 449 2458 priores
465 2410 696 2449 consererent.
742 2414 827 2447 haec
841 2414 951 2448 omnia
971 2415 1075 2459 igitur
1090 2415 1298 2460 perspiciens
1310 2442 1320 2459 ‚
1343 2418 1547 2462 urbemque,
1571 2420 1663 2464 quod

192 2470 232 2493 re
263 2470 346 2492 vera
370 2464 463 2502 erat,
487 2460 696 2493 abundantia
721 2460 841 2494 virium
865 2471 1001 2495 manere
1026 2461 1286 2507 imperterritam
1300 2487 1310 2503 ‚
1334 2462 1414 2496 inde
1428 2465 1571 2499 recessit
1587 2493 1596 2510 a
1630 2471 1667 2499 et

191 2508 318 2550 ponte,
353 2505 411 2550 qui
438 2505 686 2546 subiacentem,
719 2509 757 2539 ut
782 2506 832 2539 ita
853 2506 980 2545 dicam,
1013 2519 1033 2541 e
1059 2507 1142 2541 mari
1170 2508 1360 2542 confectum
1388 2508 1526 2543 fluvium
1541 2511 1667 2556 iungit,

193 2550 369 2584 confestim
396 2551 559 2594 traiecto,
582 2552 627 2587 Vin
644 2553 823 2586 obversum
837 2552 1003 2597 Byzantio
1018 2553 1264 2599 suburbanum,
1288 2554 1379 2598 quod
1407 2555 1584 2590 Picridium
1600 2569 1663 2591 vo-

193 2600 290 2640 eant,
314 2598 491 2642 profectus
507 2603 571 2632 est.
617 2597 780 2631 eiusmodi
795 2610 878 2633 vero
895 2603 948 2633 est
964 2598 1147 2633 adiacentis
1172 2599 1264 2632 sinus
1282 2600 1401 2635 forma.
1449 2613 1516 2646 qua
1531 2603 1573 2636 ad
1592 2603 1664 2637 Oc-

194 2641 359 2676 cidentem
375 2644 486 2687 vergit
501 2647 623 2688 pontus
638 2643 793 2678 Euxinus
808 2644 844 2678 in
859 2645 1013 2679 dextram
1027 2644 1230 2678 intrantibus
1247 2650 1375 2690 partem
1392 2646 1520 2682 effusus
1537 2650 1665 2694 spatio—

194 2697 267 2720 sum
289 2688 488 2732 Byzantinis
511 2694 644 2735 portum
667 2690 761 2727 facit.
806 2690 929 2725 fluvius
946 2696 1058 2725 autem
1080 2690 1114 2724 in
1131 2690 1358 2735 superioribus
1373 2692 1457 2727 locis
1472 2699 1578 2736 ortus,
1603 2707 1666 2741 per

194 2731 472 2768 circumiacentes
493 2747 630 2781 campos
655 2736 808 2777 effusus,
839 2737 927 2770 haud
952 2736 1070 2782 procul
1093 2737 1260 2779 Byzantio
1285 2737 1328 2771 ad
1353 2743 1474 2784 portus
1499 2746 1603 2786 caput
1630 2741 1664 2774 in

195 2778 338 2813 eundem
351 2780 536 2824 delabitur,
558 2782 690 2827 ipsique
705 2783 866 2817 miscetur
887 2783 944 2817 ubi
961 2793 1047 2828 pons
1063 2786 1256 2816 exstructus
1273 2789 1336 2818 est.

289 2824 342 2858 15.
388 2826 502 2870 Atque
515 2827 601 2862 haec
614 2828 662 2862 ita
675 2840 714 2863 se
729 2829 867 2863 habent.
913 2840 988 2863 cum
1004 2840 1045 2862 eo
1068 2828 1100 2861 in
1125 2828 1200 2862 loco
1221 2833 1309 2863 esset
1325 2829 1523 2873 conradus,
1546 2831 1663 2865 literas

195 2868 240 2903 ad
262 2867 496 2914 imperatorem
517 2873 631 2918 misit,
667 2885 756 2920 quae
779 2874 969 2921 languidum
996 2874 1074 2920 quid
1103 2885 1147 2908 ac
1163 2874 1390 2911 effeminatum
1417 2888 1501 2922 prae
1525 2887 1564 2911 se
1590 2878 1660 2911 fer·
