1878 3262
290 189 391 237 206
737 225 742 230 .
773 186 1001 232 IOANNIS
1033 187 1265 235 CIN‘NAMI

288 300 488 359 ἁμμάτων
497 333 510 353 ,
545 301 746 359 πυρσίζων
776 302 848 356 ’μὲν
869 299 938 345 ἅτε
966 300 1110 360 ῥόδον,
1140 301 1321 359 ’σχήματι
1341 305 1386 349 δὲ
1401 303 1519 365 μήλῳ
1534 322 1748 364 παρεμφε-

289 374 363 429 ρὴς
381 369 573 425 μάλιστα.
641 372 730 428 περὶ
747 370 825 428 γάρ
847 389 909 414 τοι
927 376 1000 414 τοῦ
1018 373 1081 413 ἐπὶ
1101 376 1280 429 κεφαλῆς
1298 372 1449 429 κόσμου
1470 375 1655 432 περιττὸν
1675 376 1747 418 καὶ.

289 438 454 497 φράζειν
481 437 670 494 ἡγοῦμαι.
738 440 809 497 ἐφ’
841 439 1010 498 ἑκάτερα
1041 441 1085 483 δὲ
1112 445 1186 483 τοῦ
1215 443 1361 498 δίφρου
1394 441 1420 498 ἦ
1447 442 1559 494 τάξις
1590 441 1747 498 ἑστήκει

288 508 392 550 κατὰ
423 507 469 549 τὸ
492 506 639 557 εἰωθός
649 539 663 559 ,
707 508 844 564 γένους
872 508 1028 565 ἑκάστῳ
1062 511 1130 551 καὶ
1161 507 1285 564 τύχης
1312 511 1637 566 πρυτανευόντων
1666 511 1742 566 τὴν

283 575 426 634 χώραν
447 580 520 631 τῆς
550 575 740 627 στάσεως.
808 578 859 620 τὰ
888 579 961 631 μὲν
993 577 1044 632 δὴ
1068 582 1141 620 τοῦ
1167 579 1366 632 βασιλέως
1393 580 1434 621 ἐν
1451 578 1608 630 τούτοις
1626 574 1780 636 ἦσαν.5

144 652 174 686 P
199 651 266 686 120
287 645 584 698 Κλιτζιεσθλὰν
610 646 653 687 δὲ
684 644 892 703 ἐπειδήπερ
920 648 976 697 εἷς
1009 646 1158 700 μέσους
1185 650 1393 703 παρῆλθε,
1434 646 1627 702 θάμβους
1653 647 1749 698 ὅλος

287 709 350 770 ἦν.
419 715 486 757 καὶ
511 717 585 756 τοῦ
599 715 799 768 βασιλέως
821 717 1040 769 καθιζῆσαι
1057 720 1199 757 τοῦτον
1216 716 1538 772 προτρεπομένου
1548 747 1561 767 ,
1595 714 1617 758 ὃ
1639 717 1683 758 δὲ
1698 715 1748 758 τὸ

285 785 361 839 μὲν
387 787 547 840 πρῶτον
575 780 820 838 ἰσχυρότατα
848 784 1056 839 ἀπέλεγεν,
1102 781 1157 833 ὥς
1185 784 1228 826 δὲ
1263 783 1318 825 ἔτι
1349 788 1506 838 μᾶλλον
1527 785 1748 840 ἐγκείμενον

286 851 396 908 ἐώρα
420 851 490 893 τὸν
505 851 700 905 βασιλέα,
735 856 919 906 καθῆστο
939 852 1078 893 λοιπὸν
1096 853 1159 893 ἐπὶ
1170 851 1424 906 χαμαιζήλου
1445 852 1551 902 τινὸς
1569 854 1636 894 καὶ
1656 851 1751 907 ἣκι-

286 937 364 965 στα
384 921 446 962 ἐπὶ
462 917 663 975 μετεώρου
694 921 924 977 καθέδρας,
967 920 1019 963 τὰ
1045 919 1179 962 εἷκότα
1207 938 1248 963 τε
1268 921 1388 962 εῗπὼν
1416 922 1483 962 καὶ
1506 919 1682 971 ἀκούσας
1704 921 1746 971 ἐς
1759 932 1804 968 10

164 996 201 1034 V
221 998 268 1033 94
289 990 361 1045 τὴν
404 988 723 1043 ἀποτεταγμένην
762 990 872 1046 αὐτῷ
907 989 948 1031 ἐν
974 991 1157 1045 παλατίῳ
1195 987 1468 1043 ἀπηλλάττετο
1495 987 1748 1045 καταγωγήν.

286 1057 308 1100 ὃ
326 1057 518 1112 βασιλεὺς
549 1057 592 1098 δὲ
617 1061 675 1113 τῷ
701 1061 781 1100 τῶν
808 1056 1095 1112 εὐτυχημάτων
1112 1057 1216 1114 ὄγκῳ
1238 1055 1571 1114 φιλοτιμούμενος
1587 1055 1749 1114 θριάμ-

285 1132 363 1182 βου
381 1128 422 1175 ἐξ
441 1125 565 1178 αὐτῆς
575 1123 830 1181 ἀκροπόλεως
847 1127 910 1167 ἐπὶ
926 1126 996 1168 τὸν
1014 1124 1280 1183 περιλάλητον
1297 1130 1369 1180 τῆς
1387 1130 1460 1167 τοῦ
1475 1130 1578 1168 θεοῦ
1589 1127 1749 1183 Σοφίας

284 1195 383 1238 ναὸν
410 1191 625 1247 ἐποιήσατο
650 1193 724 1247 μὲν
756 1195 1064 1251 ἐμπαρασκευὴν
1095 1194 1163 1251 ἐφ’
1188 1188 1221 1252 ᾦ
1242 1194 1315 1236 σὺν
1343 1195 1476 1251 ἐκείνῳ
1495 1198 1750 1247 πομπεῦσαι·

287 1264 335 1305 οὗ
353 1262 434 1318 μὴν
453 1263 519 1303 καὶ
542 1264 597 1310 εἷς
619 1262 732 1311 τέλος
751 1261 873 1318 ἤγαγε
894 1262 939 1304 τὸ
958 1263 1196 1316 βουλευθέν.
1261 1263 1435 1312 Λουκᾶς
1451 1263 1529 1319 γὰρ
1549 1260 1571 1304 ὃ
1596 1266 1655 1320 τῷ
1671 1279 1747 1317 τη-
1758 1271 1802 1309 15

232 1339 264 1374 Β
288 1331 422 1374 νικάδε
446 1338 529 1380 τοῖς
556 1331 896 1385 ἐκκλησιαστικοῖς
924 1331 1101 1388 ἐφεστὼς
1123 1328 1356 1387 πράγμασιν
1373 1331 1556 1381 ἄντίξους
1573 1335 1624 1387 τῇ
1639 1329 1750 1387 πρά-
1791 1370 1800 1373 ,

282 1404 340 1452 ’ξει
369 1401 542 1456 ἐγένετο,
578 1399 636 1454 μὴ
664 1401 745 1440 δεῖν
772 1398 870 1442 εἶναι
898 1399 1019 1442 εῗπών
1049 1399 1108 1441 δι’
1141 1401 1316 1441 ἐπίπλων
1347 1400 1471 1441 θείων
1499 1401 1566 1441 καὶ
1585 1397 1749 1452 κόσμων

282 1470 401 1526 ἱερῶν
431 1467 582 1524 ἄνδρας
618 1469 791 1510 ὁιελθεΐν
821 1469 999 1522 ἀσεβεῖς·
1034 1467 1123 1510 τότε
1147 1469 1190 1510 δὲ
1215 1469 1283 1509 καὶ
1304 1467 1403 1509 ἄλλο
1423 1485 1462 1510 τι
1479 1473 1749 1524 παρεμπεσεῖν

280 1538 481 1594 προσέστη
502 1539 559 1592 τῷ
575 1535 794 1592 πράγματι,
863 1537 996 1591 ἐπειδὴ
1013 1536 1091 1593 γὰρ
1112 1535 1253 1593 πόρρω
1272 1540 1352 1578 τῶν
1370 1540 1523 1578 νυκτῶν
1539 1531 1602 1590 ἦν,
1637 1535 1748 1585 ἐξαί-

281 1604 368 1656 σιός
400 1622 460 1654 τις
486 1604 674 1660 βρασμὸς
701 1602 856 1661 ἀθρόον
890 1603 1075 1659 ἐκλόνησε
1105 1604 1179 1660 τὴν
1197 1608 1285 1660 γῆν.
1352 1602 1566 1655 Βυζάντιοι
1583 1604 1656 1658 μὲν
1675 1598 1809 1654 οὗν20

281 1676 464 1716 ἐνταῦθα
481 1672 555 1722 τὰς
575 1674 729 1715 Λουκιῖ
746 1674 998 1730 παραινέσεις
1017 1675 1183 1728 ἐκβῆναι
1209 1671 1382 1726 οἰόμενοι
1405 1671 1483 1713 ἄπο
1502 1670 1664 1727 γνώμης
1689 1670 1750 1714 εἷ·-

280 1760 348 1785 ναι
375 1746 463 1799 θεῷ
493 1741 565 1796 τὴν
599 1743 818 1797 ἐγχείρησιν
845 1741 1036 1798 ἔφασκον.
1103 1739 1306 1796 πεφύκασι
1337 1740 1414 1797 γὰρ
1434 1739 1646 1796 ἄνθρωποι
1663 1746 1748 1791 τοῖς

280 1815 481 1868 παροῦσιν
500 1811 543 1851 ἐκ
563 1814 636 1852 τοῦ
663 1811 725 1851 ἐπὶ
743 1813 928 1852 πλεῖστον
958 1810 1221 1866 προσέχοντες
1239 1812 1586 1865 πολυπραγμονεῖν
1602 1825 1746 1866 περαι-

371 1919 407 1954 3.
430 1914 498 1964 ἐφ’
520 1914 698 1963 ἑκάτερα]
722 1915 808 1952 eod.
832 1913 906 1962 ἀφ’
924 1914 1091 1962 ἑκάτερα.
1118 1916 1202 1951 illud
1217 1916 1305 1952 Duc.

284 2009 524 2055 expressisset.
571 2019 592 2042 a
620 2008 708 2043 collo
735 2019 843 2053 usque
867 2006 911 2044 ad
932 2011 1051 2054 pectus
1067 2007 1206 2042 eximius
1227 2011 1262 2042 et
1275 2006 1504 2052 magnitudine
1514 2008 1550 2041 et
1563 2005 1678 2041 colore
1691 2006 1745 2042 la-

284 2057 337 2103 pis
354 2056 462 2090 aureis
478 2054 640 2089 catenulis
654 2055 869 2100 dependebat
879 2081 891 2098 ‚
920 2066 1019 2089 rosae
1041 2054 1147 2088 instar
1162 2054 1364 2088 rubicundus
1374 2080 1386 2097 ‚
1408 2054 1515 2087 forma
1529 2058 1639 2086 autem
1654 2053 1743 2087 malo

264 2107 447 2148 ⁴perquam
474 2101 598 2135 similis.
646 2107 794 2135 ceterum
818 2101 862 2135 de
884 2101 1005 2145 capitis
1024 2100 1228 2134 ornamentis
1251 2111 1496 2146 supervacuum
1521 2099 1667 2133 arbitror
1687 2097 1744 2131 di-

286 2159 377 2182 cere.
426 2147 469 2180 ab
486 2152 629 2191 utraque
651 2158 734 2186 vero
750 2146 854 2180 sellae
877 2150 974 2192 parte
998 2147 1114 2180 stabat
1128 2151 1285 2188 senatus,
1309 2146 1359 2180 uti
1374 2145 1476 2179 moris
1491 2151 1563 2184 est,
1587 2154 1744 2188 unoquo-

286 2204 352 2238 que
367 2204 428 2238 pro
444 2193 577 2236 generis
602 2195 637 2226 et
652 2192 824 2236 dignitatis
848 2192 980 2227 ratione
1002 2192 1110 2226 locum
1126 2193 1308 2227 obtinente.
1354 2190 1517 2225 eiusmodi
1529 2189 1664 2234 quidem
1678 2200 1743 2235 ap-

285 2245 424 2285 paratus
450 2243 526 2272 erat
545 2238 768 2282 imperatoris.
825 2238 1058 2273 Clitziesthlan
1084 2250 1165 2272 vero
1192 2249 1266 2272 cum
1283 2237 1324 2271 ad
1347 2236 1472 2271 medios
1487 2235 1620 2268 ordines
1635 2246 1745 2280 usque

285 2284 511 2331 pervenisset,
533 2287 626 2317 totus
643 2289 695 2317 est
709 2284 741 2317 in
757 2287 928 2328 stuporem
943 2295 1074 2319 versus.
1105 2284 1258 2329 principe
1276 2283 1368 2317 illum
1384 2287 1421 2315 ut
1435 2281 1572 2315 sederet
1585 2286 1742 2325 rogante,

284 2331 392 2376 primo
409 2330 541 2375 quidem
564 2329 770 2374 pertinacius
795 2330 918 2363 renuit.
962 2330 1041 2364 inde
1056 2330 1112 2364 ubi
1127 2330 1232 2374 magis
1245 2329 1370 2362 instare
1390 2327 1478 2361 vidit
1490 2326 1741 2372 imperatorem,

282 2376 372 2410 sedit
387 2375 520 2410 tandem
538 2375 650 2409 humili
665 2380 698 2408 et
714 2374 878 2408 minimum
899 2375 1031 2409 elevata
1048 2376 1139 2410 sede.
1175 2385 1327 2408 sermone
1342 2372 1463 2407 deinde
1480 2372 1568 2406 ultro
1584 2373 1742 2418 citroque

281 2422 417 2464 habito,
450 2421 495 2456 ad
524 2425 680 2466 paratum
703 2421 767 2454 sibi
789 2421 823 2454 in
847 2421 971 2465 palatio
996 2422 1172 2467 hospitium
1199 2419 1376 2454 concessit.
1421 2418 1607 2462 imperator
1628 2430 1745 2455 rerum

308 2479 522 2512 rosperarum
548 2466 775 2511 magnitudine
802 2466 931 2508 elatus,
955 2466 1158 2512 triumphum
1173 2467 1216 2501 ab
1232 2466 1304 2511 ipsa
1330 2464 1480 2510 acropoli
1503 2474 1608 2508 usque
1622 2464 1667 2498 ad
1681 2476 1741 2499 ce-

280 2478 495 2547 stherriinum
510 2513 643 2547 divinae
665 2511 860 2558 Sapientiae
880 2512 1041 2557 templum
1065 2516 1309 2558 apparaverat,
1340 2522 1406 2555 quo
1424 2521 1489 2544 una
1505 2522 1579 2543 cum
1595 2509 1740 2544 Sultauo

281 2559 494 2604 procederet.
540 2559 598 2592 sed
615 2558 706 2603 quod
721 2558 910 2592 intenderat
925 2569 992 2592 non
1009 2559 1169 2592 confecit.
1214 2558 1325 2591 Lucas
1339 2556 1442 2598 enim,
1466 2556 1524 2600 qui
1548 2560 1630 2590 tunc
1652 2559 1743 2590 tem-
1786 2568 1789 2572 ’

280 2604 372 2649 poris
394 2605 495 2637 rebus
518 2604 758 2638 ecclesiasticis
783 2608 957 2649 praeerat,
1001 2604 1079 2638 huic
1102 2603 1240 2638 consilio
1269 2602 1416 2643 obstitit,
1450 2613 1516 2635 non
1540 2601 1662 2636 decere
1685 2602 1742 2636 in-

281 2649 399 2694 quiens
416 2649 503 2682 inter
518 2649 662 2684 divinam
677 2650 916 2695 supellectilem
933 2655 970 2684 et
981 2661 1078 2685 sacra
1094 2653 1284 2684 ornamenta
1296 2647 1430 2693 impium
1446 2647 1610 2682 hominem
1624 2651 1741 2682 trans-

280 2694 341 2729 ire.
388 2694 473 2729 alius
496 2701 675 2739 praeterea
700 2707 797 2729 casus
819 2707 889 2730 rem
913 2696 1077 2741 impediit.
1123 2695 1246 2740 quippe
1269 2693 1432 2738 profunda
1455 2693 1521 2727 iam
1535 2698 1636 2727 noete
1650 2693 1738 2728 vali-

281 2741 355 2775 dior
369 2740 532 2786 quaedam
546 2741 683 2784 agitatio
701 2745 805 2774 totam
818 2746 959 2787 repente
972 2746 1096 2775 terram
1108 2740 1288 2775 concussit.
1329 2739 1417 2773 unde
1431 2739 1609 2783 Byzantini
1622 2739 1743 2774 Lucae

280 2787 409 2821 monita
423 2797 506 2820 vera
522 2797 597 2820 esse
611 2786 695 2828 rati,
730 2786 794 2820 deo
811 2787 901 2821 haud
920 2787 1053 2832 placere
1069 2786 1230 2820 eiusmodi
1245 2784 1415 2819 consilium
1431 2785 1578 2820 aiebant.
1625 2785 1745 2822 solent

282 2833 370 2868 enim
383 2831 534 2879 homines
559 2835 600 2867 ut
621 2831 796 2878 plurimum
820 2832 998 2869 attendere
1023 2831 1216 2879 praesentia
1238 2830 1445 2878 ulteriusque
1458 2830 1734 2877 nihilinquirere.
