1878 3262
251 201 346 247 130
673 196 979 241 NICEPHORI
1013 197 1277 242 BRYENNII

248 322 360 367 λεως,
382 314 428 357 τὸ
440 310 724 356 Μακεδονικὸν
743 313 809 355 καὶ
825 310 1027 372 Θρακικὸν
1045 308 1275 369 στράτευμα
1289 309 1577 367 συλλεξάμενος
1591 309 1696 366 ὅλον,

248 381 490 439 ἐπαγόμενος
513 383 579 423 καὶ
600 378 864 436 συμμάχους,
899 379 1059 438 ἐξώρμα
1088 380 1188 437 πρὸς
1218 380 1264 422 τὸ
1294 381 1526 433 Βυζάντιον.
1595 380 1699 423 ἀλλὰ

248 451 399 506 μαθὼν
430 449 452 492 ὃ
485 448 757 504 Βοτανειάτης
784 451 850 492 καὶ
883 451 1018 499 δείσας
1048 449 1106 504 μὴ
1135 448 1237 503 μετὰ
1267 448 1464 504 τοσαύτης
1493 447 1698 503 δυνάμεως

248 517 477 574 πλησιάσας
505 522 555 575 τῇ
581 516 692 562 πόλει
722 519 896 561 ἐκπεσεῖν
927 517 1048 560 αὐτὸν
1073 515 1367 574 παρασκευάσει
1397 522 1468 571 τῆς
1492 519 1699 572 βασιλείας

248 588 327 645 πρὸ
358 592 431 630 τοῦ
459 585 608 642 ταύτην
639 587 780 641 σχεδὸν
810 588 1090 644 ἔνιδρυνθῆναι
1102 617 1116 638 ,
1158 586 1256 636 τέως
1275 586 1348 640 μὲν
1371 587 1553 642 πρέσβεις
1574 585 1732 632 ἕδόκειὸ

248 657 415 710 πέμπειν
441 655 543 712 πρὸς
568 657 714 697 ἐκεῖνον
736 654 830 705 τοὺς
851 656 939 711 περὶ
965 656 1191 710 διαλλαγῶν
1213 656 1279 696 καὶ
1300 652 1535 707 ξυμβάσεων
1557 652 1698 709 ὁμιλή-

198 734 228 768 Β
253 740 419 776 σοντας,
467 722 551 766 εἶτα
584 718 653 766 τὸν
682 722 894 778 Κομνηνὸν
916 722 1089 772 Ἀλέξων
1121 723 1413 777 υἱοθετηθέντα
1441 726 1492 778 τῇ
1522 724 1699 776 βασιλίδι

250 795 403 852 Πῖῐαρίᾳ
429 793 661 846 δομέστικον
690 795 771 833 τῶν
801 794 956 845 σχολῶν
984 791 1197 841 ἀποδείξας
1226 796 1298 846 τῆς
1321 789 1471 840 δύσεως
1496 791 1700 847 ηὗτρέπιζε
1733 815 1736 818 ’

248 862 414 915 πέμπειν
434 861 534 917 πρὸς
566 857 888 916 ἀντιπαράταξιν.
957 858 1256 916 στρατεύματος
1287 859 1329 900 δ’
1363 859 1526 916 ἀπορῶν
1556 860 1699 901 οἷκειόυ

249 930 481 982 διεπέμπετο
510 927 611 985 πρὸς
640 928 735 977 τοὺς
766 932 845 970 τῶν
874 926 1068 984 Τοῦρκων
1101 926 1342 984 ἐξάρχοντας
1371 928 1413 969 ἕν
1444 929 1596 986 Νικαίᾳ
1629 932 1701 981 τῆς
1714 934 1757 969 10

246 998 449 1046 Βιθυνίας
470 997 768 1053 διατρίβοντας·
802 995 929 1050 ἤστην
950 997 994 1038 δὲ
1012 994 1142 1038 τούτω
1164 996 1347 1052 Μασοὺρ
1370 998 1437 1037 καὶ
1456 995 1646 1049 Σολυμὰν
1663 996 1701 1037 οἳ

245 1070 318 1107 τοῦ
342 1067 631 1117 Κουτλουμοῧς
653 1066 804 1114 παῖδες.
863 1065 930 1105 καὶ
954 1064 1098 1106 αὐτίκα
1120 1065 1258 1106 ε’κεῖνοι
1279 1061 1517 1118 συμμάχους
1537 1064 1701 1118 ἕξέπεμᾳ

245 1150 321 1174 πον
355 1133 427 1174 οὐκ
450 1130 665 1180 ἐλάττονας
687 1132 889 1185 δισχιλίων
911 1134 978 1173 καὶ
1002 1133 1105 1174 κατὰ
1128 1131 1256 1182 πόδας
1276 1130 1434 1188 ἑτέρους
1456 1132 1701 1186 ηὗτρέπιζον.

245 1199 367 1254 μήπω
398 1201 441 1241 δὲ
468 1204 548 1240 τῶν
580 1197 805 1253 συμμάχων
829 1198 1079 1257 φθασάντων
1103 1198 1232 1242 ἐδόκει
1265 1200 1358 1249 τοὺς
1381 1200 1566 1257 πρέσβεις
1587 1201 1701 1242 ἀπιέ-

243 1287 333 1321 ναι,
380 1269 446 1310 καὶ
478 1268 698 1321 ἐπέμποντο
728 1267 749 1309 ὅ
773 1285 814 1310 τε
837 1266 1154 1326 Χοιροσφάκτης
1177 1270 1479 1318 Κωνσταντῖνος
1501 1270 1557 1318 εἷς
1579 1269 1699 1325 προέ-
1712 1274 1755 1309 15

245 1339 367 1394 δρους
389 1334 477 1378 τότε
501 1339 648 1387 τελιῖίν,
685 1336 785 1392 ἀνὴρ
812 1335 1001 1391 νουνεχής
1029 1354 1069 1379 τε
1095 1338 1163 1378 καὶ
1193 1335 1325 1392 λόγιος
1358 1338 1424 1378 καὶ
1447 1340 1544 1379 πᾶσι
1566 1341 1700 1391 κομῶν

244 1412 328 1454 τοῖς
362 1407 499 1454 καλοῖς
531 1401 662 1446 ὁπόσα
685 1403 887 1446 πολιτικὸν
913 1403 1042 1461 ἄνδρα
1064 1409 1280 1458 κοσμοῦσι,
1316 1406 1382 1446 καὶ
1406 1403 1427 1446 ὃ
1452 1407 1700 1462 Στραβορωψ-

197 1481 226 1515 C
248 1471 397 1527 μανός,
445 1471 490 1521 ὃς
523 1473 566 1514 ἔκ
586 1470 877 1522 Πενταπόλεως
903 1470 1065 1530 ὥρμητο
1093 1477 1164 1527 τῆς
1195 1474 1395 1530 Φρυγίας,
1443 1473 1543 1529 ἀνὴρ
1576 1473 1701 1524 δεινὸς

215 1591 222 1596 x
246 1543 312 1583 καὶ
335 1538 603 1597 δραστήριος,
648 1540 693 1582 τὸ
722 1541 833 1596 γένος
863 1540 1037 1583 ἀνέλκων
1068 1543 1123 1591 εἷς
1153 1540 1322 1591 τούτους
1343 1542 1409 1582 καὶ
1433 1541 1622 1597 συγγενὴς
1644 1540 1699 1583 ὢν

243 1614 303 1667 τῷ
325 1612 490 1663 βασιλεῖ
503 1606 742 1667 Νικηφόρῳ.
811 1607 1054 1659 ἀπελθόντες
1075 1604 1145 1651 οὖν
1165 1607 1442 1665 ἐντυγχάνουσι
1464 1613 1522 1667 τῷ
1545 1612 1698 1666 Βρυεν-
1710 1613 1755 1648 20

244 1679 315 1734 νίῳ
349 1678 438 1733 περὶ
467 1676 540 1731 τὴν
578 1675 910 1734 Θεοδωρούπολιν
939 1677 1011 1732 τὴν
1044 1676 1234 1734 φάλαγγα
1267 1676 1430 1729 τάξαντι
1464 1679 1529 1719 καὶ
1566 1676 1698 1732 βάδην

243 1746 510 1803 πορευομένῳ.
579 1744 636 1787 ἔτι
654 1746 697 1787 δὲ
719 1743 856 1802 πόρρω
875 1744 984 1795 ὄντες
1006 1748 1073 1787 καὶ
1091 1746 1164 1795 τὰς
1181 1744 1310 1796 τάξεις
1325 1745 1522 1800 θεώμενοι
1543 1747 1610 1787 καὶ
1626 1746 1699 1800 τὴν

245 1813 434 1870 φάλαγγα
467 1814 644 1867 κοσμίως
673 1814 984 1869 συντεταγμένην
1014 1812 1246 1869 ἐθαύμαζόν
1275 1831 1316 1857 τε
1348 1814 1394 1857 τὸ
1420 1817 1579 1869 πλῆθος
1595 1812 1699 1868 ὁμοῦ

336 1920 370 1953 6.
395 1914 662 1963 ὁμιλήσοντας]
686 1916 730 1952 V.
756 1914 1013 1962 ὁμιλήσαντας.

245 2008 331 2042 omni
358 2010 566 2053 congregato
591 2007 759 2050 exercitu,
802 2007 968 2042 adiunctis
987 2007 1120 2043 auxiliis
1143 2009 1308 2043 sociorum
1332 2009 1488 2043 infestum
1513 2011 1694 2045 exercitum

244 2055 405 2088 adversus
421 2055 537 2088 urbem
553 2053 880 2098 Constantinopolim
894 2055 1064 2089 movebat.
1110 2055 1199 2100 quod
1217 2055 1355 2089 audiens
1371 2056 1566 2090 Botaniates
1581 2062 1616 2091 et
1628 2068 1694 2090 non

243 2100 316 2133 sine
333 2111 433 2133 causa
450 2100 601 2142 veritus,
620 2110 662 2132 ne
674 2125 684 2142 ‚
715 2099 744 2134 si
760 2110 834 2133 cum
850 2104 944 2134 tanto
962 2100 1111 2134 exercitu
1127 2101 1181 2134 vir
1195 2101 1272 2134 talis
1285 2111 1322 2135 se
1337 2101 1465 2135 civitati
1480 2102 1694 2145 admovisset,

244 2149 436 2179 nascentem
466 2156 560 2178 suam
590 2148 626 2178 et
648 2144 734 2178 male
747 2145 857 2180 adhuc
871 2145 981 2179 nixam
996 2145 1177 2191 potentiam
1192 2151 1380 2181 everteret:
1409 2148 1546 2193 primum
1561 2147 1695 2192 quidem

244 2196 284 2225 ut
299 2202 375 2225 eum
388 2190 556 2234 tantisper
572 2196 775 2234 moraretur,
801 2191 932 2235 legatos
953 2191 1088 2226 mittere
1109 2191 1283 2226 constituit
1301 2193 1357 2237 qui
1372 2193 1576 2227 conditiones
1601 2193 1697 2237 pacis

247 2237 411 2277 offerrent
422 2263 432 2278 ‚
457 2235 577 2269 deinde
593 2235 798 2270 Comnenum
812 2236 965 2270 Alexium
978 2238 1154 2282 Augustae
1169 2238 1301 2271 Mariae
1315 2238 1510 2283 adoptatum
1525 2243 1561 2272 et
1576 2237 1692 2272 dome-

244 2282 363 2316 sticum
381 2282 567 2315 scholarum
584 2281 778 2315 Occidentis
796 2282 1002 2317 declaratum
1015 2283 1180 2318 instruere
1195 2283 1298 2328 copiis
1313 2287 1349 2318 et
1363 2284 1512 2318 exercitu
1528 2283 1691 2326 decrevit,

245 2338 310 2372 quo
337 2327 365 2361 is
392 2327 512 2361 bellum
533 2327 568 2374 in
590 2338 665 2361 eum
692 2327 952 2362 administraret.
1000 2340 1114 2363 verum
1139 2329 1184 2362 ad
1207 2330 1270 2362 hoc
1293 2340 1367 2363 cum
1382 2330 1536 2363 deessent
1550 2330 1713 2364 Romani

244 2373 383 2413 milites,
426 2373 527 2406 mittit
551 2372 594 2406 ad
616 2372 803 2407 Turcorum
825 2374 995 2419 principes
1017 2374 1106 2420 apud
1129 2374 1290 2409 Nicaeam
1313 2375 1490 2419 Bithyniae
1517 2375 1693 2419 degentes.

244 2423 339 2452 erant
354 2418 513 2453 hiantem
528 2417 686 2452 Masurus
709 2423 743 2452 et
763 2419 946 2463 Solyman‚
979 2420 1165 2454 Cutlumusi
1188 2420 1265 2453 filii:
1298 2420 1356 2465 qui
1377 2420 1486 2454 statim
1510 2421 1693 2455 auxiliares

244 2464 359 2508 copias
382 2464 542 2498 miserunt
565 2464 664 2497 duum
675 2464 810 2497 'millium
830 2465 1018 2499 Turcorum
1034 2470 1070 2499 et
1085 2465 1198 2510 plures
1214 2466 1370 2500 continuo
1383 2466 1559 2510 parabant.
1605 2478 1691 2501 non-

245 2508 322 2542 dum
348 2519 447 2554 porro
475 2509 623 2554 appulsis
647 2510 852 2555 exspectatis
878 2511 1030 2553 auxiliis,
1063 2511 1168 2544 visum
1191 2517 1244 2545 est
1255 2511 1389 2554 legatos
1404 2511 1573 2556 proficisci
1588 2523 1689 2558 opor-

242 2557 328 2587 tere.
376 2555 472 2588 Missi
489 2559 566 2588 sunt
582 2555 872 2600 Choerosphactes
891 2557 1149 2598 Constantinus,
1183 2568 1202 2590 e
1216 2555 1454 2601 prohedrorum
1472 2557 1543 2591 sive
1561 2558 1690 2602 praesi-

241 2598 386 2632 dentium
402 2600 540 2643 ordine,
571 2600 622 2634 vir
648 2601 797 2646 prudens
821 2606 856 2635 et
881 2603 1056 2636 multarum
1081 2602 1200 2636 artium
1222 2601 1412 2646 cunctisque
1432 2602 1471 2635 iis
1486 2602 1622 2637 dotibus
1635 2603 1688 2638 in-

241 2644 346 2688 signis
361 2646 448 2688 quae
462 2645 568 2678 virum
584 2646 754 2690 politicum
777 2647 970 2690 absolvunt,
1002 2653 1037 2682 et
1051 2659 1124 2682 cum
1140 2659 1180 2682 eo
1196 2647 1476 2682 Straboromanus
1492 2649 1652 2683 oriundus
1668 2660 1688 2682 e

240 2689 419 2734 Pentapoli
434 2690 623 2735 Phrygiae,
652 2692 750 2726 homo
778 2703 857 2726 acer
879 2697 913 2727 et
937 2693 1141 2737 industrius,
1171 2692 1434 2735 consanguineus
1453 2694 1557 2739 ipsius
1581 2694 1683 2729 Nice·

239 2735 338 2779 phori
352 2735 508 2778 Augusti.
555 2736 586 2769 hi
610 2738 753 2780 profecti
767 2738 940 2781 Bryennio
965 2743 1142 2773 occurrunt
1166 2738 1256 2771 circa
1272 2737 1557 2784 Theodoropolim
1582 2739 1687 2773 aciem

238 2781 433 2814 instructam
449 2780 583 2814 ducenti
596 2781 687 2815 lento
703 2788 737 2816 et
751 2783 884 2817 militari
898 2794 1012 2828 passu.
1046 2795 1133 2828 quae
1148 2793 1219 2816 cum
1237 2794 1280 2816 ex
1294 2784 1483 2830 propinquo
1501 2790 1686 2827 cernerent,

239 2837 407 2862 numerum
431 2830 467 2861 et
490 2826 637 2862 ordinem
661 2827 931 2874 disciplinamque
955 2828 1162 2866 mirabantur
1184 2827 1370 2876 ducemque
1382 2831 1478 2866 taciti
1493 2831 1684 2866 laudabant.
