1878 3262
615 186 803 229 INDEX
837 186 1192 231 HISTORICUS.

215 305 291 328 nam
317 294 443 328 fontem
471 293 550 339 156,
567 294 621 329 12.
669 294 741 327 eius
765 294 887 328 milites

216 351 260 374 ex
282 340 392 374 Alexii
416 340 537 373 castris
558 339 766 385 prodeuntes
781 341 889 385 fugati

215 390 252 420 et
267 386 360 431 capti
380 386 456 424 154,
473 385 506 421 4.

168 431 375 476 Bas-uacus,
401 443 500 477 quem
517 443 667 467 errorem
683 431 887 466 commiserit

135 527 140 532 ”
166 523 311 558 Basilius
334 522 489 558 Curtices
511 523 704 557 ManuElem
719 523 886 557 Basilacis

215 570 402 614 patruelem
418 569 510 614 capit
531 569 605 612 154,
622 570 656 603 9.

164 615 254 650 Belli
287 616 515 649 Romanorum
538 615 574 649 in
599 615 735 649 'rurcos
760 615 884 660 princi-

213 661 303 706 pium
319 662 376 703 30,
395 663 448 696 17.

164 707 342 741 Bet-rhoea
362 709 436 749 148,
455 708 509 741 18.

165 753 327 796 Bithynia
342 754 399 790 33.
418 753 471 787 19.
495 751 552 794 43,
572 753 626 788 12.
653 754 730 794 118,
746 753 779 787 8.

164 799 280 879 Βοτὲει
313 803 474 834 excaecat
502 797 709 843 Bryennium
747 800 881 843 captum

212 847 229 879 1
256 847 290 887 7,
306 846 340 880 9.

163 891 338 935 Bosporus
354 891 409 931 26,
426 891 458 927 3.

163 937 365 970 Botaniates
392 936 425 970 in
449 937 529 982 imp.
551 936 751 971 Michaelem
766 935 879 980 ingra-

211 987 266 1016 tus
282 983 315 1023 5,
332 985 389 1016 10.
424 982 512 1016 illius
527 982 666 1016 rebellio
683 982 717 1022 5,
736 981 790 1016 15.
837 981 878 1015 il-

209 1029 272 1062 lius
288 1028 427 1062 ministri
447 1029 578 1062 frustra
593 1028 734 1065 delinire
755 1038 878 1061 conan-

210 1079 267 1108 tur
281 1074 432 1108 Alexium
448 1076 482 1115 8,
501 1077 553 1110 10.
602 1085 663 1107 cur
687 1073 826 1107 Alexius
847 1073 879 1107 ei

211 1125 246 1154 et
272 1121 344 1153 eius
367 1120 526 1154 ministris
551 1119 679 1153 invisus
703 1120 735 1158 9,
751 1120 784 1153 2.
834 1120 878 1153 de

209 1165 366 1200 eruendis
390 1165 495 1200 oculis
513 1165 633 1199 Alexio
649 1165 778 1207 cogitat
793 1166 827 1208 9,
845 1166 877 1199 4.

207 1211 305 1245 bellis
335 1223 410 1246 eum
442 1211 639 1245 difficilibus
661 1210 818 1255 praeficit
842 1216 880 1244 ut

206 1258 330 1303 perdat
345 1259 378 1299 9,
399 1258 449 1291 13.
497 1257 549 1291 ius
572 1257 683 1290 Alexii
705 1257 747 1289 ud
773 1257 877 1301 impe—

207 1304 292 1337 rium
309 1303 463 1346 agnoscit
481 1304 533 1342 12,
548 1304 603 1337 11.
637 1302 783 1336 rebellat
800 1304 878 1346 117,

211 1351 266 1385 13.
293 1349 484 1382 Turcorum
500 1348 640 1383 insidias
659 1348 741 1382 vitat
758 1350 834 1390 119,
844 1350 878 1384 2.

206 1407 228 1430 a
253 1395 447 1439 quibusnam
471 1394 655 1440 imperator
673 1394 879 1429 acclametur

210 1442 288 1482 120,
307 1441 338 1474 5.
385 1441 519 1474 Turcos
535 1441 677 1484 pecunia
694 1441 880 1486 corrumpit

211 1490 290 1531 120,
299 1488 356 1522 22.
381 1487 416 1520 in
429 1486 586 1532 palatium
597 1486 786 1520 admittitur
799 1487 878 1531 125,

207 1534 263 1569 19.
288 1532 369 1577 quid
385 1532 530 1566 suadeat
546 1532 577 1566 ei
590 1532 720 1566 Caesar
735 1533 875 1574 126,15.

204 1578 379 1624 parandae
401 1579 465 1613 sibi
484 1578 603 1624 populi
619 1578 879 1613 benevolentiae

204 1624 322 1659 studet
339 1626 416 1665 128,
431 1626 464 1659 6.
511 1625 546 1658 in
563 1636 637 1658 eum
655 1630 772 1658 movet
787 1625 876 1669 Bry-

204 1671 337 1704 enniusf
352 1671 429 1714 129,
445 1671 500 1705 21.
550 1680 650 1715 quam
663 1670 828 1704 iucundus
843 1670 876 1704 ei

202 1717 309 1750 fuerit
334 1717 427 1762 capti
452 1716 616 1762 Bryennii
642 1716 778 1751 nuntius
797 1717 875 1759 146,

157 1807 342 1842 Boulerum
360 1807 438 1847 148,
456 1809 512 1843 11.

158 1854 349 1898 Bryennius
372 1853 498 1887 bellum
519 1864 643 1897 gerens
662 1853 697 1887 in
711 1853 874 1888 Botania-

203 1905 271 1933 tem
282 1925 293 1941 ‚
317 1911 337 1933 a
354 1911 421 1944 quo
437 1899 594 1933 vincatur
608 1900 643 1941 9,
655 1900 710 1934 23.
745 1900 874 1933 cladem

203 1945 359 1980 Basilacii
390 1945 517 1991 primus
549 1944 648 1978 discit
673 1946 729 1987 37,
751 1947 807 1980 20.
853 1956 874 1979 a

204 1992 330 2026 Turcis
346 1991 594 2025 circumventus
610 1991 806 2024 vulneratur
816 1990 873 2034 40,

207 2039 240 2072 1.
272 2038 474 2082 phalangem
489 2042 606 2071 servat
620 2037 703 2071 licet
719 2038 873 2071 vulnera-

203 2088 258 2116 tus
280 2084 337 2126 40,
362 2084 395 2118 3.
443 2083 566 2117 slavos
595 2083 711 2116 domat
739 2084 812 2121 102,
838 2084 872 2118 8.

202 2129 392 2163 malevolae
426 2129 460 2162 in
498 2140 573 2162 eum
610 2128 873 2162 obtrectationes

202 2176 284 2217 103,
301 2176 354 2210 19.
401 2175 473 2209 eius
488 2175 596 2209 frater
610 2174 755 2220 speratis
771 2186 872 2219 prae-

202 2221 275 2254 miis
302 2222 483 2255 frustratus
504 2224 689 2254 murmurat
714 2221 790 2261 104,
815 2222 868 2255 14.

201 2267 343 2301 sicarius
366 2267 415 2300 illi
440 2266 620 2301 submissus
645 2266 869 2311 deprehendi-

201 2318 258 2346 tur
276 2313 351 2354 105,
364 2314 418 2347 14.
455 2313 526 2346 eius
540 2313 648 2346 frat-er
663 2312 696 2345 in
711 2312 869 2346 rebellio-

201 2370 278 2393 nem
293 2363 435 2392 conatur
446 2358 618 2403 implicare
628 2357 779 2391 Alexium
794 2359 867 2402 108,

202 2405 260 2441 16.
284 2404 359 2449 quis
371 2404 404 2438 in
420 2404 491 2438 eius
503 2408 781 2449 partestranseat
792 2405 867 2447 108,

204 2452 260 2486 18.
298 2450 373 2495 quis
390 2450 435 2484 ad
449 2461 522 2484 eum
540 2449 737 2495 capiendum
752 2449 868 2483 mitta-

203 2502 259 2531 tur
277 2498 353 2539 109,
368 2497 421 2531 13.
468 2496 610 2540 insignia
625 2495 754 2539 imperii
768 2507 868 2530 recu-

201 2546 258 2576 sat
282 2545 359 2586 110,
379 2542 431 2578 15.
477 2541 769 2586 Traianopolitani
792 2553 868 2576 eum

200 2587 411 2632 proclamant
446 2587 684 2632 imperatorem
727 2588 804 2630 113,
834 2589 868 2623 2.

199 2633 336 2667 tandem
361 2645 544 2679 purpuram
568 2634 690 2676 sumit,
711 2637 746 2667 et
771 2638 868 2667 recta

201 2679 246 2712 ad
261 2680 420 2724 templum
431 2680 601 2724 Deiparae
612 2679 709 2714 vadit
723 2680 801 2722 113,
816 2679 868 2715 14.

155 2724 336 2770 Byzantini
351 2727 444 2771 prius
454 2727 487 2760 in
494 2726 699 2770 Bryennium
708 2726 870 2770 propensi

146 2793 150 2795 -
199 2770 388 2806 alienantur
403 2773 445 2806 ab
460 2772 518 2806 illo
534 2772 611 2813 114,
626 2774 677 2808 17.
725 2772 868 2806 Ioannes

201 2817 396 2861 curopalate
411 2818 455 2852 ab
470 2830 512 2853 eo
537 2829 655 2853 versus
671 2818 869 2851 Constanti-

202 2863 347 2908 nopolim
368 2864 492 2899 >missus
516 2864 597 2908 114,
619 2867 676 2901 11.
724 2864 871 2910 Scythas

1551 190 1650 235 235

978 295 1079 339 sugat
1095 299 1131 329 et
1145 307 1223 330 mox
1239 306 1315 330 cum
1332 294 1398 331 illis
1423 308 1541 343 pacem
1559 309 1649 332 com—

979 342 1076 387 ponit
1094 343 1171 385 117,
1185 343 1218 376 5.
1252 343 1287 376 in
1304 343 1517 378 Botaniatem
1533 349 1651 378 movet

979 388 1058 432 129,
1070 388 1127 422 21.
1175 388 1219 422 ad
1235 400 1273 422 se
1288 389 1490 433 legationem
1506 394 1601 424 stans
1614 390 1650 425 in

979 433 1052 467 acie
1068 434 1163 468 audit
1180 435 1258 476 131,
1272 436 1304 470 7.
1351 435 1433 480 quid
1459 435 1649 480 legatorum

978 479 1094 512 verbis
1116 481 1324 525 respondeat
1345 483 1422 525 133,
1438 481 1459 516 5
1520 482 1555 516 in
1571 482 1650 516 Ale-

978 525 1070 558 xium
1087 532 1221 568 movet,
1242 531 1279 560 et
1295 527 1369 572 quis
1384 527 1468 560 ordo
1483 527 1572 561 illius
1587 540 1650 563 ex-

977 571 1102 605 ercitus
1135 572 1212 613 135,
1234 574 1286 607 14.
1334 573 1407 607 eius
1435 574 1651 617 generositas

975 617 1011 650 in
1041 617 1176 653 Turcos
1209 618 1286 661 141,
1306 621 1359 654 12.
1406 619 1498 664 fugit
1525 620 1651 654 Turcis

974 663 1180 697 instantibus
1210 665 1283 707 142,
1299 666 1354 699 22.
1391 676 1425 709 ,a
1448 665 1573 699 Turcis
1589 678 1650 700 ca·-

974 709 1069 754 pitur
1086 710 1162 752 144,
1181 710 1233 744 14.
1281 710 1370 744 illius
1385 711 1493 745 frater
1510 717 1544 746 et
1560 711 1650 745 filius

974 755 1227 799 Adrianopolim
1244 756 1332 790 salvi
1346 756 1491 790 redeunt
1505 757 1580 799 144,
1594 759 1647 792 19.

972 800 1062 833 illius
1078 801 1195 834 laudes
1223 801 1299 844 145,
1317 804 1350 838 7.
1398 814 1417 836 a
1445 803 1562 837 Borila
1586 815 1650 837 ex-

923 865 926 867 *
974 852 1135 879 caecatur
1170 847 1245 888 147,
1271 849 1305 883 9.
1352 847 1540 893 imperator
1570 860 1646 883 eum

973 893 1168 927 consolatur
1184 899 1220 926 et
1235 893 1332 927 bonis
1348 900 1454 940 auget
1469 895 1548 939 148,
1567 897 1600 932 1.

1262 972 1304 1008 C.

925 1027 1043 1062 Cabiri
1060 1029 1117 1071 29,
1134 1029 1169 1064 3.

924 1075 1056 1108 Caesar
1071 1074 1106 1108 in
1121 1074 1236 1108 Asiam
1253 1078 1437 1120 praetextu
1453 1077 1646 1112 venationis

972 1120 1100 1153 traiicit
1131 1121 1187 1162 57,
1204 1122 1238 1155 3.
1287 1121 1360 1155 eius
1389 1122 1570 1157 solicitudo
1603 1125 1647 1158 de

972 1166 1031 1199 filii
1047 1167 1165 1200 morbo
1186 1168 1260 1208 106,
1276 1168 1310 1202 3.
1359 1179 1400 1202 ex
1425 1168 1508 1203 Asia
1530 1169 1565 1203 in
1581 1181 1646 1204 au-

972 1212 1035 1245 lam
1051 1211 1130 1256 imp.
1145 1212 1234 1246 redit
1255 1214 1313 1255 73,
1329 1213 1363 1247 5.

926 1258 1059 1292 Caesar
1090 1264 1125 1291 et
1157 1258 1313 1293 Urselius
1341 1263 1504 1294 accurate
1527 1264 1645 1295 castra

969 1304 1123 1338 muniunt
1152 1306 1208 1344 81,
1234 1306 1286 1340 17.
1334 1310 1478 1350 uterque
1509 1307 1646 1351 capitur

970 1350 1026 1393 82,
1043 1350 1099 1384 23.
1149 1350 1316 1395 quomodo
1331 1351 1465 1385 liberati
1480 1353 1536 1394 83,
1553 1353 1588 1388 5.

920 1395 1053 1429 Caesar
1066 1396 1108 1430 fit
1121 1401 1212 1430 metu
1227 1397 1409 1430 monachus
1435 1398 1491 1440 83,
1508 1400 1541 1433 8.
1589 1398 1643 1432 in—

970 1441 1099 1475 vitatus
1124 1453 1144 1476 a
1169 1443 1353 1476 coniuratis
1368 1442 1401 1476 in
1417 1443 1486 1477 fide
1507 1449 1643 1489 perstat

969 1487 1048 1529 121,
1063 1488 1120 1522 23.
1155 1488 1278 1522 suadet
1293 1488 1496 1523 Botaniatae
1513 1494 1550 1523 ut
1564 1489 1641 1524 Ma-

968 1535 1052 1567 riam
1065 1533 1243 1568 Michaelis
1256 1534 1431 1578 coniugem
1445 1535 1548 1569 ducat
1562 1537 1641 1579 126,

969 1579 1026 1615 15.
1076 1591 1137 1614 cur
1167 1591 1254 1614 unus
1280 1581 1439 1614 sacerdos
1464 1581 1500 1614 id
1524 1582 1640 1616 facere

967 1630 1122 1668 recuset,
1155 1630 1192 1661 et
1216 1627 1303 1661 alter
1329 1632 1538 1672 exsequatur
1559 1628 1640 1670 126,

919 1717 1083 1751 Caesaris
1097 1717 1268 1752 morientis
1282 1717 1462 1753 solicitudo
1478 1719 1557 1762 106,
1569 1719 1603 1756 3.

921 1763 1095 1797 Caesarea
1109 1764 1165 1803 58,
1184 1762 1238 1799 14.

921 1809 1100 1852 Calobrya
1117 1810 1194 1848 135,
1210 1809 1244 1843 4.

920 1855 1141 1899 Cappadocia
1157 1855 1211 1893 58.
1227 1854 1262 1889 4.
1285 1856 1341 1898 60,
1356 1855 1392 1890 2.

920 1900 1108 1934 Carbonitii
1123 1902 1180 1942 27,
1195 1902 1230 1936 8.

920 1947 1102 1980 Castamon
1119 1947 1175 1988 93,
1194 1947 1248 1981 13.

918 1992 1102 2029 Castellum
1120 1992 1156 2026 S.
1174 1991 1319 2038 Georgii
1336 1993 1414 2037 160,
1429 1993 1462 2028 8.

917 2039 1091 2072 Caucasus
1106 2038 1162 2079 25,
1179 2038 1214 2073 3.

916 2084 1091 2119 Cedoctus
1109 2084 1186 2126 135,
1202 2084 1258 2120 13.

916 2130 1036 2164 Celtae
1051 2129 1107 2169 75,
1122 2130 1156 2164 3.

915 2176 1073 2209 Chaltica
1087 2176 1143 2216 32,
1157 2174 1192 2210 5.

914 2222 1110 2255 Chalcedon
1126 2222 1182 2265 51,
1194 2221 1229 2256 7.
1255 2220 1333 2263 158,
1352 2221 1407 2256 17.

914 2268 1051 2301 Charon
1063 2267 1139 2312 quis
1151 2271 1228 2301 erat
1242 2268 1293 2308 19,
1303 2267 1336 2301 4.
1361 2267 1433 2300 eius
1445 2265 1517 2300 filia
1528 2265 1583 2308 19,
1593 2267 1628 2302 9.

912 2314 1100 2347 Chascares
1115 2313 1191 2358 quis
1204 2312 1308 2347 fuerit
1321 2315 1376 2351 71,
1393 2312 1427 2348 5.

913 2359 1038 2393 Chleat
1052 2360 1134 2393 urbs
1149 2359 1341 2394 Turcorum
1356 2357 1559 2404 praesidium
1569 2358 1628 2401 37,

913 2450 1101 2485 Chorobati
1116 2449 1283 2484 rebellant
1301 2451 1378 2491 100,
1395 2449 1452 2483 22.

911 2497 1134 2531 Chutaturius
1153 2496 1242 2539 quali
1258 2495 1425 2529 beneficio
1438 2493 1626 2538 Diogenem

958 2542 1112 2577 affecerit
1135 2541 1192 2583 47,
1214 2542 1273 2576 21.
1321 2541 1453 2575 cuinam
1478 2541 1624 2574 dedatur

957 2593 1078 2634 captus
1091 2587 1147 2626 53,
1165 2589 1197 2622 3.

913 2634 1075 2670 Comneni
1099 2645 1174 2667 cum
1197 2637 1305 2668 matre
1326 2633 1370 2667 ab
1395 2631 1506 2666 exilio·
1520 2643 1624 2666 revo-

957 2684 1078 2714 cantur
1093 2680 1149 2720 56,
1163 2680 1197 2714 3.

913 2726 1076 2761 Comneni
1113 2726 1238 2759 fratres
1273 2725 1465 2768 opportuno
1502 2719 1626 2755 auxilio

959 2783 1039 2807 snos
1053 2777 1192 2806 servant
1205 2772 1262 2812 69,
1279 2772 1337 2804 21.
1515 2811 1523 2820 ⁸

914 2819 1164 2854 Comnenorum
1191 2818 1336 2852 fratrum
1366 2811 1550 2849 concordia
1571 2812 1627 2854 19,

962 2866 1020 2901 17.
