1878 3262
608 203 800 247 NOTAE
828 201 996 247 PETRI
1030 200 1261 247 Possm.
1550 200 1645 249 171

183 311 256 352 sed
272 314 416 367 potius
446 313 653 352 tenebrosa
679 311 871 351 custodia
900 310 1104 362 detentus,
1147 313 1366 352 obscuram
1394 319 1432 350 et
1459 314 1648 351 miseram

181 373 311 410 vitam
339 384 493 409 omnem
521 372 602 423 egit
634 370 847 420 hactenus,
886 375 964 412 etc.
1042 369 1120 408 hac
1149 369 1490 409 commendatione
1520 369 1650 408 Alexii

181 427 348 479 gratiam
371 428 604 466 nonnullam
634 427 740 478 apud
765 426 1002 466 Botaniaten
1028 427 1313 466 Constantinus
1336 433 1499 477 nactus,
1529 427 1580 466 ab
1601 439 1651 466 eo

179 485 403 536 praefectus
423 491 482 523 est
499 484 585 523 dux
604 484 796 523 exercitui
816 489 956 522 contra
973 483 1124 522 Tuscos
1145 484 1263 523 misso
1275 513 1286 533 ‚
1324 490 1373 523 ut
1397 484 1525 524 tradit
1545 485 1651 536 Scy-

180 541 292 580 litzes
312 542 353 579 in
373 542 580 581 Botaniate
597 554 684 593 pag.
707 543 803 584 866,
831 553 908 592 qua
926 540 1129 580 occasione
1151 540 1380 579 ambitiosus
1398 540 1553 580 iuvenis
1576 554 1650 579 cu-

179 598 273 650 pide
293 612 409 648 usus,
438 598 716 651 imperatorem
745 597 794 636 ab
817 597 997 637 exercitu
1017 611 1058 635 se
1074 597 1315 650 proclamari
1337 603 1452 636 curat
1475 597 1653 649 Chryso-

179 655 284 707 poli:
314 654 385 694 sed
401 656 520 707 paulo
539 661 631 708 post
645 669 668 693 a
686 655 767 693 suis
782 654 967 708 proditus
988 654 1232 694 detondetur
1243 685 1255 706 ,
1282 654 1408 706 fitque
1422 654 1654 704 monachus,

182 725 228 750 ac
248 712 483 764 deportatur
507 713 551 751 in
571 712 756 752 insulam.
813 717 950 765 postea
972 712 1090 750 etiam
1117 712 1266 751 dicitur
1282 711 1491 764 presbyter
1510 712 1651 750 factus.

180 775 364 808 auctores
383 769 572 821 Scylitzes
592 776 633 808 et
655 770 830 808 Zonaras
849 770 893 808 in
910 768 1130 818 Botaniate‚
1159 770 1228 807 ille
1245 782 1331 821 pag.
1349 771 1448 813 867.
1468 768 1536 807 hic
1555 770 1651 812 232.

180 826 273 864 edit.
291 826 378 865 Bas.
434 832 554 877 atque
571 825 638 865 hic
657 826 746 865 finis
765 826 884 865 huius
900 826 1148 864 Constantini
1165 826 1262 877 fuit5
1290 838 1364 864 nec
1382 825 1465 864 eius
1483 824 1652 877 amplius

181 883 262 921 ulla
283 883 430 921 mentio
459 883 502 921 in
531 883 680 922 nostris
705 883 813 922 hisce
831 883 1007 922 historiis
1024 882 1211 922 habetur.
1270 883 1372 920 alter
1392 888 1526 921 autem
1544 883 1652 920 Con-

179 940 378 979 stantinus
399 939 583 979 Michaeli
602 941 732 979 Ducae
749 953 800 979 ex
818 940 945 979 Maria
963 939 1090 978 Alana
1114 945 1235 978 natus
1258 945 1329 978 est.
1386 939 1490 977 clare
1514 938 1559 976 id
1576 939 1651 977 do-

179 1002 242 1035 cet
258 998 431 1036 Zonaras
457 997 502 1036 in
526 997 718 1037 Michaele
737 1011 822 1050 pag.
843 999 950 1040 229:
976 997 1074 1037 υἷοῦ
1093 995 1137 1037 δὲ
1157 995 1368 1048 τεχθέντος
1383 991 1493 1051 αυτῷ
1512 995 1557 1037 ἐκ
1578 997 1654 1064 τῆς

179 1052 220 1103 ἐξ
236 1049 418 1095 ’Λλανων
438 1056 627 1108 Μαρίας,
657 1052 711 1108 ἢν
729 1054 797 1095 καὶ
818 1054 1056 1108 βασίλισσαν
1078 1052 1233 1105 ἔστεψε,
1251 1055 1561 1094 Κωνσταντῖνον
1581 1046 1653 1092 αὕ-

178 1108 250 1151 τὸν
273 1106 332 1152 ω’ν
334 1107 483 1162 όμασεν
503 1110 570 1153 ἐπὶ
588 1114 644 1167 τῷ
663 1111 807 1166 πατρί,
847 1110 916 1152 καὶ
938 1112 1154 1164 βασιλικῶς
1171 1110 1390 1151 ἐταινίωσε.
1447 1117 1546 1147 nato
1569 1108 1652 1146 sibi

168 1168 266 1219 filio
288 1182 333 1205 ex
351 1167 500 1207 Maria
518 1152 683 1219 Alana,
715 1181 842 1220 quam
864 1175 900 1205 et
919 1168 1165 1219 Augustam
1182 1168 1414 1216 coronavit,
1447 1166 1652 1205 Constan-

178 1225 260 1262 tini
273 1226 412 1277 patrib*
431 1226 502 1262 sui
518 1239 662 1263 nomen
679 1226 885 1276 lmposlblt7
909 1238 1077 1276 eumque
1096 1225 1207 1277 regio
1225 1221 1490 1261 diademate
1474 1224 1650 1275 lnSigni-

177 1282 249 1320 vit.
307 1294 357 1319 en
383 1281 668 1320 Constantinus
696 1294 747 1319 ex
776 1280 902 1319 Maria
930 1279 1057 1319 Alana
1086 1286 1127 1319 et
1158 1280 1356 1332 quidem
1344 1294 1424 1318 lam
1445 1285 1650 1329 coronata,

177 1337 360 1377 Michaeli
391 1338 472 1376 iam
499 1338 710 1390 imperanti
735 1338 936 1383 nascitur,
976 1337 1071 1376 inde
1100 1343 1142 1376 et
1170 1337 1254 1389 ipse
1287 1336 1654 1390 Porphyrogenitus

177 1400 445 1447 nuncupatus.
533 1395 597 1434 cui
627 1394 760 1434 adhuc
787 1395 930 1433 infanti
952 1400 1068 1446 pater
1097 1394 1311 1446 despondit
1335 1394 1458 1432 filiam
1486 1393 1653 1433 Roberti

177 1452 380 1491 Calabriae
409 1451 542 1502 ducis,
572 1465 690 1503 quam
706 1458 747 1490 et
764 1452 843 1490 iam
861 1457 948 1490 tum
970 1451 1247 1490 adducendam
1268 1451 1654 1503 Constantinopolim

176 1508 348 1558 curavit,
368 1514 408 1546 et
425 1514 578 1548 mutato
599 1509 683 1547 eius
701 1508 827 1561 priori
847 1507 1007 1546 nomine
1020 1506 1447 1560 appellavitHelenam,
1468 1513 1517 1548 ut
1526 1507 1655 1547 tradit
1677 1509 1707 1543 P
1734 1510 1798 1545 111

176 1571 462 1617 consequenter
477 1566 665 1617 Zonaras,
686 1571 727 1604 et
743 1566 858 1603 Anna
872 1566 959 1604 fuse
977 1564 1160 1618 deplorat
1177 1564 1314 1603 multis
1334 1564 1431 1603 locis
1441 1564 1655 1617 Alexiadis‚

175 1623 442 1676 praesertiml.
456 1626 496 1665 1·
487 1622 679 1674 ,denique
694 1621 1132 1675 ubiAnnaipsaAlexio
1141 1627 1236 1660 nata
1246 1627 1317 1671 est,
1330 1621 1568 1687 desponsata
1577 1622 1656 1662 fuit

174 1679 305 1718 eidem
319 1678 414 1718 huic
432 1680 694 1719 Constantino
714 1692 841 1732 puero
863 1680 906 1718 in
928 1691 1038 1733 spem
1056 1678 1212 1732 imperii
1232 1679 1410 1729 nutrito,
1434 1679 1556 1718 immo
1573 1680 1655 1718 iam

174 1736 332 1801 imperii
344 1737 528 1775 consorti.
557 1736 877 1802 diremptumque
892 1735 937 1775 id
950 1736 1176 1788 coniugium
1186 1741 1277 1774 ante
1286 1735 1447 1788 nuptias
1457 1737 1655 1776 Constan-

175 1793 252 1831 tini
271 1793 405 1844 sponsi
421 1799 550 1832 morte
566 1793 779 1832 immatura
799 1793 889 1842 fuit,
917 1799 966 1834 ut
983 1792 1231 1844 Nicephorus
1244 1805 1341 1831 mox
1362 1792 1495 1834 docet.
1529 1807 1553 1831 a
1574 1807 1654 1845 quo

175 1850 273 1888 item
295 1849 487 1888 habemus
513 1850 710 1902 sponsalia
728 1849 981 1888 Constantini
1009 1848 1185 1886 eiusdem
1203 1862 1295 1887 cum
1315 1848 1453 1901 Anna,
1482 1863 1655 1900 quorum

174 1907 260 1959 ipsa
287 1907 393 1945 clare
425 1920 511 1945 non
540 1906 730 1944 meminit.
787 1904 997 1944 confirmat
1030 1904 1138 1943 idem
1166 1905 1356 1957 Scylitzes
1384 1912 1427 1945 et
1454 1906 1653 1946 institutio

175 1964 282 2015 regia
306 1962 596 2015 Theophylacti
620 1962 676 2000 ad
706 1961 817 2001 hunc
845 1961 975 2013 ipsum
1002 1974 1174 2014 puerum
1202 1961 1370 2015 scripta:
1407 1969 1454 2002 ut
1484 1962 1652 2003 dubium

175 2021 288 2059 nullo
309 2020 431 2059 modo
451 2019 577 2072 possit
602 2031 704 2068 esse,
745 2018 843 2070 quin
861 2018 942 2057 duo
965 2018 1113 2057 fuerint
1131 2018 1380 2057 Constantini
1397 2019 1530 2059 Ducae
1548 2021 1650 2060 Por-

175 2077 448 2130 phyrogeniti,
496 2089 595 2127 quos
622 2075 689 2114 hic
715 2075 759 2114 in
783 2088 910 2114 unum
938 2075 1088 2114 conflat
1117 2089 1201 2114 non
1231 2075 1477 2129 Nicephorus
1502 2077 1649 2117 horum

176 2135 553 2174 commentariorum
575 2138 738 2180 auctor,
766 2132 836 2172 sed
856 2131 1152 2184 perfunctorius
1170 2138 1211 2171 et
1229 2133 1395 2185 supinus
1415 2134 1647 2187 descriptor.

177 2204 300 2243 quare
324 2191 568 2230 arbitramur
584 2189 830 2242 Bryennium
847 2189 1046 2242 scripsisse
1066 2189 1177 2229 hunc
1194 2189 1328 2229 locum
1348 2196 1398 2229 ut
1414 2205 1488 2231 nos
1510 2204 1647 2230 emen-

177 2249 381 2300 «lavimus,
409 2248 488 2287 hoc
511 2260 654 2316 nempe
684 2245 825 2285 modo:
853 2243 963 2296 ’ὅπως
980 2244 1054 2298 μὲν
1074 2241 1152 2288 οὖν
1171 2245 1193 2289 ὃ
1203 2245 1433 2314 Κομνηνος
1449 2251 1506 2318 τῷ
1521 2245 1648 2290 ἀδελ-

177 2309 247 2362 <pai
265 2304 526 2359 προσηνέχθη
543 2307 618 2346 τοῦ
634 2301 828 2371 βασιλέως
845 2301 1015 2357 Μιχαήλ
1032 2306 1107 2345 τοῦ
1127 2300 1288 2353 Δουκα,
1317 2304 1388 2346 καὶ
1408 2301 1535 2347 αὐτοῦ
1554 2304 1648 2349 πού-

177 2377 248 2404 του
269 2378 340 2405 τον
354 2360 447 2405 υἱόν
463 2360 544 2404 ὑπὸ
559 2361 689 2417 οἰκεία
709 2355 880 2414 δυναμει
900 2375 942 2402 τε
957 2359 1027 2402 καὶ
1046 2358 1239 2414 συναρσει
1267 2367 1342 2400 etc.

290 2489 331 2528 p.
352 2479 381 2520 9
410 2489 450 2515 v.
481 2478 520 2517 3.
579 2477 630 2529 τῇ
660 2489 815 2516 τουτων
842 2470 1075 2528 παραθήξει
1102 2473 1172 2515 καὶ
1197 2470 1434 2526 συνωθήσει
1459 2469 1654 2524 πολλάκις

179 2534 458 2588 παραπλαγείς.
517 2531 572 2570 sic
600 2531 700 2570 haec
729 2531 771 2570 in
789 2530 872 2569 MS.
892 2531 1146 2583 legebantur,
1189 2543 1290 2582 quae
1317 2536 1535 2582 utcumque
1559 2544 1652 2569 sen-

179 2589 344 2628 tentiam
369 2603 451 2628 non
481 2589 598 2642 plane
633 2588 923 2627 incommodam
954 2589 1199 2640 praeferant3
1250 2594 1384 2627 tamen
1420 2601 1511 2627 cum
1552 2588 1653 2627 illud

178 2643 370 2694 πολλάκις
391 2659 507 2698 segne
529 2646 719 2697 quiddam
735 2645 814 2683 hoc
831 2645 920 2683 loco
941 2651 983 2683 et
1005 2644 1192 2696 frigidum
1206 2645 1390 2685 videatur
1397 2658 1410 2696 3
1429 2659 1511 2684 non
1521 2645 1652 2685 omni-

180 2715 232 2740 no
261 2707 408 2742 temere
436 2703 626 2756 suspicari
654 2702 752 2741 mihi
781 2702 890 2742 visus
915 2715 1005 2741 sum
1035 2702 1084 2741 de
1112 2702 1262 2742 librarii
1281 2702 1510 2752 oscitantia,
1541 2703 1653 2741 cuius

179 2763 240 2797 tot
260 2758 344 2798 aliis
364 2759 483 2800 huius
505 2760 634 2814 operis
650 2759 747 2800 locis
764 2773 845 2800 non
864 2759 1024 2812 vestigia
1043 2759 1216 2811 incerta,
1257 2760 1325 2801 sed
1346 2760 1492 2800 indicia
1518 2766 1558 2799 et
1579 2772 1653 2798 ex·
1673 2780 1680 2790 ι
