1878 3262
281 191 344 238 88
763 184 990 230 IOANNJS
1025 183 1254 227 CINNAMI

281 305 384 361 αὐτῇ
394 335 406 355 ,
441 298 545 355 τάχα
571 298 621 341 ἂν
644 297 722 341 ὕπὸ
748 303 836 347 ταῖς
855 295 1065 350 Ῥωμαίων
1087 294 1252 352 ἐγεγόνει
1269 297 1398 353 χερσί.
1467 298 1537 338 νῦν
1561 294 1605 337 δὲ
1625 295 1735 336 πλεί-

284 389 403 421 στους
427 374 506 412 τῶν
532 367 605 410 σὺν
631 367 741 425 αὐτῷ
777 364 996 420 ἀποβαλὼν
1021 362 1205 421 λάφυρον
1229 368 1303 406 τοῦ
1327 365 1501 417 πολέμου
1527 364 1738 420 γεγενημέ-

229 451 261 486 D
284 457 376 488 νους
402 437 523 487 αὐτὸς
547 433 664 491 μόγις
686 433 865 487 ἐσώζετο.
933 432 1037 475 ἀλλὰ
1061 432 1259 486 βασιλέως
1285 430 1375 486 ἑξῆς
1408 433 1567 486 δεηθεὶς
1588 430 1683 481 τούς
1696 447 1738 473 τε

282 504 563 561 αἷχμαλιότους
599 503 712 546 ἔλυσε
738 504 806 546 καὶ
842 501 894 545 τὰ
921 501 1200 558 διηρπασμένα
1224 498 1433 554 κεκόμιστο
1459 498 1604 542 πάντα.
1672 500 1735 541 ἕν-

281 572 419 618 ww&
453 590 495 616 τε
531 571 657 629 πέρας
691 570 718 628 ἦ
743 575 823 615 τῶν
848 569 1039 627 ἑσπερίων
1065 571 1196 611 ἐθνῶν
1232 570 1288 618 εἲς
1312 567 1364 612 τὰ
1383 565 1591 622 Ῥωμαίων
1616 567 1770 622 {ism-5

282 661 347 686 κεν
372 638 539 696 ἐμβολή.

419 709 497 753 20.
565 703 782 764 Κορράδος
808 706 851 748 δὲ
877 707 933 755 εἷς
957 705 1030 760 τὴν
1055 705 1232 762 πατρίδα
1257 700 1576 758 παλινοστήσας,
1608 701 1740 758 ὀλίγον

281 777 459 834 ἐπιβιοὺς
494 774 742 830 ἐτελεύτησεν
764 806 777 826 ,
831 774 946 816 οὗὸἐν
984 773 1139 815 οὐδέπω
1179 767 1234 815 ὧν
1275 775 1440 826 βασιλεῖ
1470 768 1771 826 &sufflammat

282 849 422 904 πέρατι
451 842 646 894 δεδωκώς.
712 842 815 897 μεθ’
845 841 889 884 ὃν
929 843 1171 899 Φρεὸερίκος
1195 841 1267 896 τὴν
1294 840 1422 897 ἀρχὴν
1448 838 1573 892 ἴσχεν.
1641 837 1740 880 ὅθεν

282 918 325 958 δὲ
351 916 413 957 ἐπὶ
443 913 684 970 Φρεὸερίκον
718 911 821 965 μετὰ
847 909 1066 966 Κορράὸον
1099 910 1145 952 τὸ
1166 910 1402 963 Ἀλαμανῶν
1429 908 1610 958 ξυνέπεσε
1638 904 1740 964 κρά-
1752 913 1795 948 10

279 1001 372 1035 τος,
407 981 428 1023 ὅ
455 980 571 1036 λόγος
605 979 695 1034 ἑξῆς
719 977 968 1036 παραστήσει
994 995 1077 1032 μοι.
1147 976 1426 1031 ὃἈλαμανῶν
1463 975 1536 1033 ῥὴξ
1554 974 1742 1032 ’Έρριχος

281 1050 337 1093 ἔτι
363 1048 549 1107 περιόντα
573 1048 643 1090 τὸν
669 1047 822 1104 πατέρα
847 1048 1066 1103 καθείρξας
1089 1050 1162 1088 τοῦ
1181 1044 1338 1100 Ῥώμης
1362 1061 1403 1086 τε
1430 1043 1644 1101 ἀρχιερέως
1666 1059 1743 1084 no-

281 1120 388 1175 λε’μῳ
415 1115 675 1174 περιγεγονιὺς
711 1116 830 1165 αὐτὸς
865 1113 1192 1172 παρανομώτατα
1226 1114 1299 1168 τὴν
1336 1112 1465 1169 ἀρχὴν
1500 1111 1625 1165 ἴσχεν.
1693 1104 1743 1152 οὗ

163 1197 191 1230 Ρ
216 1197 262 1232 50
285 1188 335 1242 δὴ
375 1187 486 1228 ἕνεκα
522 1182 760 1239 ἀμυνόμενοι
794 1187 936 1225 τοῦτον
964 1183 1204 1237 Ἀλαμανοί,
1256 1177 1577 1235 τετελευτηκότος
1613 1178 1744 1221 οὐκέτι

281 1257 395 1297 παισὶ
421 1260 505 1304 τοῖς
529 1253 654 1295 αὐτοῦ
678 1252 751 1307 τὴν
776 1250 987 1307 ἡγεμονίαν
1013 1254 1226 1307 ξυγχωρεῖν
1253 1248 1428 1305 ἔγνωσαν
1452 1242 1576 1303 (ἦσαν
1598 1247 1641 1289 δὲ
1665 1247 1741 1288 αὖ-
1755 1252 1797 1288 15

281 1328 339 1381 τῷ
364 1324 503 1372 παῖὁες
529 1318 747 1378 Κορράὸος
770 1337 811 1362 τε
847 1313 965 1369 οὗτος
989 1321 1055 1362 καὶ
1082 1317 1103 1361 ὁ
1134 1319 1378 1375 Φρεὸερίκου
1405 1314 1586 1372 πατήρ),
1620 1316 1743 1357 Λου-

279 1390 407 1448 τήρην
442 1390 488 1432 δέ
524 1406 614 1432 τινα
653 1387 784 1444 ἄνδρα
809 1388 1122 1444 ἔσχατογὲροντα
1149 1387 1388 1435 καλέσαντες
1412 1386 1476 1427 ἐπὶ
1501 1384 1575 1438 τὴν
1601 1382 1743 1440 ἀρχήν,

282 1458 412 1516 τούτῳ
448 1457 521 1513 τὴν
549 1457 788 1511 Ἀλαμανιῦν
832 1454 1090 1513 ἐπικράτησιν
1126 1454 1285 1498 ἔδοσαν.
1365 1453 1457 1495 ἀλλ’
1497 1453 1635 1494 ἐκεῖνοι
1672 1452 1745 1494 οὐκ

238 1568 240 1571 ,
283 1525 548 1580 ἀνασχόμενοι
585 1527 620 1567 εἲ
644 1529 715 1580 τῆς
750 1523 943 1581 πατρῴας
968 1526 1225 1567 ἐκπεσοῦνται
1262 1523 1413 1578 ἀρχῆς,
1447 1521 1653 1577 νεωτέροις
1678 1521 1745 1576 ἔγ-

277 1601 425 1651 χειρεΐν
458 1593 633 1649 ἔγνωσαν
668 1590 912 1649 πράγμασιν.
982 1591 1004 1634 ὃ
1029 1591 1147 1648 γνοὺς
1180 1590 1201 1633 ὃ
1227 1589 1478 1646 Λουτήρης,
1519 1589 1646 1645 γέρων
1669 1589 1802 1642 μένΞΟ

232 1671 263 1706 Β
287 1665 353 1705 καὶ
381 1662 513 1711 ἄλλως
539 1660 716 1717 ἀκριβῶς
750 1659 805 1702 ὢν
840 1661 906 1701 καὶ
932 1657 1089 1714 ἡλικίας
1123 1657 1262 1716 πόρρω
1288 1656 1420 1712 ἥκων,
1456 1655 1574 1714 φύσει
1602 1657 1645 1698 δὲ
1670 1674 1748 1698 κα-

283 1730 512 1789 λοκαγαθία
537 1729 668 1771 συνὼν
695 1728 756 1770 ἀεὶ
782 1729 849 1769 καὶ
876 1728 990 1770 οὐδὲν
1017 1727 1038 1769 ὅ
1065 1745 1103 1770 τι
1129 1728 1186 1782 μὴ
1212 1727 1285 1769 σὺν
1312 1724 1504 1780 ἁπλότητι
1530 1726 1596 1766 καὶ
1623 1724 1749 1780 λέγειν

282 1801 350 1841 καὶ
376 1796 563 1855 πράττειν
589 1794 705 1846 εἰδώς
713 1828 733 1848 ,
764 1794 956 1852 ὡμολόγει
981 1797 1046 1838 ἐπ’
1073 1796 1221 1845 αὐτοὺς
1245 1795 1318 1849 μὲν
1344 1794 1473 1851 ἀρχὴν
1494 1791 1747 1848 διαβιβάσαι,

372 1906 407 1940 2.
436 1900 662 1949 ἀποβαλὼν]
694 1902 781 1937 Cod.
806 1899 1018 1938 ἀποκαλῶν.
1165 1902 1222 1940 17.
1253 1898 1493 1945 καλέσαντες]
1523 1899 1608 1935 Cod.
1641 1898 1746 1937 καλέ-

378 1960 458 1990 σας.
498 1949 648 1983 correxit
663 1949 751 1983 Duc.

285 2040 453 2074 triremem
469 2038 666 2073 conscendit
681 2037 847 2083 Siculam,
872 2042 907 2073 et
922 2038 956 2072 ni
971 2038 1141 2073 intellecto
1158 2042 1299 2084 repente
1314 2037 1462 2083 periculo
1475 2063 1486 2080 ,
1509 2036 1603 2071 navis
1618 2035 1747 2071 Roma-

287 2097 407 2120 norum
424 2085 537 2119 sociae
558 2084 687 2128 signum
706 2084 942 2129 imposuisset,
977 2085 1128 2118 venisset
1152 2085 1240 2118 haud
1261 2084 1362 2118 dubie
1382 2084 1417 2117 in
1438 2094 1554 2117 manus
1576 2083 1748 2116 Romano-

285 2143 374 2166 rum.
421 2130 470 2163 ita
494 2141 578 2164 vero
600 2129 825 2174 compluribus
849 2142 984 2164 suorum
998 2158 1006 2170 ‚
1039 2131 1096 2175 qui
1119 2130 1210 2175 capti
1230 2131 1387 2173 fuerant,
1421 2129 1568 2170 amissis,
1592 2128 1666 2172 ipse
1686 2128 1748 2162 vix

286 2186 406 2221 sospes
423 2175 544 2210 evasit.
592 2175 650 2208 sed
664 2175 845 2219 imperator
856 2181 978 2220 postea
995 2176 1148 2220 captivos
1165 2175 1269 2209 solvit
1282 2186 1404 2219 resque
1416 2174 1547 2208 ablatas
1561 2183 1675 2206 omnes
1692 2184 1749 2206 re-

287 2226 390 2267 pente
416 2220 514 2253 iussit
539 2219 683 2253 restitui.
732 2225 835 2265 atque
861 2221 1023 2255 eiusmodi
1044 2222 1109 2256 suit
1121 2221 1270 2266 gentium
1285 2219 1551 2255 occidentalium
1565 2219 1601 2252 in
1620 2219 1748 2253 Roma-

287 2277 404 2302 norum
427 2270 536 2299 terras
557 2265 709 2309 irruptio.

380 2313 436 2346 20.
483 2311 657 2344 Reversus
675 2312 787 2343 autem
802 2309 835 2343 in
849 2311 992 2355 patriam
1009 2311 1199 2355 Conradus‚
1222 2314 1397 2357 protracta
1410 2309 1496 2343 haud
1512 2308 1649 2342 multum
1666 2309 1749 2352 vita,

289 2356 456 2396 decessit,
479 2356 560 2390 nihil
586 2367 700 2389 eorum
720 2366 807 2399 quae
827 2355 1020 2400 imperatori
1045 2357 1272 2403 spoponderat
1285 2362 1458 2391 executus.
1504 2355 1591 2388 hunc
1615 2355 1748 2400 excepit

288 2402 504 2436 Fredericus.
552 2401 640 2434 unde
665 2405 775 2434 autem
795 2407 871 2444 post
887 2402 1080 2436 Conradum
1105 2403 1146 2436 ad
1165 2403 1419 2436 Alemannorum
1437 2401 1606 2445 imperium
1625 2412 1750 2446 perve-

291 2448 380 2481 nerit
393 2472 402 2487 ,
427 2447 540 2481 dicere
557 2447 712 2491 deinceps
738 2446 927 2489 aggrediar.
974 2448 1140 2481 Henricus
1155 2448 1410 2482 Alemannorum
1427 2458 1486 2479 rex
1498 2472 1507 2487 ‚
1533 2451 1673 2491 parente
1689 2456 1748 2479 su-

291 2493 434 2538 perstite
458 2493 491 2526 in
517 2492 656 2526 vinculis
679 2491 811 2534 habito,
835 2492 1069 2536 debellatoque
1091 2493 1188 2527 bellis
1214 2495 1364 2527 Romano
1390 2492 1572 2536 pontifice,
1593 2491 1748 2524 subditos

289 2550 393 2572 saevo
418 2539 592 2582 premebat
605 2537 756 2581 imperio.
802 2537 891 2571 unde
902 2537 1023 2570 irritati
1041 2538 1223 2579 Alemanni,
1248 2550 1288 2572 eo
1305 2538 1467 2571 exstincto
1482 2563 1490 2578 ,
1511 2537 1684 2581 imperium
1707 2536 1748 2569 li-

291 2583 381 2617 beris
397 2583 484 2617 illius
512 2583 696 2616 concedere
717 2593 924 2627 nequaquam
939 2583 1088 2617 voluere.
1137 2589 1230 2618 erant
1251 2595 1332 2617 vero
1355 2583 1389 2616 hi
1407 2582 1584 2616 Conradus
1605 2586 1642 2615 et
1658 2582 1688 2615 F
1689 2593 1747 2615 re-

290 2628 395 2662 derici
419 2634 529 2673 pater.
578 2629 695 2672 itaque
719 2628 912 2661 Lotharium
943 2628 1117 2673 quemdam
1141 2629 1356 2670 acciverant,
1389 2633 1502 2661 aetate
1525 2632 1676 2660 extrema
1691 2626 1746 2660 vi-

291 2685 388 2715 rum,
412 2674 511 2718 eique
540 2673 592 2707 rei
615 2673 848 2707 Alemannicae
873 2673 1043 2707 arbitrium
1069 2674 1301 2719 permiserunt.
1348 2673 1407 2706 sed
1431 2673 1516 2706 enim
1534 2673 1582 2706 illi
1603 2678 1746 2717 paterno

293 2732 332 2754 se
359 2718 515 2754 excidere
535 2718 675 2763 imperio
703 2730 768 2752 non
796 2719 963 2761 ferentes,
996 2730 1050 2752 res
1071 2731 1200 2754 novare
1221 2720 1423 2762 turbareque
1449 2722 1610 2752 statuunt.
1658 2717 1747 2762 quod

292 2764 349 2799 ubi
375 2764 525 2799 advertit
554 2763 755 2807 hostiarius,
779 2768 892 2799 aetate
913 2764 968 2798 vir
984 2765 1178 2809 provectior
1193 2769 1228 2798 et
1253 2764 1422 2809 probitate
1436 2763 1598 2807 singulari
1621 2764 1747 2808 quique

292 2810 372 2845 nihil
395 2809 458 2846 uisi
477 2809 670 2857 simpliciter
694 2814 812 2854 ageret
837 2809 1029 2853 diceretve,
1061 2809 1095 2844 in
1111 2822 1183 2845 eam
1199 2809 1333 2844 tandem
1359 2821 1432 2844 cum
1445 2809 1511 2845 illis
1526 2809 1746 2844 conditionem
