1878 3262
490 930 591 978 AD
649 928 1344 980 COMMENTARIOS

184 1075 890 1149 NICEPHORI
1030 1075 1656 1146 BRYENNII

397 1245 705 1304 NOTAE
747 1246 1026 1304 PETRI
1066 1245 1439 1305 POSSINI.

789 1433 1062 1440 *-

175 1560 194 1576 (Ι

203 1556 266 1626 Υ
261 1587 311 1638 λη
334 1585 527 1640 ἱστορίας.
584 1586 704 1626 Hunc
724 1588 890 1627 titulum
919 1588 1049 1639 operis
1071 1587 1144 1626 etsi
1161 1586 1205 1626 in
1226 1587 1361 1627 fronte
1385 1586 1497 1636 libri,
1523 1592 1571 1625 ut
1592 1586 1658 1625 di-
1684 1585 1716 1623 P
1743 1588 1809 1625 109

185 1649 294 1682 ctum
311 1649 391 1688 est,
421 1643 599 1696 acephali
612 1645 739 1696 legere
758 1659 842 1683 non
858 1645 1078 1697 potuimuS,
1101 1658 1184 1683 non
1205 1644 1472 1683 confinximus
1492 1643 1566 1696 ipsi
1586 1658 1662 1684 nos

183 1707 335 1742 tamen:
356 1700 425 1739 sed
435 1713 485 1739 ex
496 1702 670 1740 auctoris
683 1702 773 1741 loco
793 1703 1022 1740 coniectura
1040 1702 1252 1740 emendato
1273 1702 1523 1753 sumpsimus.
1554 1701 1662 1752 lege-

183 1759 305 1795 batur
321 1757 364 1795 in
382 1757 598 1809 archetypo
619 1758 755 1797 codice
774 1759 848 1797 sub
868 1759 988 1797 finem
1007 1759 1263 1811 praefationis
1283 1759 1325 1796 in
1345 1758 1454 1797 hunc
1473 1758 1637 1797 modum
1650 1774 1662 1798 ε

184 1810 308 1869 ταύτῃ
326 1828 388 1854 τοι
401 1813 470 1854 καὶ
491 1811 564 1866 ὅλη
584 1814 761 1868 ἱστορίας
780 1813 910 1867 ὄνομα
928 1815 1027 1856 ἔστω
1046 1818 1103 1870 τῷ
1120 1812 1240 1868 λόγῳ.
1298 1829 1371 1854 nos
1386 1814 1660 1865 rescripsimus

182 1868 262 1924 ὅλη
289 1870 485 1923 ἱστορίας,
523 1871 702 1920 nemine,
738 1877 787 1909 ut
815 1873 978 1922 opinor,
1015 1884 1098 1909 non
1123 1871 1357 1923 probatum.
1413 1885 1536 1923 porro
1555 1868 1661 1924 ὕλην

186 1928 363 1980 ἱστορίας
386 1928 690 1966 commentarios
712 1927 832 1966 latine
857 1927 1084 1977 reddimus,
1112 1927 1347 1967 sententiam
1373 1929 1498 1966 secuti
1523 1929 1658 1979 potius

186 1998 305 2036 quam
322 1984 540 2023 verborum
564 1998 718 2025 sonum.
756 1990 897 2023 notum
916 1984 1019 2023 enim
1034 1984 1336 2023 commentarios
1353 1986 1492 2024 vocari
1507 1998 1656 2024 monu-

185 2047 319 2080 menta
343 2055 482 2080 rerum
508 2047 708 2092 gestarum
734 2041 949 2093 scriptione
976 2042 1247 2093 perfunctoria
1272 2048 1478 2092 congesta,
1507 2048 1556 2081 ut
1578 2042 1654 2081 ali-

185 2098 347 2149 quando
366 2099 491 2137 iustae
508 2097 700 2137 historiae
717 2098 904 2151 scriptori
926 2099 1134 2137 materiam
1151 2099 1422 2152 suppeditent.

298 2185 414 2242 Πρός
431 2184 622 2242 Εἰρήνην
636 2183 893 2242 Αὖγούσταν.
948 2188 1083 2240 Neque
1108 2188 1187 2228 hoc
1211 2189 1254 2228 in
1280 2187 1401 2228 titulo
1426 2188 1518 2227 libri
1534 2188 1655 2227 huius

185 2245 371 2284 vidimus.
443 2251 618 2284 ceterum
649 2257 700 2283 ex
727 2245 842 2284 Anna
870 2246 1071 2284 Comnena
1102 2246 1312 2285 didicimus
1345 2251 1491 2298 rogatu
1526 2246 1658 2284 Irenes

186 2302 386 2354 Augustae
406 2302 652 2354 Bryennium
674 2315 766 2340 suos
791 2303 1094 2342 commentarios
1114 2303 1324 2356 scripsisse.
1400 2316 1523 2354 porro
1558 2316 1658 2351 eam,

187 2373 305 2410 quam
327 2358 405 2397 hac
421 2360 664 2411 praefatione
682 2359 898 2410 alloquitur
915 2360 981 2399 hic
996 2361 1188 2412 scriptor,
1216 2359 1434 2398 iniunxisse
1450 2359 1524 2397 sibi
1539 2360 1659 2398 istam

187 2428 347 2468 operam
366 2415 513 2455 horum
534 2417 908 2455 commentariorum
926 2417 1253 2470 digerendorum‚
1281 2417 1366 2468 ipse
1393 2416 1538 2454 diserte
1560 2429 1661 2468 pro-

186 2472 337 2511 fitetur.
385 2473 494 2512 unde
514 2473 675 2523 lectori,
705 2473 775 2524 qui
793 2472 1023 2513 Alexiadem
1044 2473 1178 2512 Annae
1195 2479 1400 2525 praeterea
1417 2473 1662 2523 cognoverit,

188 2535 296 2568 certo
313 2531 545 2581 persuadet,
569 2530 674 2568 hanc
694 2531 1070 2570 commentariorum
1086 2531 1430 2582 Bryennianorum
1450 2543 1662 2582 nuncupa-

188 2587 332 2625 toriam
351 2587 404 2625 ad
418 2588 571 2626 Irenem
589 2587 749 2626 omnino
766 2586 984 2639 Augustam
1005 2588 1143 2626 Annae
1164 2594 1333 2626 matrem
1353 2594 1394 2626 et
1412 2586 1542 2625 Alexii
1561 2600 1660 2625 con-

188 2642 315 2694 iugem
339 2644 456 2683 fuisse
486 2645 684 2696 scriptam.
742 2657 814 2682 nec
841 2644 1033 2684 abhorret
1053 2645 1102 2683 ab
1123 2644 1199 2682 hac
1222 2644 1418 2683 sententia
1444 2643 1553 2695 quod
1575 2656 1661 2682 eam

190 2700 255 2737 cui
283 2699 421 2741 scribit
453 2702 691 2754 compellans
719 2714 831 2740 suam
858 2707 1028 2740 mentem
1051 2708 1092 2739 et
1110 2701 1408 2754 intelligentiam
1425 2706 1567 2751 vocat3
1596 2700 1661 2738 in-

190 2755 278 2795 nuit
297 2756 414 2807 enim,
444 2759 554 2810 quod
570 2758 730 2799 aliunde
747 2764 995 2812 compertum
1010 2758 1125 2798 nobis
1145 2764 1214 2812 est,
1237 2765 1377 2812 nempe
1398 2772 1449 2797 ex
1470 2756 1660 2797 Alexiade
