1878 3262
230 231 296 278 64
717 229 946 274 IOANNIS
976 229 1211 274 CINNAMI

230 351 304 390 τοῦ
319 344 472 403 θρόνου
490 340 754 397 κατεσπάσθη
779 342 845 384 ἐπ’
868 343 977 403 αἰτίᾳ
994 344 1144 403 τοιᾷδε.
1209 337 1261 399 ἦν
1276 361 1338 395 τις
1353 345 1454 402 ἀνὴρ
1472 345 1694 400 μοναχικὴν

115 423 141 456 Ρ
167 424 211 458 36
235 412 518 467 ἐπανελόμενος
553 413 776 464 πολιτείαν,
811 409 939 466 ὄνομα
973 410 1156 468 Νήφων,
1191 414 1374 464 παιδείας
1396 415 1470 468 μὲν
1485 418 1558 468 τῆς
1575 415 1691 469 ἐγκυ-

231 485 340 525 κλίου
377 483 444 523 καὶ
477 479 738 535 μαθημάτων
771 485 852 522 τῶν
877 480 989 530 ἐκτὸς
1015 481 1108 522 οὐδὲ
1124 481 1241 538 μέχρι
1259 482 1400 539 πείρας
1415 480 1570 534 ἐλθών,
1606 489 1691 532 τοῖς

229 552 350 607 ἱεροῖς
369 551 411 592 δὲ
427 550 575 604 λογίοις
593 550 636 590 ἐκ
653 549 808 591 παίδων
826 547 967 591 ἑαυτὸν
986 547 1158 599 ἐπιδούς.
1227 543 1346 599 οὗτος
1373 548 1395 592 ὅ
1421 549 1581 607 Νήφων
1597 553 1689 593 Μι-

200 642 205 647 ·
226 619 335 674 χαὴλ
371 618 427 660 ἔτι
463 616 610 674 ἀνδρὸς
635 617 744 673 ἱεροῦ
772 619 838 659 καὶ
856 621 1010 659 πολλοῦ
1025 617 1098 672 τὴν
1118 617 1262 674 ἀρετὴν
1279 618 1350 660 τὸν
1367 618 1723 672 ἔκκλησιαστικὸνὸ

233 688 435 736 διέποντος
461 684 613 742 θρόνον
632 684 753 736 δόξαν
771 686 846 740 οὐχ
861 685 955 742 ὖγιᾶ
972 686 1024 727 τὰ
1042 687 1083 736 ἒς
1100 686 1146 728 τὸ
1164 689 1424 743 Χριστιανῶν
1442 685 1572 742 δόγμα
1590 690 1694 729 πολ-

230 760 315 805 λοῖς
343 756 432 812 περὶ
460 753 607 796 ἑαυτοῦ
633 754 816 804 δεδωκὼς
842 756 966 812 κρίσει
984 771 1026 796 τε
1045 756 1235 812 συνοδικῇ
1253 755 1321 797 διὰ
1338 759 1456 797 τοῦτο
1476 754 1699 812 ἀποψηφι-.

231 825 346 873 σθεῖς
373 821 442 866 τόν
467 839 508 865 τε
536 821 708 878 πώγωνα
738 821 860 879 ἐκάρη
890 823 983 880 ἄχρι
1001 825 1066 865 καὶ
1086 824 1148 864 ἐπὶ
1168 824 1307 881 σφυρὰ
1325 825 1606 866 κατατείνοντα
1623 824 1690 865 καὶ

230 892 364 948 εἱρκτῇ
388 889 611 948 παρεδόθη.
681 892 763 933 ἐπεὶ
792 892 834 933 δὲ
862 891 1037 946 Μιχαὴλ
1054 893 1127 946 μὲν
1145 893 1290 942 ἐκεῖνος
1307 893 1349 943 ἐξ
1366 890 1596 949 ἀνθρώπων
1611 890 1691 946 ἤδη

227 955 300 1014 ἦν,
337 961 510 1014 Κοσμᾶς
539 960 582 1001 δὲ
609 959 700 1002 ἄντ’
731 960 856 1002 αὐτοῦ
881 960 950 1002 τὸν
977 959 1130 1016 θρόνον
1152 958 1333 1014 ἕκόσμει,
1369 961 1512 1002 αὐτίκα
1530 977 1690 1017 παρρη-
1701 969 1748 1003 10

229 1030 320 1070 σίαν
338 1022 461 1077 αὖθις
480 1026 500 1069 ὃ
524 1026 683 1085 Νήφων
702 1027 952 1083 ἀνελάμβανε
972 1030 1092 1082 μείζω
1111 1030 1177 1070 καὶ
1196 1029 1321 1079 πολὺς
1338 1030 1379 1070 ἒν
1398 1027 1606 1083 συλλόγοις
1623 1030 1691 1070 καὶ

228 1097 269 1138 ἓν
306 1096 471 1152 ἀγοραῖς
505 1091 575 1150 ἧν,
614 1096 712 1138 ἄλλο
748 1114 789 1139 τε
825 1098 940 1139 οὐδὲν
969 1096 1160 1154 ἔπραττεν
1189 1096 1249 1139 ὅτι
1277 1098 1335 1152 μὴ
1355 1095 1485 1152 δόγμα
1504 1094 1691 1138 ἑκάστοτε

178 1169 208 1204 Β
233 1164 431 1207 ἀνεκύκλει
450 1162 519 1206 τόν
537 1182 578 1206 τε
591 1163 791 1222 Ἑβραίων
809 1166 1159 1222 ἄποπροσεποιεΐτο
1177 1163 1289 1208 θεόν.
1319 1167 1390 1207 καὶ
1405 1163 1456 1207 τά
1469 1181 1511 1220 γε
1524 1169 1691 1206 τοιαῦτα

228 1235 500 1290 ἐνεργολαβεῖν
535 1232 703 1287 ἤθελεν·
739 1235 865 1291 ἐφίλει
901 1251 943 1277 τε
973 1233 1095 1276 αὐτὸν
1119 1232 1374 1292 ὗπερςουῶςὸ
1393 1235 1587 1287 Κοσμᾶς,
1623 1235 1689 1274 καὶ

228 1299 420 1356 ὁμιλητὴν
455 1302 576 1343 ἐποίει
610 1301 680 1343 τὸν
716 1301 954 1360 ἄνθρωπον,
991 1309 1075 1351 τοῖς
1099 1319 1142 1344 τε
1169 1303 1259 1345 κατ’
1282 1303 1407 1344 αὐτοῦ
1432 1301 1478 1344 τὸ
1497 1300 1691 1358 πρότερον
1702 1311 1745 1346 15

225 1370 564 1427 ἔπεψηφισμένοις
583 1369 739 1412 ἀδικίαν
761 1369 940 1413 ἐπεκάλει
949 1402 962 1422 ,
1001 1372 1129 1412 καίτοι
1149 1372 1216 1413 καὶ
1233 1369 1322 1413 τότε
1340 1370 1392 1412 τὰ
1409 1368 1508 1426 ὑπὲρ
1526 1373 1598 1411 τοῦ
1617 1370 1689 1411 ἀν-

222 1437 395 1495 θρώπου
423 1437 792 1495 προπετευσάμενος
818 1440 892 1493 μὲν
921 1438 1143 1497 πικρότατα
1170 1439 1211 1482 δ’
1242 1438 1352 1493 ὅμως
1380 1438 1689 1495 ἀποκρουσθείς,

223 1509 288 1548 καὶ
309 1511 381 1561 τῆς
397 1523 437 1549 τε
458 1507 601 1563 ἀρετῆς
619 1507 741 1550 αὐτὸν
758 1508 962 1560 ἐπεθείαζε
973 1540 986 1560 ,
1017 1508 1174 1550 κάκεῖνο
1194 1515 1278 1558 τοῖς
1295 1506 1429 1563 λόγοις
1444 1508 1687 1563 προσετίθει,

221 1574 283 1616 ὅτι
322 1575 372 1628 δὴ
409 1573 596 1629 ἐτύγχανε
626 1580 764 1632 πολλῷ
786 1574 981 1633 πρότερον
1006 1576 1079 1631 τὴν
1096 1577 1138 1626 ἐς
1153 1575 1224 1618 τὸν
1242 1575 1520 1632 ἅρχιερατικὸν
1536 1573 1694 1631 θρόνον

222 1641 421 1695 ἀνάβασιν
438 1642 516 1697 ἤδη
535 1645 800 1700 προαγγείλας
819 1644 942 1701 αὐτῷ.
1004 1645 1077 1686 οὐκ
1095 1643 1235 1701 ἤρεσκε
1254 1648 1383 1686 ταῦτα
1399 1650 1484 1693 τοῖς
1501 1647 1744 1693 πολλοῖςἛο

221 1710 320 1753 ὅθεν
354 1712 422 1752 καὶ
460 1711 498 1752 οἳ
531 1713 604 1765 μὲν
640 1713 796 1764 αὐτῶν,
846 1711 932 1754 ὅσοι
969 1711 1152 1767 δηλονότι
1189 1711 1376 1767 ἐκήδοντο
1413 1715 1486 1752 τοῦ
1522 1713 1686 1764 Κοσμᾶ,

220 1778 453 1836 προσιόντες
488 1780 550 1821 ἐπὶ
587 1785 735 1835 σχολῆς
764 1779 789 1795 “
803 1782 845 1823 τί
876 1778 1055 1835 δήποτε”
1093 1779 1271 1838 ἔφασκον
1301 1775 1374 1822 “0³1
1410 1783 1495 1821 θεῖε
1525 1778 1687 1834 ποιμήν,

171 1855 201 1890 C
225 1846 332 1904 λύκῳ
361 1846 556 1898 πιστεύεις
582 1847 748 1903 ἑαυτόνς
783 1847 810 1903 ἢ
837 1848 909 1891 οὐκ
937 1847 1049 1899 οἶδας
1066 1847 1121 1899 ὡς
1136 1847 1407 1903 ὖποβλέπεταί
1422 1865 1465 1890 σε
1485 1848 1552 1889 διὰ
1569 1852 1687 1890 τοῦτο

219 1915 265 1958 τὸ
301 1918 509 1971 ποίμνιον,·
546 1916 806 1976 ἄπορρᾶγηθι
843 1921 915 1973 τῆς
945 1922 1018 1960 τοῦ
1047 1922 1250 1972 λυμεῶνος
1275 1918 1501 1968 ξυναυλιάς.
1571 1916 1686 1974 ἀνδρὶ

311 2035 367 2069 22.
392 2031 454 2069 ἐπὶ
476 2035 625 2081 σχολῆς]
649 2035 734 2071 Duc.
760 2032 821 2071 ἐπὶ
842 2036 953 2081 χολῆς
976 2039 1133 2071 vertenst
1157 2048 1226 2071 non
1246 2036 1320 2072 sine
1339 2011 1594 2081 indignatione.

224 2136 310 2169 hanc
326 2137 370 2169 ob
388 2147 520 2170 causam
542 2137 703 2182 depulsus
726 2141 790 2173 est.
838 2139 1019 2173 monachus
1046 2139 1183 2184 quidam
1196 2138 1335 2185 Nipbon
1350 2138 1502 2180 nomine,
1522 2137 1581 2182 qui
1597 2136 1684 2171 libe-

224 2182 315 2215 tales
330 2181 520 2227 disciplinas
536 2183 763 2228 humanasque
777 2185 934 2219 scientias
949 2197 992 2219 ne
1011 2185 1146 2219 summis
1162 2185 1297 2230 quidem
1310 2185 1414 2218 labris
1429 2184 1685 2227 degustaverat,

225 2227 291 2260 etsi
306 2227 411 2261 sacris
427 2238 447 2260 a
463 2228 607 2273 pueritia
622 2229 729 2262 literis
752 2230 917 2272 imbutus,
946 2243 1019 2264 cum
1041 2231 1209 2265 Michaiile
1231 2231 1304 2264 viro
1326 2230 1383 2275 pio
1411 2229 1606 2273 virtuteque
1632 2228 1684 2262 in-

224 2273 311 2316 signi
325 2273 584 2307 ecclesiasticam
599 2274 794 2318 dignitatem
809 2283 951 2319 regente
962 2303 972 2319 ‚
1004 2276 1093 2310 haud
1109 2288 1191 2310 sana
1206 2276 1297 2310 circa
1311 2274 1534 2308 Christianam
1548 2273 1686 2318 religio-

223 2330 299 2352 nem
313 2319 439 2353 sentire
453 2319 545 2352 visus
562 2324 671 2362 esset,
694 2320 839 2365 ideoque
854 2322 978 2355 iudicio
994 2322 1150 2366 synodali
1165 2322 1286 2356 fuisset
1300 2320 1556 2363 condemnatus,
1582 2320 1685 2353 barba

223 2364 268 2398 ad
297 2365 385 2398 talos
407 2375 515 2409 usque
536 2369 716 2410 protensa,
744 2366 885 2408 derasa,
916 2368 1043 2401 carceri
1066 2367 1282 2413 mancipatur.
1328 2370 1367 2399 ut
1382 2377 1466 2399 vero
1481 2366 1553 2399 vita
1568 2367 1685 2399 functo

223 2409 393 2444 Michalee
404 2435 415 2452 ‚
445 2410 561 2444 sedem
591 2411 728 2455 excepit
757 2411 897 2445 cosmas
909 2437 918 2453 ‚
950 2413 1088 2458 Niphon
1117 2411 1266 2446 liberiori
1295 2411 1409 2445 statim
1433 2423 1514 2445 usus
1537 2411 1684 2455 licentia,

221 2457 373 2500 publicos
397 2466 596 2500 congressus
612 2456 683 2500 egit
696 2457 731 2490 in
747 2457 902 2502 compitis
913 2482 923 2498 ‚
955 2470 1145 2504 pravasque
1161 2469 1238 2492 suas
1254 2457 1425 2502 opiniones
1440 2458 1564 2502 ubique
1579 2457 1683 2490 diffu-

222 2501 291 2543 dit,
321 2502 557 2535 Hebraeorum
587 2502 685 2536 deum
716 2503 825 2547 palam
852 2504 1044 2548 repudians.
1091 2505 1225 2547 amabat
1239 2502 1404 2537 hominem·
1423 2513 1528 2548 supra
1549 2502 1683 2536 modum

222 2546 384 2591 Cosmus,
415 2547 694 2592 admittebatque.
707 2548 740 2582 in
764 2548 816 2582 sui
842 2550 1043 2583 consortium
1056 2577 1066 2594 ‚
1098 2555 1134 2584 et
1149 2549 1322 2595 superiora
1337 2548 1370 2582 in
1385 2560 1460 2582 eum
1475 2549 1613 2582 decreta
1628 2548 1683 2580 in-

220 2591 367 2626 iustitiae
382 2594 565 2637 arguebat,
593 2605 793 2639 quamquam
808 2598 889 2627 tunc
904 2595 1004 2628 etiam
1019 2596 1189 2630 immodice
1203 2595 1236 2629 in
1250 2594 1342 2628 illum
1359 2599 1395 2627 et.
1408 2594 1449 2628 ad
1465 2593 1684 2638 petulantiam

220 2648 328 2682 usque
359 2650 544 2684 propensus
574 2640 781 2674 atrocissime
810 2640 963 2685 repulsus
995 2641 1129 2682 fuerat,
1161 2646 1198 2675 et
1220 2651 1280 2685 pro
1306 2645 1359 2673 ter
1380 2639 1538 2674 virtutem
1561 2638 1682 2672 divinis

167 2708 169 2710 ·
219 2684 462 2730 propemodum
480 2684 632 2718 laudibus
647 2697 722 2719 eum
737 2686 924 2728 efferebat,
948 2686 1162 2731 addebatque
1179 2686 1244 2721 iam
1259 2651 1336 2719 oiim
1350 2685 1399 2718 illi
1414 2684 1622 2739 praedictum
1637 2685 1682 2719 ab

219 2740 260 2763 eo
273 2755 284 2772 ‚
314 2730 392 2764 fore
418 2734 456 2763 ut
483 2730 739 2775 patriarchalem
763 2732 917 2766 thronum
933 2731 1201 2766 conscenderet·
1233 2731 1319 2765 haec
1333 2731 1446 2764 multis
1459 2741 1525 2764 non
1541 2730 1682 2775 placue-

219 2779 319 2810 runt:
347 2774 437 2809 unde
453 2787 495 2809 ex
510 2775 551 2809 iis
566 2776 731 2814 nonnulli.
765 2778 886 2822 quibus
901 2777 1106 2822 potissimum
1123 2778 1265 2812 Cosmae
1280 2776 1369 2810 salus
1385 2787 1489 2810 curae
1503 2782 1596 2820 erat,
1626 2781 1680 2810 ta·

219 2821 286 2855 cite
301 2821 498 2856 accedentes
530 2822 672 2866 “‘quid'’
699 2823 834 2857 aiebant
857 2825 910 2856 “o
926 2822 1039 2857 divine
1053 2828 1181 2868 pastor,
1205 2827 1307 2857 temet
1322 2823 1429 2867 ipsum
1444 2822 1523 2867 lupo
1539 2833 1679 2856 concre—

220 2867 270 2899 di÷
282 2868 302 2901 ’.ὶ
331 2878 374 2901 an
398 2877 463 2901 non
490 2866 586 2901 vides
613 2872 795 2913 propterea
810 2872 846 2903 te
861 2879 884 2904 a
897 2879 1003 2914 grege
1027 2868 1185 2914 despici?
1214 2868 1338 2903 recede
1354 2868 1396 2903 ab
1411 2868 1554 2902 exitiosa
1568 2867 1693 2902 socie--
