1878 3262
528 196 1073 262 commanrfflossnm
1104 197 1153 240 L.
1179 195 1236 239 Π.
1552 192 1618 238 75

149 320 244 372 διχῆ
271 317 338 359 καὶ
371 314 493 366 αὗτός
520 315 594 365 τὰς
620 311 809 368 δυνάμεις
836 315 981 365 διεῖλε,
1025 314 1093 355 καὶ
1122 311 1168 355 τὸ
1198 311 1273 367 μὲν
1303 313 1377 366 τῆς
1411 306 1619 368 φάλαγγος
1640 317 1674 351 V
1696 318 1741 354 36

149 385 273 436 αὐτὸς
307 385 524 439 ἀναλαβὼν
559 385 686 426 εἵπετο
719 381 876 436 βάδην,
923 382 970 424 τὸ
1004 381 1046 424 δ’
1084 381 1186 424 εὐθὺ
1219 381 1377 423 ἀπιέναι
1409 384 1482 434 τῆς
1518 379 1619 436 πρὸς

147 455 245 504 τοὺς
266 454 448 504 Κελτοὺς
467 450 754 509 μισθοφόρους
769 449 1044 507 παρήγγειλεν.
1112 451 1194 493 ἐπεὶ
1223 450 1264 491 δ’
1298 449 1345 491 οὗ
1378 447 1518 505 πόρρω
1542 449 1618 490 ἆλ-

149 522 285 578 λήλιον
308 517 415 577 ἦσαν
426 555 440 574 ,
473 522 553 577 ἤδη
575 522 616 563 οἵ
632 538 674 563 τε
694 518 949 576 μισθοφόροι
973 521 1042 560 καὶ
1067 519 1105 560 οἶ
1130 519 1312 572 πολέμιοι
1339 515 1490 572 ὁμιλεῖν
1516 517 1619 574 πρὸς

115 590 352 646 ὁᾶλλήλους
374 591 570 647 ἤρχοντο·
610 591 676 632 καὶ
709 589 834 638 εὐθὺς
861 585 1191 644 προσκεχώρηκεν
1226 586 1334 628 ἅπαν
1368 586 1412 629 τὸ
1437 588 1526 643 περὶ
1550 586 1619 627 τὸν

149 659 306 703 Πάπαν
320 658 581 717 μισθοφόρον
597 665 681 708 τοῖς
699 658 928 711 πολεμίοις,
950 659 1017 698 καὶ
1037 657 1348 707 ξυνασπίσαντες
1366 655 1492 712 ἄμφω
1512 656 1620 696 ἒπει-

148 734 280 786 ρῶντο
302 732 471 770 κυκλοῦν
495 728 591 777 τοὺς
611 728 699 784 περὶ
722 727 791 769 τὸν
812 728 1001 782 καίσαρα.
1067 729 1134 766 καὶ
1160 723 1182 767 ὃ
1205 725 1424 782 Οὖρσέλιος
1454 725 1498 766 δὲ
1528 725 1615 765 ἐπί·
1639 727 1670 762 C

150 802 289 840 λεκτον
313 797 416 851 ἔχων
438 801 511 850 τῆς
533 793 783 854 φάλαγγος*
797 793 826 826 *
840 793 868 825 *
882 792 911 825 *
937 792 1182 837 ἐπιστάντων
1202 798 1282 836 τῶν
1300 792 1526 850 βαρβάρων
1546 792 1620 847 τὴν

150 865 299 923 ἔφοδον
331 867 464 921 γέγονε
493 864 604 920 μάχη
636 862 835 921 καρτερά,
871 865 938 905 καὶ
961 865 1150 905 πίπτουσι
1182 864 1321 916 συχνοὶ
1355 861 1620 918 ἑκατέρωθεν.

96 943 143 978 10
152 939 233 993 τῶν
254 935 297 976 δὲ
320 933 503 991 δοράτων
527 934 768 991 ἀμφοτέρων
789 933 1112 989 θραυσθέντων,
1150 931 1202 974 τὰ
1221 933 1317 988 ξίφη
1339 929 1620 987 γυμνώσαντες

149 1001 390 1060 ἀγχεμάχως
408 1001 607 1057 ἀλλήλους
625 1003 875 1058 ἐτίτρωσκον.

294 1072 370 1116 15.
431 1071 544 1114 Ἀλλ’
574 1072 616 1112 ἓν
639 1070 723 1128 ὅσῳ
749 1075 880 1113 ταῦτα
905 1067 1146 1126 ἐπράττετο,
1183 1066 1204 1110 ὃ
1235 1068 1307 1122 τὴν
1333 1067 1528 1123 οὖραγιάν
1550 1083 1622 1108 πε*
1666 1093 1670 1099 ,

148 1141 410 1194 πιστευμένος
433 1140 529 1190 τοὺς
552 1138 840 1197 μισθοφόρους
864 1137 1072 1193 θεώμενος
1097 1144 1181 1187 τοῖς
1204 1138 1409 1190 πολεμίοις
1431 1152 1622 1191 προσχω-

151 1207 357 1266 ρήσαντας
387 1210 454 1251 καὶ
489 1207 738 1258 σπεύδοντας
774 1209 847 1262 τὴν
881 1206 1072 1265 φάλαγγα
1105 1210 1277 1248 κυκλοῦν
1302 1200 1351 1260 ’ἧς
1376 1209 1572 1259 κατῆρχεν
1600 1201 1622 1245 ὅ
1653 1229 1655 1231 >

95 1283 321 1335 15καῖσαρ,
358 1279 448 1320 δέον
482 1281 678 1332 βοηθεῖν,
714 1275 736 1318 ὃ
770 1277 814 1318 δὲ
843 1276 918 1326 τὰς
947 1274 1137 1328 δυνάμεις
1169 1274 1387 1328 ἀναλαβὼν
1411 1271 1622 1329 ὑπεχώρει,

149 1349 281 1389 καίτοι
306 1347 406 1403 ἀνὴρ
429 1345 484 1388 ὢν
505 1347 713 1403 ἀνδρεῖος,
749 1343 804 1395 ὥς
831 1346 872 1387 ἓν
901 1349 1065 1393 πολλοῖς
1090 1345 1274 1397 δέδειχεν.
1344 1343 1382 1384 οἳ
1410 1341 1617 1398 βάρβαροι
1639 1350 1673 1385 D

151 1417 197 1458 δὲ
222 1416 359 1465 ἀδείας
386 1413 628 1471 δραξάμενοι
652 1412 844 1456 ἓκῦκλουν
865 1414 996 1463 ἀδεῶς
1014 1412 1110 1462 τοὺς
1133 1414 1222 1469 περὶ
1244 1412 1312 1454 τὸν
1335 1413 1526 1468 καίσαρα.
1575 1410 1622 1452 τὸ

151 1485 198 1526 δὲ
228 1485 318 1540 περὶ
352 1483 475 1525 αὐτὸν
511 1482 727 1540 βάρβαρον
761 1483 880 1539 μέχρι
911 1482 984 1536 μέν
1014 1498 1123 1531 τινος
1157 1481 1282 1534 ἔμεινε
1315 1479 1471 1534 βάλλον
1492 1497 1534 1522 τε
1556 1480 1626 1520 καὶ

91 1596 93 1598 ,
149 1551 426 1608 βαλλόμενον·
461 1553 543 1594 ἐπεὶ
577 1553 618 1594 δ’
657 1550 733 1594 εῗὸε
767 1556 850 1594 τῶν
883 1551 1085 1603 πολεμίων
1115 1550 1210 1599 τοὺς
1250 1550 1324 1603 μὲν
1356 1549 1460 1591 κατὰ
1491 1546 1627 1601 στόμα

95 1622 418 1671 Ξοᾶπαντιῦντας
437 1621 533 1671 τοὺς
554 1622 597 1663 δὲ
618 1621 724 1662 κατὰ
743 1618 874 1662 νώτου
899 1619 1157 1675 γενομένους,
1194 1617 1345 1676 ἀπορίᾳ
1378 1617 1457 1672 ’ἤδη
1493 1618 1636 1659 avrel«

149 1707 258 1746 χετο.
287 1703 292 1706 ·
328 1689 425 1732 ἀλλ’
454 1687 475 1732 ὅ
501 1696 649 1747 καΐσαρ
677 1689 856 1747 ἀτρέμας
882 1687 1008 1738 ἑστώς
1033 1685 1278 1745 ἓπερρώννυε
1302 1687 1355 1729 τὰ
1382 1684 1629 1744 φρονήματα

245 1798 280 1833 8.
304 1794 512 1841 φάλαγγος]
535 1797 688 1831 Iudicavi
708 1797 874 1832 lacunam.
975 1796 1061 1831 ibid.
1085 1792 1333 1839 ἐπιστάντων]
1358 1791 1630 1828 ὕποστοὶντωνὶ)

247 1845 303 1878 10.
327 1840 570 1887 ἀμφοτέρων]
596 1843 633 1876 Ρ.
658 1839 943 1888 ἀμφοτέρωθεν.
1081 1842 1136 1876 17.
1158 1837 1310 1885 οἷδείοις]
1334 1840 1392 1875 Ita
1412 1840 1454 1874 P.
1477 1851 1541 1885 pro
1564 1834 1630 1873 ἅν-

248 1889 352 1933 δρας.
447 1889 500 1923 18.
524 1888 588 1933 τε]
612 1888 657 1922 V.
682 1889 736 1923 δέ.

155 1992 233 2026 gem
254 1979 387 2025 quidem
409 1979 482 2024 ipse
504 1979 566 2013 sibi
582 1989 756 2013 assumens
773 1979 982 2025 sequebatur
997 1978 1173 2013 moderato
1189 1988 1303 2024 passu.
1351 1977 1497 2022 reliquas
1512 1976 1629 2022 copias

108 2056 113 2062 .
156 2027 271 2061 statim
287 2025 457 2061 admoveri
475 2025 583 2059 Gallis
598 2025 825 2071 stipendiariis
846 2025 966 2067 iussit,
999 2025 1043 2058 ad
1065 2035 1150 2069 quos
1175 2029 1214 2058 ut
1237 2028 1291 2057 est
1315 2023 1455 2069 propius
1480 2029 1631 2066 ventum,

156 2073 315 2107 conferre
331 2083 503 2105 sermones
518 2071 608 2104 inter
623 2083 662 2105 se
677 2076 864 2116 coeperunt
880 2076 1048 2115 pactaque
1062 2071 1165 2104 facile
1182 2070 1375 2115 proditione
1390 2069 1554 2114 quidquid
1566 2069 1631 2102 sti-

156 2118 323 2164 pendiarii
340 2117 447 2150 militis
462 2117 524 2150 sub
541 2117 626 2150 duce
644 2118 734 2162 Papa
750 2118 815 2151 fuit
828 2116 940 2150 statim
965 2117 1007 2150 ad
1024 2116 1150 2150 Urselii
1166 2121 1283 2161 partes
1298 2115 1440 2149 transiit.
1464 2115 1629 2159 mixtique

159 2164 323 2198 communi
345 2164 411 2196 iam
439 2163 578 2196 consilio
607 2164 815 2196 conabantur
831 2163 1074 2196 circumvenire
1089 2167 1124 2195 et
1138 2162 1287 2206 undique
1303 2161 1462 2195 claudere
1478 2161 1630 2205 reliquas

156 2221 272 2244 omnes
288 2209 446 2242 Caesaris
463 2209 589 2253 copias.
620 2208 776 2242 Urselius
793 2220 876 2241 vero
893 2209 967 2253 ipse
983 2220 1095 2242 secum
1113 2208 1239 2241 ducens
1253 2208 1344 2252 quod
1361 2207 1456 2240 floris
1472 2212 1508 2239 et
1522 2208 1629 2240 robo-

157 2256 207 2290 ris
215 2256 249 2288 in
260 2256 427 2301 phalange
438 2254 544 2299 ipsius
561 2259 634 2288 erat
647 2259 724 2287 toto
738 2255 864 2298 impetu
881 2254 913 2287 in
928 2254 1068 2288 mediam
1079 2253 1236 2287 Caesaris
1252 2254 1356 2287 aciem
1373 2253 1487 2298 coepit
1500 2252 1629 2287 invehi.

157 2302 313 2336 barbaris
338 2312 440 2345 porro
458 2300 674 2334 Caesarianis
697 2300 849 2334 hostilem
865 2300 1023 2345 impetum
1040 2299 1175 2333 fortiter
1191 2299 1432 2344 excipientibus
1449 2298 1630 2332 committi-

157 2353 216 2381 tur
230 2352 330 2380 atrox
345 2357 479 2391 pugna,
510 2346 623 2379 multis
635 2345 804 2390 utrimque
823 2346 1032 2380 cadentibus.
1076 2346 1214 2390 iamque
1240 2345 1345 2379 hastis
1370 2345 1539 2389 utrimque
1555 2345 1628 2378 sra-

158 2393 224 2427 otis
239 2392 376 2426 strictos
393 2392 537 2437 undique
552 2392 736 2426 versabant
751 2403 850 2426 enses
865 2402 971 2437 seque
985 2391 1127 2426 invicem
1144 2391 1324 2425 comminus
1338 2391 1462 2424 mutuis
1476 2389 1630 2423 vulneri-

158 2439 223 2474 bus
236 2439 435 2474 caedebant.

255 2484 308 2519 15.
355 2484 444 2517 Dum
460 2483 544 2517 haec
558 2483 701 2517 maxime
714 2483 837 2517 fierent
850 2507 860 2524 ,
888 2481 917 2516 is
933 2482 988 2517 cui
1003 2487 1204 2528 postremum
1219 2492 1342 2525 agmen
1357 2481 1547 2515 ducendum
1563 2481 1629 2515 ob-

161 2535 324 2572 venerat,
355 2529 589 2575 stipendiarios
613 2529 734 2562 videns
759 2529 802 2562 ad
825 2529 940 2562 hostes
955 2534 1188 2572 transgressos
1203 2527 1367 2561 communi
1384 2538 1459 2561 cum
1473 2527 1538 2560 illis
1554 2532 1631 2561 stu-

161 2574 216 2608 dio
232 2575 268 2608 id
281 2586 383 2620 agere
395 2603 405 2619 ‚
428 2581 467 2608 ut
483 2575 719 2609 Caesarianam
736 2574 842 2608 aciem
859 2574 1008 2619 undique
1026 2573 1210 2616 ambirent,
1229 2585 1303 2607 cum
1318 2578 1392 2607 toto
1407 2573 1534 2618 impetu
1551 2585 1641 2613 suc--

163 2631 300 2654 currere
328 2621 488 2664 deberet,
520 2633 540 2654 e
564 2621 733 2654 contrario
759 2620 934 2654 subductis
957 2631 1070 2653 secum
1087 2619 1193 2664 copiis
1206 2619 1358 2655 recessit.
1405 2619 1495 2664 quod
1513 2620 1631 2653 mirum

164 2677 246 2699 sane
260 2666 324 2699 fuit
337 2667 372 2700 in
386 2667 460 2700 viro
477 2667 600 2711 alioqui
615 2666 695 2700 forti
705 2694 715 2710 ‚
731 2667 862 2711 qualem
879 2677 916 2700 se
931 2665 1041 2699 multis
1056 2665 1138 2699 alias
1154 2665 1390 2710 experimentis
1409 2666 1626 2710 probaverat.

164 2722 207 2744 eo
237 2711 304 2745 iam
327 2713 479 2746 securius
495 2712 630 2746 barbari
645 2712 732 2746 aciei
748 2712 904 2746 Caesaris
920 2711 1282 2746 circumfundebantur.
1327 2711 1424 2745 stetit
1444 2711 1502 2744 illa
1526 2710 1629 2744 nihilo

163 2757 272 2790 minus
295 2757 499 2801 aliquamdiu
523 2758 706 2792 inferendis
732 2757 1009 2803 excipiendisque
1035 2762 1150 2791 mutuo
1174 2757 1294 2802 plagis.
1342 2757 1399 2790 ubi
1414 2763 1526 2791 autem
1542 2756 1630 2790 vidit

164 2803 281 2836 hostes
311 2803 431 2847 partim
458 2815 480 2838 a
502 2805 617 2838 fronte
630 2804 812 2847 instantes,
840 2803 965 2849 partim
981 2815 1002 2837 a
1016 2807 1115 2848 tergo
1131 2803 1329 2845 caedentes,
1358 2803 1547 2836 fluctuabat
1562 2802 1630 2834 iam

165 2847 256 2883 haud
281 2847 386 2883 dubie
407 2849 707 2896 despondebatque
729 2850 884 2886 murnum.
912 2854 1080 2886 -ceterum
1095 2849 1226 2888 Caesar
1239 2849 1366 2884 invicto
1382 2854 1522 2895 pectore
1536 2852 1632 2881 stans
