1878 3262
532 173 1076 219 COMMENTARIORUM
1108 173 1156 216 L.
1189 172 1225 219 1.
1533 169 1603 219 49

140 309 220 335 νων
251 290 311 334 ἀεὶ
347 286 523 346 διωγμόν
552 306 643 332 τινα
673 286 844 345 ἐξήγειρε
875 288 980 331 κατὰ
1012 292 1093 332 τῶν
1115 290 1367 344 Κομνηνῶν,
1400 289 1470 331 καὶ
1489 286 1601 341 ὅστις

139 360 309 402 λεκτέον.
377 358 507 416 ἄνδρα
540 358 631 401 τινὰ
662 356 955 415 θρασύστομον
985 355 1163 415 εὖρηκώς
1193 359 1261 400 καὶ
1289 357 1496 413 ἠκονηκὼς
1524 359 1599 414 τὴν

138 432 320 485 γλῶτταν
352 428 479 470 αὐτοῦ
516 425 610 469 ὡσεὶ
641 425 773 483 ὄφεως
803 425 908 468 κατὰ
941 430 1014 481 τῆς
1044 428 1226 482 γενναίας
1260 425 1413 469 τούτων
1445 427 1601 484 μητρὸς

137 499 372 549 καθοπλίζει
385 529 398 549 ,
434 496 707 553 συκοφαντίαν
738 492 959 552 συρράψας
986 495 1076 537 τινὰ
1106 493 1287 550 ψεύδους
1312 494 1494 551 ἔκγονον,
1531 497 1601 538 καὶ

104 564 361 622 ὄγράμματα
391 563 730 619 συμπλασάμενος
760 565 802 614 ἐξ
832 564 980 618 ἐκείνης
1011 563 1114 620 πρὸς
1144 564 1214 606 τὸν
1235 565 1430 620 Διογένην
1450 566 1602 619 κομίζει

136 639 266 677 ταῦτα
287 639 345 692 τῷ
365 638 537 688 βασιλεῖ’.
604 637 663 691 τῷ
687 633 730 674 δὲ
749 630 859 687 μήθ’
884 631 994 681 ὅστις
1015 632 1074 687 εἴη
1100 630 1120 673 ὅ
1142 631 1364 690 κατήγορος
1385 637 1602 676 σκοποῦντι

135 702 237 758 μήτε
258 703 308 758 δὴ
328 704 458 757 μένων
479 706 554 744 τοῦ
575 701 920 758 κατηγορουμένου
948 700 993 743 τὸ
1024 699 1261 758 πρόσωπον,
1298 701 1423 751 εὐθὺς
1446 702 1598 757 ξυμβέ-
1619 711 1651 748 Ρ
1673 711 1719 748 35

136 777 235 826 βηκε
259 776 419 826 μηνιᾶν.
488 771 672 813 ἐντεῦθεν
706 767 946 826 δικαστήριά
984 786 1026 812 τε
1062 776 1333 826 συνεκροτεῖτο
1368 772 1436 812 καὶ
1472 770 1602 824 μετά-

136 857 316 894 πεμπτος
344 838 370 894 ἡ
403 838 563 895 εὐγενὴς
594 840 661 881 καὶ
681 840 842 894 γενναιά
863 839 930 880 καὶ
950 836 1128 895 σώφρων
1149 833 1200 892 ἦν
1221 839 1284 879 ἐπὶ
1307 838 1359 880 τὰ
1381 837 1602 897 ἀνάκτορα.

82 907 163 963 1οἧ
189 910 232 951 δὲ
252 910 408 965 ἐφοίτα.
461 908 555 950 ἀλλ’
582 906 603 950 ὃ
627 908 701 962 μὲν
718 907 910 961 βασιλεὺς
930 907 1088 963 ᾐδέσθη
1114 906 1301 956 κοινωνὸς
1320 907 1507 962 γενέσθαι
1527 912 1603 951 τοῦ

135 978 387 1031 σκέμματος,
424 975 640 1032 συνήγοντο
673 976 716 1018 δὲ
745 976 783 1017 οἱ
815 977 904 1031 περὶ
928 976 978 1017 τὰ
1004 974 1243 1032 δικαστήρια
1264 979 1336 1030 τῆς
1357 978 1500 1032 κυρίας
1518 994 1603 1018 πα-

135 1045 286 1103 ρούσης
316 1048 383 1088 καὶ
415 1050 489 1087 τοῦ
509 1044 682 1101 κήρυκος
702 1044 803 1101 πρὸς
823 1044 896 1098 τὴν
917 1045 1030 1099 δίκην
1049 1047 1279 1094 καλοῦντος.
1348 1044 1485 1087 εἴσεισι
1504 1050 1602 1101 γοῦν

133 1113 161 1169 ἦ
183 1116 343 1170 γενναία
367 1116 434 1156 καὶ
452 1112 739 1169 μεγαλόψυχος
761 1115 924 1169 φαιδρῷ
947 1117 1005 1169 τῷ
1026 1110 1244 1169 προσώπῳ,
1279 1114 1346 1153 καὶ
1370 1112 1444 1167 τὴν
1468 1112 1603 1156 εἰκόνα

136 1184 180 1225 δὲ
199 1181 434 1239 κρύπτουσα
445 1181 524 1224 ὑπὸ
543 1182 616 1237 τὴν
632 1180 828 1236 χλαμύδα
853 1185 926 1223 τοῦ
949 1179 1110 1223 πάντων
1134 1183 1325 1222 δικαστοῦ
1349 1179 1478 1236 ἐξάγει
1499 1180 1602 1224 ταύ-

79 1256 123 1293 15
135 1269 208 1307 την
227 1250 404 1308 ἀθρόον,
441 1253 508 1293 καὶ
541 1255 674 1306 σεμνῷ
703 1254 762 1307 τῷ
792 1248 968 1304 σχήματι
997 1251 1064 1291 καὶ
1085 1254 1144 1306 τῷ
1164 1250 1368 1303 βλέμματι
1386 1250 1487 1306 πρὸς
1503 1251 1600 1301 τοὺς
1620 1254 1652 1291 Β

134 1320 330 1370 δικαστὰς
358 1320 574 1362 ἀτενίσασα
598 1312 778 1368 “οτῖτος”
819 1318 896 1375 ἔφη
926 1316 1151 1372 ((δικαστὴς
1190 1319 1290 1371 ἐμοῦ
1322 1335 1364 1360 τε
1391 1320 1458 1360 καὶ
1484 1317 1602 1373 ὑμῶν

134 1390 380 1431 καθίσταται
410 1387 610 1444 σήμερον,
660 1386 762 1442 πρὸς
791 1385 835 1428 ὃν
864 1387 1103 1438 ἀτενίζοντες
1132 1385 1303 1443 ’ψήφους
1331 1387 1514 1444 ἐκφέρετε
1541 1388 1601 1443 μὴ

135 1457 303 1508 ἀναξίας
325 1461 399 1498 τοῦ
421 1459 615 1498 δικαστοῦ
635 1460 707 1497 τοῦ
734 1453 886 1505 εἰδότος
904 1455 956 1496 τὰ
975 1453 1177 1512 κρύφια.”
1248 1455 1294 1496 τὸ
1316 1460 1414 1510 γοῦν
1434 1456 1601 1513 στερρὸν

132 1531 207 1568 τοῦ
245 1524 367 1581 λόγου
400 1526 538 1567 ἐκεῖνοι
566 1522 847 1577 ἐνωτισάμενοι
876 1521 1071 1577 θάμβους
1097 1521 1283 1579 γεγόνασι
1314 1525 1477 1577 μεστοί,
1531 1526 1601 1566 καὶ

76 1599 422 1652 Ξοπαραιτεῖσθαι
441 1594 514 1649 τὴν
534 1595 647 1648 δίκην
669 1592 763 1634 ἔνιοι
780 1591 951 1648 ἤρχοντο
971 1590 1281 1646 βδελυττόμενοι
1300 1592 1373 1646 τὴν
1392 1609 1602 1651 συκοφαν-

132 1665 242 1706 τίαν·
275 1662 354 1718 ἥδη
385 1663 462 1719 γὰρ
493 1663 716 1715 διέλαμψεν
735 1659 760 1716 ἦ
783 1659 958 1715 ἀλήθεια
979 1658 1035 1710 ὥς
1053 1660 1209 1717 πυρσὸς
1227 1658 1298 1701 ὕπ’
1323 1659 1479 1718 αἰθάλῃ
1500 1679 1601 1719 κρυ-

132 1730 341 1786 πτόμενος.
412 1731 505 1774 ἀλλ’
531 1731 569 1772 οἳ
598 1731 671 1785 μὲν
690 1730 760 1772 τὸν
784 1734 899 1772 θεῖον
925 1727 1057 1788 φόβον
1074 1736 1165 1779 ταῖς
1182 1730 1368 1787 καρδίαις
1387 1731 1600 1787 ἐντρέφον-

132 1861 231 1896 bonis
246 1860 399 1894 invidere
417 1871 549 1906 semper
576 1862 629 1894 est
648 1859 768 1894 solitus
794 1869 935 1903 gravem
949 1857 1132 1904 procellam
1145 1857 1180 1892 in
1198 1855 1388 1892 Comnenos
1404 1857 1602 1896 concitavit.

132 1907 169 1942 id
185 1907 353 1952 quomodo
370 1912 405 1940 et
419 1917 481 1951 per
499 1917 599 1951 quem
615 1904 794 1949 contigerit
807 1904 966 1949 deinceps
984 1915 1163 1949 exsequar.
1210 1905 1263 1938 vir
1279 1909 1351 1938 erat
1368 1904 1435 1938 oris
1451 1905 1602 1948 audacis,

133 1965 233 1998 quem
248 1953 406 1986 idoneum
422 1952 606 1985 calumniae
621 1951 805 1985 ministrum
820 1951 927 1984 malus
942 1950 1083 1984 daemon
1098 1954 1217 1984 nactus
1227 1976 1237 1992 ‚
1263 1950 1410 1994 linguam
1426 1950 1497 1984 eius
1513 1951 1603 1985 sicut

132 1999 303 2043 serpentis
326 2002 499 2032 exacutam
526 1997 670 2032 armavit
693 1997 855 2031 adversus
880 1997 1125 2030 Comnenorum
1149 2002 1287 2029 matrem
1313 1996 1483 2030 mulierem
1498 2008 1602 2042 prae-

131 2045 384 2080 stantissimam.
430 2044 548 2077 falsam
563 2043 722 2076 videlicet
737 2042 983 2076 accusationem
999 2042 1032 2075 in
1048 2053 1120 2076 eam
1138 2042 1327 2087 composuit
1341 2042 1493 2076 confictis
1509 2043 1605 2077 litte-

133 2091 180 2125 ris
190 2117 201 2134 ‚
225 2091 322 2135 quasi
338 2091 379 2123 ab
396 2089 470 2134 ipsa
485 2089 620 2135 scriptis
636 2088 680 2122 ad
695 2088 899 2132 Diogenem,
923 2098 1005 2132 quas
1020 2092 1054 2121 et
1070 2088 1114 2122 ad
1129 2088 1367 2132 imperatorem
1383 2087 1516 2123 detulit.
1542 2088 1602 2134 qui

132 2148 198 2171 nec
221 2147 322 2180 quam
347 2135 435 2169 levis
459 2140 573 2169 tantae
599 2134 650 2168 rei
676 2139 796 2167 auctor
818 2138 910 2167 esset
931 2139 1114 2178 reputans,
1146 2145 1210 2167 nec
1234 2133 1402 2167 tantillum
1420 2134 1602 2178 sustinens,

133 2182 249 2228 quoad
270 2186 432 2216 accusata
458 2183 688 2225 compareret,
718 2179 831 2213 statim
845 2179 916 2212 irae
932 2183 967 2212 et.
985 2179 1104 2213 ultioni
1117 2190 1154 2212 se
1171 2179 1332 2224 permisit.
1378 2179 1456 2213 hinc
1478 2180 1602 2214 iudicia

133 2228 413 2274 comparabantur
426 2252 437 2268 ‚
469 2232 505 2260 et
530 2226 735 2259 nobilissima
752 2231 855 2270 atque
870 2225 1103 2259 honestissima
1117 2232 1271 2259 matrona
1285 2225 1318 2258 in
1339 2225 1498 2270 palatium
1514 2226 1602 2260 cita-

133 2278 202 2309 tur.
247 2274 343 2308 venit
367 2273 425 2307 illa
447 2272 617 2317 intrepide
640 2271 910 2315 gravitatemque
926 2271 996 2304 eius
1010 2271 1195 2316 imperator
1208 2271 1376 2305 reveritus
1391 2271 1517 2305 iudicio
1533 2283 1603 2307 non

131 2319 299 2354 interfuit.
344 2325 494 2353 ceterum
511 2319 564 2360 bi,
595 2329 680 2362 quos
705 2317 747 2351 ad
775 2316 811 2350 id
826 2316 1061 2360 delegaverat,
1091 2317 1200 2351 omnia
1215 2328 1258 2350 ex
1276 2322 1439 2351 consueta
1455 2317 1601 2352 formula

134 2370 314 2410 gerentes,
344 2369 528 2410 praesente
555 2363 708 2407 domina,
738 2361 855 2396 vocari
870 2363 991 2396 camin
1006 2362 1058 2396 ius
1074 2374 1136 2407 per
1151 2374 1352 2407 praeconem
1367 2363 1496 2397 iubent.
1544 2363 1600 2396 in-

132 2411 290 2456 greditur
313 2411 412 2444 fortis
437 2415 473 2444 et
495 2410 706 2454 magnanima
731 2408 848 2442 mulier
869 2408 960 2442 laeto
983 2420 1172 2453 serenoque
1195 2408 1316 2451 vultu,
1348 2412 1384 2441 et
1410 2419 1512 2453 quam
1535 2409 1600 2443 sub

133 2462 233 2491 veste
255 2457 420 2491 occultam
436 2457 520 2490 clam
536 2456 685 2489 habebat
700 2454 831 2488 iconem
845 2454 994 2498 supremi
1009 2454 1152 2488 omnium
1167 2453 1287 2487 iudicis
1306 2453 1453 2494 Christi,
1486 2454 1601 2489 subito

133 2504 312 2548 proferens
327 2502 604 2549 compositissimo
619 2500 747 2542 habitu,
763 2500 869 2534 oculis
880 2501 913 2533 in
926 2500 1054 2533 iudices
1065 2500 1215 2543 intentis,
1231 2498 1334 2542 “en‚''
1347 2499 1467 2544 inquit,
1478 2502 1502 2519 ‘⁶
1513 2501 1602 2534 hunc

134 2548 215 2582 mihi
239 2549 339 2583 hodie
362 2560 403 2582 ac
429 2549 526 2582 vobis
553 2547 770 2581 constitutum
796 2550 952 2590 putatote
977 2544 1139 2587 iudicem,
1169 2545 1204 2578 in
1220 2555 1295 2578 eum
1308 2544 1414 2587 igitur
1428 2545 1602 2580 intuentes

160 2594 289 2628 roferte
303 2594 346 2628 de
361 2606 413 2629 me
427 2594 612 2632 sententias
628 2604 693 2626 non
709 2591 859 2636 indignas
873 2591 984 2624 iudice
1001 2591 1132 2625 occulta
1149 2590 1343 2625 cernente.''
1388 2591 1443 2625 hic
1453 2592 1599 2626 incredi-

134 2605 194 2673 {ili
215 2640 384 2683 gravitate
400 2652 440 2674 ac
457 2640 646 2674 constantia
660 2637 885 2683 pronuntiatis
899 2647 921 2670 a
935 2642 1090 2671 matrona
1106 2636 1251 2683 perculsi
1265 2636 1356 2671 haud
1370 2636 1493 2672 leviter
1509 2638 1600 2671 iudi-

137 2696 195 2718 ces
209 2690 305 2719 sunt:
335 2686 421 2719 adeo
444 2686 577 2731 quidem
602 2690 640 2719 ut
663 2683 791 2718 fuerint
813 2683 870 2727 qui
885 2694 1091 2727 cognoscere
1105 2683 1149 2717 de
1163 2682 1224 2716 tali
1239 2693 1342 2716 causa
1356 2683 1445 2717 nolle
1460 2695 1499 2717 se
1511 2683 1599 2717 indi—

137 2734 275 2773 carent,
307 2731 552 2766 abominatione
579 2729 801 2765 accusationis
817 2728 927 2763 falsae
940 2740 981 2762 ac
999 2728 1232 2764 calumniosae.
1279 2728 1345 2763 iam
1362 2729 1448 2763 enim
1464 2730 1600 2763 elucere

138 2775 267 2810 veritas
290 2782 452 2821 coeperat
472 2782 508 2812 et
532 2777 625 2812 velut
646 2776 733 2820 ignis
755 2774 973 2820 resplendere
994 2774 1114 2809 favilla
1127 2776 1222 2821 prius
1237 2775 1390 2809 obrutus.
1435 2775 1466 2808 is
1480 2784 1600 2808 sensus

136 2825 212 2856 erat
234 2821 380 2856 divinum
401 2823 554 2859 timorem
574 2822 793 2858 nutrientium
818 2821 855 2856 in
867 2819 939 2858 suis
955 2820 1115 2858 cordibus
1129 2826 1167 2858 et
1179 2820 1333 2868 spiritum
1348 2820 1466 2856 salutis
1478 2825 1599 2866 partu-

194 2874 346 2920 Niceph.
374 2874 502 2919 Bryen.
1297 2868 1324 2909 4
