1878 3262
338 193 397 236 ῙΝ
417 192 732 237 HISTORIAM
750 194 976 239 IOANNIS
997 194 1229 240 CINNAMI
1245 195 1446 239 NOTAE.
1534 197 1631 243 363

170 318 192 342 a
211 302 331 356 Tyrio
350 302 532 342 dissentit
549 301 750 342 Albericus
766 302 814 344 A.
836 305 966 347 1059:
1006 305 1226 345 Ture-orum
1247 307 1332 344 sive
1359 308 1633 346 Ture-omano-

169 374 261 399 rum
275 374 374 412 gens
395 374 477 398 non
495 360 547 398 ab
569 359 703 398 eodem
721 361 892 399 trahunt
917 364 1116 414 originem
1145 370 1182 401 et
1211 362 1408 402 dicuntur
1434 365 1634 403 militares

175 418 306 467 Turci,
342 418 584 456 Tureomam·
604 431 693 455 vero
711 418 915 470 vulgares.

277 487 315 525 p-
325 477 456 517 208v.
468 477 535 516 20.
548 477 705 514 Λατῖνοι
715 473 788 527 μὲν
798 473 928 528 γένος]
939 475 1467 525 Melissendis,Raimundi11
1483 475 1637 515 comitis

167 530 400 581 Tripolitani
423 544 473 569 ex
490 530 692 569 Hodierna
711 531 811 583 lilia,
841 531 1054 570 Raimundi
1074 533 1127 571 Ill
1149 546 1273 571 soror.
1304 533 1360 572 ita
1379 533 1538 586 Tyriu8‚
1569 533 1638 584 qui

166 600 250 626 rem
266 588 387 639 paulo
405 601 516 626 secus
534 602 556 626 1·
559 584 667 627 efe'rt.

278 658 318 686 v.
335 648 402 688 22.
457 640 703 697 Ἐξούβιτον]
736 643 915 682 T1isillus
934 644 1128 683 maximus
1146 645 1414 697 palatinorum
1434 645 1638 699 interpre-

166 707 251 741 tum
271 707 530 752 nuncupatur
551 701 618 739 ille
641 716 663 739 a
680 701 802 753 Tyrio
824 701 852 740 l.
876 703 928 744 18
944 714 977 742 c.
996 703 1065 743 30.

280 772 318 810 p.
337 761 420 801 209
440 771 479 798 v.
497 761 563 800 22.
623 756 728 811 ἱερὸν
754 759 952 808 πυθεῖον]
995 758 1048 796 Ea
1076 763 1163 796 erat
1192 757 1449 796 divinationis
1475 758 1634 810 species,

166 828 242 865 qua
255 815 511 867 *potissimum
533 814 751 854 Christiani
772 815 1011 865 utebantur,
1051 827 1151 865 quae
1176 815 1297 853 fiebat
1321 828 1393 866 per
1418 816 1634 866 inspectio—

167 885 257 910 nem
288 878 328 910 et
353 871 595 923 apertionem
627 872 817 923 evangelii
847 877 918 909 aut
936 885 1139 910 sacrorum
1159 872 1378 920 librorum,
1419 872 1530 910 cuius
1556 885 1634 910 ex-

165 928 294 980 empla
319 934 505 980 prostant
530 929 638 980 apud
659 930 825 980 Gregor.
851 929 1000 968 Turon.
1031 928 1058 967 l.
1083 929 1110 970 4
1138 928 1242 969 Hist.
1265 942 1298 967 c.
1319 932 1383 978 16,
1415 928 1441 966 l.
1460 927 1486 970 5
1511 942 1544 967 c.
1568 929 1632 978 14,

166 992 369 1024 auctorem
390 985 502 1023 Vitae
521 985 656 1024 Sancti
676 985 899 1036 Leodegarii
917 999 950 1026 c.
971 989 1035 1033 17,
1055 985 1229 1023 Nicetam
1248 985 1289 1022 iu
1310 985 1415 1024 Man.
1434 985 1460 1022 l.
1473 989 1499 1027 7
1520 999 1559 1023 11.
1579 984 1635 1033 5.,

166 1049 369 1081 auctorem
398 1042 509 1081 Orat.
537 1042 686 1083 Histor.
717 1043 758 1080 in
781 1043 927 1080 festum
953 1042 1216 1080 restitutionis
1247 1041 1458 1093 imaginum
1485 1041 1635 1080 editum

165 1114 188 1137 a
209 1099 441 1138 Combefisio
458 1113 500 1151 p.
519 1102 601 1142 736
623 1105 663 1137 et
683 1099 789 1151 apud
801 1100 945 1138 Baron.
968 1098 1016 1137 A.
1035 1098 1117 1140 842
1139 1113 1178 1137 n.
1197 1098 1265 1148 59,
1283 1099 1446 1136 Petrum
1463 1098 1634 1138 Blesens.

164 1156 289 1208 Epist.
308 1160 377 1204 30,
402 1158 452 1198 S..
461 1157 784 1195 Bonaventuram
802 1157 844 1196 in
858 1156 947 1195 Vita
966 1157 1006 1196 S.
1018 1155 1217 1194 Francisci
1237 1169 1270 1193 c.
1287 1158 1337 1198 13
1358 1162 1398 1194 et
1417 1155 1512 1192 alios
1532 1168 1633 1206 quos

163 1213 301 1251 laudat
329 1211 480 1251 Delrius
509 1213 535 1251 l.
564 1213 591 1254 4
621 1213 820 1264 Disquisit.
852 1214 987 1264 Magio.
1017 1226 1048 1251 c.
1079 1215 1106 1253 2
1139 1217 1285 1264 quaest.
1305 1216 1332 1254 7
1359 1218 1451 1250 sect.
1478 1215 1503 1253 3
1530 1210 1568 1265 ξ.
1591 1214 1630 1253 3.

165 1269 275 1320 quod
295 1269 453 1320 quidem
476 1269 596 1307 fiebat
622 1270 664 1308 in
686 1271 859 1322 templo,
890 1277 938 1308 ut
960 1269 1026 1307 hic
1041 1269 1242 1318 innuitur,
1271 1268 1516 1308 orationibus
1540 1268 1633 1319 qui-

165 1326 332 1366 busdam
353 1326 402 1364 ad
429 1326 471 1364 id
498 1326 697 1378 conceptis
723 1327 915 1378 praeviis,
946 1326 1202 1378 depositoque
1225 1339 1344 1378 supra
1361 1326 1485 1365 altare
1508 1338 1633 1365 evan-

165 1385 356 1435 geliorum
377 1382 493 1422 libro.
550 1383 642 1422 Vita
663 1385 701 1422 S.
721 1384 951 1423 consortiae
969 1383 1136 1435 Virginis
1157 1398 1190 1422 c.
1210 1386 1260 1425 9:
1301 1386 1340 1421 si
1359 1384 1511 1432 vultis,
1536 1397 1634 1434 per-

163 1454 318 1491 gamus
335 1438 396 1477 ad
409 1440 636 1491 ecclesiam,
677 1449 833 1494 agatur
848 1443 998 1490 missa,
1033 1448 1216 1492 ponatur
1235 1442 1489 1492 evangelium
1514 1453 1636 1491 super

166 1498 300 1535 altare
345 1503 382 1534 et
426 1499 628 1535 communi
673 1500 856 1537 oratione
896 1500 1130 1550 praemissa
1171 1499 1439 1548 inspiciamus
1477 1495 1637 1534 domini

166 1555 414 1592 voluntatem
434 1567 478 1591 ex
496 1554 569 1592 illo
589 1556 795 1606 capitulo,
837 1554 948 1607 quod
955 1557 1141 1606 primum
1159 1556 1387 1592 occurrerit.
1444 1553 1542 1591 adeo
1561 1566 1635 1590 au-

163 1610 493 1649 temiinvaluerat
519 1610 618 1649 haec
642 1611 847 1650 divinandi
878 1612 982 1664 apud
1006 1610 1247 1650 Christianos
1266 1611 1391 1659 ratio,
1426 1615 1473 1648 ut
1492 1609 1638 1648 Raine-

164 1681 233 1706 rus
256 1681 289 1707 c.
308 1668 333 1710 5
359 1667 570 1706 valdenses
592 1668 870 1720 reprehendat,
900 1669 1010 1720 quod
1028 1670 1157 1707 laicos
1175 1670 1249 1720 qui
1266 1675 1372 1706 sorte
1388 1674 1550 1705 sanctos
1567 1667 1638 1704 eli-

161 1724 311 1776 gebant
333 1726 377 1762 c'n
396 1725 526 1762 altari
548 1724 782 1764 deriderent.
838 1738 978 1765 verum
998 1739 1081 1764 non
1104 1725 1222 1763 semel
1246 1724 1459 1763 interdicta
1481 1723 1637 1774 legitur,

164 1781 397 1832 praesertim
415 1781 456 1819 in
474 1782 649 1820 Concilio
678 1783 866 1821 Venetico
887 1784 981 1823 Can.
1006 1786 1070 1832 16,
1101 1795 1216 1833 quem
1239 1782 1378 1820 laudat
1398 1781 1637 1819 Hincmarus

165 1837 366 1876 Remensis
390 1837 439 1875 de
461 1838 610 1878 Divort.
630 1839 825 1878 Lotharii:
866 1847 962 1877 sunt
990 1846 1026 1876 et
1054 1840 1262 1891 sortilegi,
1293 1840 1363 1890 qui
1380 1838 1456 1875 sub
1477 1839 1637 1875 nomine

153 1895 283 1946 fictae
313 1894 525 1946 religionis·
564 1910 638 1946 per
675 1895 877 1948 quasdam
923 1910 1030 1948 quas·
1060 1903 1299 1933 sanctorum
1331 1902 1457 1932 sortes
1491 1901 1636 1932 vocant

164 1951 436 1989 divinationis
463 1953 675 1989 scientiam
699 1954 946 2004 profitentur
975 1959 1049 1990 aut
1081 1966 1431 2004 quarumcumque
1459 1952 1637 2001 scriptu-

165 2022 310 2045 rarum
326 2009 567 2057 inspectione
582 2008 736 2058 futura
750 2012 1012 2060 promittunt.
1071 2009 1207 2046 eadem
1226 2010 1346 2047 verba
1367 2008 1514 2046 habent
1529 2008 1637 2045 Con-

165 2065 296 2102 cilium
325 2063 547 2115 Agathense
572 2065 666 2103 Can.
691 2064 769 2114 42,
809 2066 1122 2104 Aurelianensel
1146 2067 1239 2104 Can.
1264 2068 1341 2115 30,
1370 2063 1634 2103 Autissiodor.

166 2123 261 2161 Can.
282 2120 322 2162 4.
379 2120 448 2158 sed.
471 2120 520 2159 de
538 2122 711 2160 sortibus
734 2128 962 2161 sanctorum
989 2129 1028 2160 et
1047 2123 1318 2175 apostolorum
1341 2122 1418 2157 erit
1447 2119 1547 2157 alius
1569 2119 1634 2158 di-

165 2178 280 2217 cendi
299 2177 420 2216 locus.

277 2247 318 2286 p.
340 2237 422 2276 210
451 2247 491 2276 V.
514 2237 555 2275 2.
612 2231 752 2289 γάμων
778 2230 856 2276 οὔκ
888 2235 931 2277 ἐκ
958 2235 1163 2288 νομίμων]
1203 2232 1324 2270 Secus
1352 2231 1468 2270 etiam
1495 2231 1634 2271 scribit

165 2291 424 2344 Tyriusl.17
444 2293 563 2332 e.19.

278 2362 316 2386 v.
335 2351 374 2390 7.
434 2344 706 2399 Καματηρὸν]
751 2346 813 2381 An
842 2317 1006 2382 Basilius
1045 2344 1156 2382 cuius
1186 2344 1368 2383 meminit
1398 2345 1554 2383 Nicetas
1591 2345 1634 2382 in

167 2403 304 2440 Alexio
324 2404 429 2440 Man.
446 2403 491 2439 F.
509 2401 591 2441 11.4
617 2402 679 2448 17,
711 2413 761 2437 an
786 2413 882 2439 vero
900 2401 1065 2439 Basilius
1082 2402 1148 2439 ille
1164 2402 1406 2450 CamateruS,
1449 2403 1518 2451 qui
1544 2407 1637 2453 post

166 2457 432 2497 Theodosium
462 2455 688 2508 patriarcha
719 2458 787 2508 Cp.
818 2458 992 2507 exstssit,
1029 2458 1241 2497 incertum.
1301 2459 1350 2496 de
1374 2459 1524 2510 nuptiis
1546 2458 1637 2496 Ma-

168 2515 292 2554 nuelis
317 2529 406 2553 cum
427 2514 552 2552 Maria
574 2513 821 2551 Antiochena
851 2514 998 2565 agimus
1023 2516 1147 2553 fusius
1169 2516 1210 2554 in
1238 2521 1445 2553 stemmate
1466 2516 1635 2554 Comne-

167 2585 324 2612 norum.

281 2642 317 2666 v.
341 2631 402 2669 16.
435 2623 678 2679 Νικηφόρον
696 2625 767 2667 τόν
786 2627 828 2667 ἐκ
846 2628 1095 2681 Βρυεννίων]
1127 2627 1338 2680 Nicephori
1355 2628 1470 2668 istius
1487 2627 1632 2667 sebasti

171 2684 351 2722 meminit
369 2684 605 2722 Balsamon
595 2698 636 2722 111
661 2685 823 2736 epistola
844 2685 976 2724 Basilii
997 2685 1048 2723 ad
1066 2685 1315 2737 Amphiloch.
1342 2699 1375 2726 c.
1399 2687 1465 2729 41.

281 2744 403 2783 v.18.
456 2737 709 2792 Ἀνδρόνικος
727 2737 782 2793 ἦν
801 2758 822 2782 ο
844 2740 1111 2795 Καματηρός]
1149 2743 1216 2782 Ille
1236 2742 1340 2781 idem
1362 2742 1524 2781 videtur
1547 2740 1634 2778 An-

172 2797 220 2835 (11
223 2810 359 2834 onlcus
377 2797 555 2835 camater
560 2811 623 2847 us,
671 2798 905 2850 drungarius
922 2800 1091 2851 vigiliae,
1129 2799 1197 2850 qui
1217 2799 1396 2838 Manuale
1416 2799 1635 2850 imperante

171 2860 367 2907 receptam
395 2866 419 2891 a
439 2854 678 2895 Graecisde
707 2857 870 2908 spiritus
895 2857 1020 2896 sancti
1046 2870 1098 2895 ex
1126 2857 1209 2895 solo
1243 2862 1356 2909 patre
1388 2856 1634 2910 processione
