1878 3262
279 198 374 245 372
719 197 924 240 CAROLI
957 197 1038 240 DU
1077 198 1291 242 FRESNE

269 307 506 361 pervenerit,
533 305 761 357 imperator,
791 304 958 344 traditis
973 312 1126 357 sceptro
1146 313 1184 343 et
1194 320 1316 359 pomo
1339 310 1414 346 uni
1437 320 1482 345 ex
1503 307 1602 355 suis,
1615 319 1736 358 prae.

277 365 385 402 venit
401 361 462 400 ad
475 375 620 414 equum
636 363 855 414 pontificis,
885 370 922 400 et
941 365 984 400 in
1002 362 1190 400 honorem
1214 364 1433 403 salvatorio
1458 364 1547 403 Iesu
1570 363 1736 414 Christi,

278 421 396 458 cuias
417 420 520 457 vices
533 420 720 470 pontifex
740 421 783 457 in
805 421 921 457 terris
936 421 1063 471 gerit,
1094 427 1197 457 tenet
1215 420 1422 471 stapham,
1451 419 1590 472 quoad
1599 421 1738 472 ponti-

269 478 342 527 fex
361 490 509 527 equum
529 475 775 525 ascenderit,
804 483 841 514 et
857 475 996 514 deinde
1013 484 1172 527 arrepto
1194 479 1286 529 equi
1300 478 1450 527 fraeno
1473 491 1549 528 per
1577 477 1736 528 aliquot

268 547 424 585 passus
442 532 557 570 ducit
576 547 718 585 equum
733 534 955 585 pontificis.
1012 545 1138 583 neque
1157 532 1255 571 haec
1275 534 1474 572 duntaxat
1498 546 1519 570 a
1541 533 1734 585 principi-

272 589 348 628 bus
374 589 607 627 Christianis
630 590 814 640 obsequia
833 589 994 628 summis
1014 589 1285 640 pontificibus,
1314 590 1384 628 sed
1408 595 1448 627 et
1468 588 1560 640 ipsis
1581 590 1734 641 episco-

272 646 332 697 pis
362 652 400 684 et
432 645 730 698 archiepiscopis
756 646 940 696 leguntur
963 646 1106 684 delata.
1163 646 1290 684 tradit
1314 648 1458 698 quippe
1482 651 1617 684 noster
1636 646 1744 695 Cin-⁴

271 715 413 741 namus
434 702 655 742 Renaldum
671 703 887 754 principem
906 702 1194 741 Antiochenam
1223 703 1394 742 eiusdem
1420 701 1530 740 urbis
1558 702 1732 752 patriar-

273 758 407 806 cham,
462 772 576 810 quem
606 760 768 811 pessime
796 765 836 796 et
867 765 1004 797 contra
1030 759 1242 797 sacerdotii
1273 759 1502 810 dignitatem
1525 757 1732 808 habuerat,

271 815 525 866 postmodum
543 815 667 853 eidem
687 816 994 865 reconciliatum,
1024 828 1124 866 equo
1142 822 1299 854 vectum
1319 829 1388 868 per
1405 815 1571 854 mediam
1588 815 1732 858 civita-

130 875 158 911 P
182 876 250 913 474
271 878 361 910 tem
390 872 547 909 duxisse
590 871 796 923 ipsumque
833 873 1001 923 peditem
1033 873 1265 910 comitatum
1303 886 1403 921 esse,
1453 872 1568 910 sellae
1599 871 1731 910 lorum

269 941 391 967 manu
413 934 626 968 tenentem.
684 930 790 980 apud
812 929 1025 967 Radulfum
1047 929 1094 966 de
1113 930 1248 967 Diceto
1267 929 1310 967 A.
1335 932 1455 980 1170,
1474 942 1563 967 cum
1582 928 1732 966 Henri-

270 998 339 1023 cus
358 984 574 1035 Anglorum
594 998 685 1034 rex,
727 992 766 1023 et
788 991 945 1023 sanctus
969 985 1140 1023 Thomas
1160 986 1447 1023 cantuariensis
1466 985 1729 1036 archiepisco-

268 1055 344 1093 pus
371 1041 478 1092 apud
494 1041 676 1079 Fractam
695 1042 845 1080 Vallem
869 1043 916 1079 de
935 1055 1030 1093 pace
1049 1043 1176 1080 acturi
1196 1043 1471 1080 convenissent
1498 1042 1638 1093 bisque
1657 1040 1730 1078 de-

268 1096 513 1136 scendissent
543 1105 579 1134 et
604 1098 667 1134 bis
700 1098 991 1146 ascendissent,
1034 1099 1097 1136 luis
1127 1099 1317 1150 stapham
1342 1112 1409 1135 rex
1431 1100 1561 1135 tenuit
1583 1097 1730 1135 archa-

270 1156 463 1205 episcopo.
521 1153 591 1190 sed
623 1160 662 1191 et
686 1153 855 1192 Michael
885 1155 1170 1219 Palaeologus,·
1208 1155 1461 1206 postmodum
1499 1155 1728 1206 imperator,

268 1210 376 1275 apud
395 1208 719 1261 Pachymereml.
738 1214 759 1253 1
782 1224 814 1248 c.
835 1214 901 1257 26,
926 1224 1015 1248 cum
1033 1211 1187 1262 imperii
1212 1211 1592 1249 administrationem
1613 1224 1728 1248 acce-

265 1267 405 1319 pisset,
447 1272 492 1305 ut
519 1267 735 1305 adventare
761 1267 1028 1337 patriarcham
1058 1281 1147 1305 cum
1171 1267 1302 1305 electis
1327 1281 1378 1305 ex
1406 1268 1510 1305 clero
1540 1268 1728 1319 percepit,

264 1321 343 1390 πρὸ
359 1327 440 1363 τῶν
462 1321 595 1364 ἄλλων
615 1318 732 1371 αυτὸς
749 1322 908 1379 υπαντᾷ
928 1321 1154 1378 μακρόθεν,
1183 1339 1303 1377 τιμην
1323 1321 1397 1377 τήν
1416 1324 1600 1376 μεγίστην
1624 1320 1729 1374 ἄφο-

266 1377 462 1431 σιῶμενος
481 1383 535 1434 τῷ
556 1377 823 1450 πατριάρχῃ,
833 1381 902 1420 καὶ
925 1380 1046 1421 παντὶ
1075 1383 1129 1436 τῷ
1158 1380 1253 1436 ἱερῷ
1281 1378 1537 1433 πληρώματι,
1566 1382 1666 1435 πεζῇ
1687 1394 1728 1422 τε

263 1437 438 1488 βαδίζων
457 1435 525 1477 καὶ
544 1434 614 1484 τὰς
633 1440 705 1487 τῆς
725 1433 898 1490 ἡμιόνου
917 1440 993 1478 τοῦ
1012 1437 1145 1503 ἱερέως
1163 1435 1350 1489 χαλινους
1368 1436 1553 1490 κατέχων,
1571 1436 1644 1484 ἕως
1657 1436 1727 1476 καὶ

264 1489 401 1532 αὐτων
418 1490 527 1540 ἐντὸς
544 1496 625 1532 τῶν
647 1490 882 1546 ἀνακτόρων
907 1490 1213 1558 προηγούμενος
1241 1497 1430 1548 καθιστᾷ.
1490 1492 1566 1531 hoc
1584 1493 1726 1557 ‘itaque

261 1549 367 1586 sacto
396 1549 521 1601 impe1
525 1555 651 1587 atores
674 1550 868 1599 ceterique
890 1551 1089 1601 principes
1123 1550 1304 1588 ecclesiae
1327 1556 1366 1587 et
1389 1549 1532 1588 Christi
1553 1550 1724 1588 vicario-
1744 1591 1750 1596 ,

261 1618 353 1643 rum
375 1618 457 1642 sese
484 1605 778 1657 profitebantur
798 1606 956 1644 clientes
978 1621 1024 1644 ac
1040 1607 1238 1644 vassallos.
1279 1614 1452 1657 strepam
1476 1605 1579 1643 enim
1599 1613 1725 1643 tenere

261 1661 381 1699 fuisse
403 1662 495 1699 olim
522 1662 719 1712 peculiare
738 1662 996 1700 vassallorum
1022 1676 1166 1700 munus
1189 1663 1305 1701 docet
1326 1663 1391 1700 Ius
1407 1663 1578 1700 Feudale
1596 1664 1725 1700 Saxo-

259 1731 357 1755 num
376 1730 410 1756 0.
428 1721 482 1760 32
504 1717 546 1769 §.
569 1721 618 1759 2:
656 1732 740 1770 qua
765 1717 829 1754 dle
858 1719 1066 1756 vassallus
1093 1717 1255 1755 domino
1280 1726 1454 1768 strepam
1483 1720 1654 1756 tenuerit
1680 1720 1723 1756 in

259 1788 430 1812 ascensu
449 1776 515 1812 vel
531 1777 573 1812 ιή
601 1773 791 1812 descensu
818 1776 928 1826 equi,
966 1796 1015 1803 —
1049 1775 1094 1810 in
1116 1776 1210 1824 ipsa
1232 1773 1298 1812 die
1314 1789 1394 1812 non
1415 1783 1569 1812 tenetur
1586 1788 1723 1813 coram

257 1829 421 1868 domino
444 1833 527 1869 iuri
544 1829 709 1869 adstare
719 1830 907 1881 feudali.
967 1837 1085 1880 atque
1115 1830 1207 1868 inde
1237 1830 1416 1882 colligere
1448 1837 1507 1869 est
1533 1845 1604 1870 cur
1630 1845 1722 1870 cum

254 1887 419 1924 Ioannes
439 1888 661 1926 Comnenus
688 1889 901 1939 imperator
921 1886 1172 1925 Antiochiam
1201 1888 1394 1939 ingressus
1424 1894 1502 1936 est,
1533 1887 1722 1926 dominus

248 1945 440 1994 princeps
461 1943 707 1982 Raimundus
730 1944 1001 1982 Antiochenus
1021 1943 1288 1996 dominusque
1308 1958 1433 1982 comes
1454 1945 1723 1996 Tripolitanae

255 2002 446 2037 stratoris
463 2001 648 2051 officium
670 2004 842 2038 exsecuti
861 2003 955 2051 sint,
988 2007 1036 2040 ut
1062 2006 1120 2038 est
1148 2001 1254 2052 apud
1284 2001 1524 2040 Willelmum
1554 2001 1719 2052 Tyrium

254 2055 279 2092 l.
294 2055 344 2097 15
367 2069 399 2095 c.
416 2059 455 2105 3,
478 2070 568 2094 cum
586 2058 704 2109 paulo
724 2063 814 2095 ante
833 2058 937 2095 idem
960 2057 1140 2109 princeps
1147 2057 1393 2108 fidelitatem
1414 2072 1533 2096 suam
1555 2056 1717 2095 domino

253 2113 487 2162 imperatori
517 2114 767 2151 manualiter
791 2114 1046 2161 exhibuisset,
1078 2114 1139 2152 uti
1157 2115 1280 2152 tradit
1303 2115 1407 2152 idem
1426 2115 1591 2166 scriptor
1614 2114 1641 2151 1.
1665 2113 1717 2155 15

254 2181 289 2206 c.
301 2168 373 2206 ult.
412 2169 488 2207 fuit
510 2170 632 2220 igitur
654 2177 873 2209 stratorum
892 2171 1063 2209 officium
1084 2178 1259 2223 strepam
1274 2179 1410 2221 tenere,
1430 2185 1518 2209 cum
1533 2170 1716 2208 dominus

253 2237 398 2275 equum
419 2225 689 2276 inscenderet,
720 2228 950 2278 priusquam
976 2240 1071 2267 vero
1092 2234 1315 2278 sti-eperum
1334 2234 1403 2266 aut
1421 2227 1629 2278 stapedum
1648 2227 1715 2263 in-

250 2281 438 2320 valuisset
455 2295 560 2332 usus,
586 2297 729 2334 equum
741 2285 989 2323 inscensuros
1001 2298 1122 2323 manu
1132 2286 1276 2335 erigere
1289 2290 1327 2322 et
1339 2285 1518 2331 allevare,
1537 2289 1584 2321 ut
1593 2284 1715 2334 Spar-

250 2338 382 2376 tianus
402 2338 445 2376 in
464 2339 663 2378 Caracalla
686 2341 778 2378 satis
802 2341 964 2379 indicat.
1019 2341 1113 2379 inde
1135 2346 1320 2379 stratores
1341 2337 1550 2392 ἀναβολεῖς
1569 2339 1715 2378 dicun-

248 2400 319 2432 tur
339 2395 464 2433 veteri
482 2397 664 2448 scriptori
691 2397 797 2448 apud
816 2398 987 2446 Suidam,
1017 2411 1135 2448 quam
1156 2411 1292 2437 vocem
1312 2403 1446 2449 postea
1467 2396 1560 2447 ipsis
1577 2402 1713 2448 stape-

250 2450 366 2489 dibus
386 2452 694 2504 adscripserunt,
712 2454 771 2491 uti
791 2454 943 2504 pridem
962 2454 1214 2493 observatum
1238 2468 1260 2492 a
1278 2454 1372 2493 viris
1393 2453 1529 2494 doctis.
1589 2466 1712 2491 scan-

176 2553 187 2558 „
249 2521 356 2544 sores
374 2516 493 2547 vocat
509 2510 748 2548 Glossarium
765 2510 983 2561 Latinogr.:
1011 2525 1190 2560 scansor,
1218 2505 1503 2562 καταστρωτής.
1560 2522 1652 2547 nam
1669 2515 1711 2548 et
1736 2518 1740 2529 ⁸

248 2575 385 2601 eorum
406 2571 492 2603 erat
513 2579 632 2617 equos
659 2573 853 2616 sternere,
883 2568 991 2605 unde
1019 2575 1211 2606 stratores
1233 2566 1438 2619 appellati:
1468 2566 1710 2605 Glossarium

246 2620 464 2660 Graecolat.
477 2622 684 2691 στρωτής,
713 2597 892 2662 stlato'r:
921 2630 960 2662 et
988 2626 1269 2676 compositores
1292 2624 1415 2661 sellae
1438 2625 1572 2674 regiae
1600 2621 1708 2693 apud

243 2676 421 2728 Papiam:
459 2676 655 2732 ’ὑπηρέται
683 2696 764 2720 των
791 2683 1012 2734 βασιλικων
1038 2678 1342 2745 κεκοσμημένων
1373 2680 1520 2728 ἳππων,
1550 2675 1622 2727 οὓς
1653 2675 1705 2730 δη

243 2730 459 2788 στράτορας
479 2739 615 2776 καλεῖν
635 2752 660 2787 η
683 2734 792 2785 τοῖξις
815 2738 999 2784 εἰθισται,
1018 2743 1065 2775 ut
1087 2738 1141 2775 ait
1158 2742 1297 2775 auctor
1317 2736 1478 2776 VitaeS
1493 2734 1707 2788 Theopha-

238 2789 300 2829 nis
325 2790 492 2830 consess,
514 2805 555 2832 n.
569 2794 608 2841 9,
630 2792 699 2843 qui
720 2793 792 2831 etsi
814 2798 1028 2832 stratorum
1046 2789 1202 2846 ἀξίωμα
1219 2791 1445 2858 sspemmo‘m
1467 2806 1550 2832 non
1569 2798 1703 2832 tamen

237 2849 318 2888 τῶν
341 2846 386 2889 ἐν
404 2846 503 2889 τέλει
526 2848 645 2888 fuisse
675 2849 831 2888 scribit:
874 2855 1090 2889 stramenta
1119 2862 1215 2890 vero
1240 2850 1324 2902 ipsa
1356 2857 1563 2889 straturae
1590 2845 1700 2899 apud
