1878 3262
234 204 330 250 182
401 202 739 247 DESCRIPTIO
775 202 943 246 URBIS
979 202 1613 248 CONSTANTINOPOLEOS.

229 316 395 356 vabunt.
453 314 528 353 fuit
551 314 656 353 enim
681 313 780 352 haec
800 314 897 353 urbs
919 313 1187 366 pulcherrima
1205 313 1344 364 valde,
1376 320 1417 354 et
1435 315 1524 355 aula
1546 316 1705 368 sapien-

229 374 309 411 tiae
334 376 374 410 et
401 370 643 422 honestatis,
673 385 783 410 nunc
804 385 901 411 vero
925 372 975 410 ad
996 371 1282 423 ignorantiam,
1312 375 1353 409 et
1373 371 1562 412 duritiam
1583 379 1705 413 vetu-

230 435 314 468 stae
345 428 541 481 opinionis
571 429 753 481 perventi
783 434 944 481 peccato
973 429 1087 480 gulae
1108 427 1397 477 adhaeserunt,
1427 430 1526 469 etin
1547 436 1707 470 tantum

231 485 355 524 delati
372 487 420 538 *)
438 484 480 510 ⁷³
498 492 663 539 propter
682 485 834 538 copiam
852 486 1020 539 piscium
1038 492 1077 524 et
1098 485 1298 534 carnium,
1327 485 1438 536 quod
1453 499 1543 538 pars
1562 494 1706 538 quarta

230 543 353 596 ipsius
378 543 430 582 ad
449 543 635 583 morbum
655 543 883 582 inciderunt
904 543 1061 595 leprae,
1091 549 1131 581 et
1153 542 1376 581 doctrinam
1395 543 1552 581 Ioannis
1575 544 1706 596 Chry-

228 600 394 639 sostomi
406 630 416 649 ,
445 601 695 651 Damasceni,
725 607 763 639 et
780 601 950 640 aliorum
968 603 1204 639 Sanctorum
1222 600 1387 638 Patrum
1406 600 1598 642 dimisere.
1655 601 1708 639 ad

230 657 404 696 trionem
422 659 489 711 **)
504 688 516 709 ,
548 671 620 711 per
645 672 772 697 unum
803 658 986 707 milliare,
1017 656 1062 681 ⁷4
1086 659 1215 707 Pera,
1243 657 1495 696 Ianuensium
1518 655 1709 710 pulcher-

229 715 331 755 rima
350 715 491 754 civitas
511 721 588 766 est,
619 721 660 755 et
679 729 751 768 per
772 716 901 754 sinum
921 715 969 753 ab
989 715 1089 753 urbe
1107 720 1327 767 separatur.
1386 720 1478 754 sunt
1496 714 1641 752 etenim
1658 714 1709 752 ab

229 773 306 810 isto
328 772 416 810 loco
437 786 563 824 usque
580 773 632 812 ad
652 786 760 812 mare
780 773 973 822 Pontum,
1004 785 1073 810 seu
1092 771 1316 821 Euxinum,
1350 774 1402 814 18
1424 771 1629 820 milliaria,
1657 771 1709 810 ad
1780 798 1783 800 -

229 829 404 868 trionem
433 843 502 869 ore
532 830 805 879 tenuissimus,
836 843 927 868 cum
944 829 1121 882 periculo
1137 829 1376 867 intrantium
1391 828 1513 867 hodie
1531 828 1709 876 navium,

231 899 322 925 cum
355 886 498 938 quibus
525 893 735 940 postquam
761 887 811 926 de
837 887 938 926 urbe
964 886 1232 936 narravimus,
1264 886 1314 925 ad
1335 887 1507 939 Aegeum
1530 898 1639 925 mare
1657 885 1709 924 ad

230 943 399 982 insulam
424 944 639 983 Stalimini
662 951 923 984 revertemur.

326 1135 366 1178 ⁴)
391 1135 473 1171 fort.
499 1134 647 1169 delicati.

345 1205 358 1219 ’
372 1204 390 1248 )
414 1204 698 1250 septemtrionem.
