1878 3262
381 225 440 269 IN
458 187 776 269 HISTORIAM
793 225 1020 270 IOANNIS
1042 226 1276 282 clNNAMI
1294 193 1494 270 NOTAE.
1535 194 1540 197 ι
1574 227 1669 275 371

162 380 165 383 ,
203 333 330 373 dienti
354 332 539 372 Herodes
566 341 688 386 atque
706 336 873 375 Pilatus
901 338 962 374 sic
989 339 1113 375 etiam
1130 338 1451 376 ›ministravereP
1509 352 1565 376 an
1587 340 1670 379 Pe-

202 400 312 429 trum
327 392 504 430 Romam
522 394 738 430 venientem
755 394 816 430 ita
836 394 943 439 IVero
963 407 1067 431 suus
1087 395 1260 446 excepit?
1298 394 1368 433 sed
1393 407 1508 433 canes
1532 394 1670 434 lunam

203 448 419 497 oblatrent,
458 454 499 487 et
517 448 694 487 invidiae
716 462 762 487 ac
781 449 1079 489 malevolentiae
1105 464 1197 490 suae
1218 451 1373 490 aculeos
1390 452 1431 490 in
1450 446 1670 491 Romanam

199 510 241 543 et
266 505 520 557 apostolicam
550 505 683 544 sedem
710 511 1000 558 contorqueant
1026 506 1232 558 haeretici,
1278 508 1495 547 dummodo
1518 509 1555 546 ei
1574 521 1669 547 suus

199 561 449 614 stetvhonoS,
487 568 527 600 et
555 575 655 612 quae
687 562 855 601 debetur
886 576 908 600 a
923 562 1154 602 Christianis
1177 565 1423 618 principibus
1446 565 1668 605 reverentia

198 624 240 657 et
258 619 459 659 veneratio
491 618 696 671 deinceps,
734 625 782 657 ut
800 619 915 668 olim,
955 620 1211 671 praebeatur:

473 698 530 707 ——
560 675 633 713 sed
647 676 813 727 frustra
836 678 978 729 agitur
994 691 1073 714 vox
1094 679 1217 715 irrita
1238 680 1389 728 ventis,

473 740 509 770 et
527 735 693 785 peragit
714 747 859 771 cursus
879 731 1011 771 surda
1029 735 1177 772 Diana
1195 748 1304 772 suos.

197 787 302 826 hanc
322 795 430 827 certe
449 789 649 841 praestitit
670 796 760 840 post
782 790 1035 829 Fredericum
1054 789 1161 828 Otho
1185 790 1238 829 IV
1255 791 1495 841 imperator,
1525 797 1574 829 ut
1591 804 1667 830 au-

199 851 287 884 ctor
305 851 363 883 est
379 845 580 884 Arnoldus
590 846 823 885 Lubecensis
840 847 866 885 l.
882 850 909 889 7
928 850 1039 896 c.21‚
1058 846 1126 885 ubi
1144 846 1368 884 describens
1386 845 1560 886 eiusdem
1580 848 1668 886 Au·-

196 902 300 952 gusti
325 903 642 951 coronationem,
669 904 817 955 finito,
847 903 999 954 inquit,
1030 903 1167 955 officio
1194 902 1387 941 dominus
1400 917 1518 954 papa
1536 906 1667 955 impe-

197 965 372 996 ratorem
398 958 533 997 devote
568 971 685 998 vocat
712 958 770 998 ad
797 962 1031 998 convivium
1038 975 1052 1008 ,-
1094 975 1212 1012 quem
1236 959 1427 998 dominus
1447 962 1666 1011 imperator

190 1015 381 1067 precibus
396 1018 687 1055 instantissime
708 1017 858 1055 obtinet
875 1018 1009 1055 venire
1028 1031 1174 1056 secum.
1232 1031 1325 1054 cum
1345 1018 1478 1069 igitur
1500 1024 1667 1055 ventum

177 1101 180 1104 Α
190 1074 343 1122 fuisset
363 1071 423 1110 ad
438 1086 572 1124 equos,
590 1076 808 1125 imperator
823 1087 905 1112 non
923 1075 1130 1112 immemor
1152 1074 1400 1125 apostolicae
1413 1076 1665 1125 reverentiae,

197 1143 303 1180 quae
324 1129 545 1168 exhibenda
569 1137 626 1167 est
644 1132 825 1182 ipsorum
842 1132 1000 1168 vicario
1018 1130 1136 1181 fideli
1154 1138 1191 1168 et
1209 1130 1421 1168 reverendo
1435 1145 1574 1182 papae
1592 1131 1667 1169 In-

194 1187 375 1223 nocentio
395 1186 654 1238 IIIstrepam
674 1189 808 1238 ipsius
827 1186 964 1225 devote
984 1186 1268 1238 apprehendit,
1298 1189 1434 1238 sicque
1453 1187 1512 1224 ad
1529 1188 1665 1226 locum

195 1244 371 1281 convivii
384 1245 553 1284 venitur.
613 1243 783 1294 denique
802 1256 847 1281 ea
862 1245 1098 1295 praestitisse
1117 1243 1247 1283 officia
1264 1244 1450 1282 carolum
1466 1243 1521 1283 IV
1537 1244 1664 1296 impe-

193 1305 368 1338 ratorem
390 1297 549 1339 Urbano
569 1300 624 1339 IV
651 1313 774 1353 papae
801 1306 975 1339 testatur
1000 1307 1139 1339 auctor
1157 1300 1470 1340 Vitae-eiusdem
1498 1301 1662 1343 Urbani.

194 1369 285 1394 nam
310 1370 400 1394 cum
424 1357 653 1408 pontificem
675 1370 814 1396 versus
835 1358 999 1411 Romam
1018 1358 1289 1409 praecessisset
1307 1358 1493 1407 Carolus,
1529 1360 1670 1410 ipsum·

187 1420 285 1464 post
305 1421 528 1465 sequentem
544 1416 785 1465 exspectavit
802 1415 846 1451 in
870 1416 1040 1453 introitu
1054 1415 1191 1466 urbis,
1229 1415 1288 1452 ibi
1307 1415 1461 1452 scilicet
1481 1416 1523 1452 in
1537 1422 1664 1466 porta

195 1483 299 1520 quae
328 1476 387 1507 est
414 1472 534 1508 iuxta
562 1478 743 1509 castrum
767 1473 905 1509 sancti
924 1472 1097 1523 Angeli,
1137 1470 1186 1509 de
1207 1485 1279 1510 suo
1300 1485 1401 1523 equo
1423 1470 1664 1510 descendens

191 1528 384 1564 stratoris
410 1528 535 1565 vicem
558 1530 686 1579 gessit
697 1541 713 1577 ,¹
749 1541 799 1565 ac
824 1542 955 1580 usque
976 1527 1036 1566 ad
1055 1529 1272 1573 basilicam
1287 1528 1323 1569 b.
1347 1530 1464 1566 Petri
1480 1527 1663 1580 pedester

192 1584 289 1635 equi
309 1597 449 1635 papae
471 1585 669 1633 fraenum
693 1592 826 1623 tenens
855 1587 990 1636 ipsum
1023 1584 1240 1634 destravit,
1282 1599 1333 1623 ac
1354 1583 1515 1622 demum
1537 1599 1664 1637 usque

186 1638 254 1677 ⁴ad
277 1641 411 1678 altare
439 1639 619 1680 deduxit.
679 1641 848 1692 denique
874 1642 1045 1694 scriptor
1071 1654 1293 1692 anonymus
1324 1641 1435 1680 Vitae
1466 1642 1663 1680 Mansredi

191 1696 294 1747 regis
317 1697 469 1735 Siciliae
496 1698 546 1735 ab
572 1697 737 1748 Ughello
765 1699 895 1736 editus
928 1698 1058 1736 tradit
1087 1699 1257 1736 eundem
1283 1698 1554 1748 Manfredum,
1593 1699 1663 1750 qui

190 1758 280 1791 tum
296 1754 482 1806 princeps
502 1755 756 1803 Tarentinus,
796 1754 968 1792 necdum
986 1767 1061 1792 rex
1076 1761 1185 1802 erat,
1228 1768 1319 1792 cum
1341 1755 1595 1794 Innocentius
1610 1755 1663 1794 lv

190 1822 294 1860 papa
309 1823 474 1861 regnum
492 1810 795 1861 Neapolitanum
816 1823 866 1848 ex
887 1817 1005 1862 pacto
1023 1811 1221 1862 ingressus
1241 1817 1362 1861 esset,
1393 1811 1453 1850 ad
1468 1814 1663 1850 maiorem

191 1867 262 1903 sui
280 1864 526 1905 devotionem
546 1866 606 1904 ad
620 1874 927 1905 sacrosanctam
956 1868 1164 1905 ecclesiam
1190 1867 1479 1906 ostendendam
1502 1883 1662 1906 summo

184 1923 376 1974 pontifici
398 1923 556 1962 obviam
576 1925 821 1974 processisse
850 1938 978 1976 usque
1007 1923 1068 1962 ad
1095 1925 1364 1977 Ceperanum,
1404 1932 1442 1962 et
1462 1939 1581 1977 papa
1596 1939 1662 1963 re-

187 1993 319 2032 gnum
339 1981 518 2017 intrante
534 1982 725 2017 stratoris
741 1982 777 2017 ei
795 1980 979 2031 officium
996 1981 1239 2020 exhibentem
1255 1981 1456 2031 fraenum
1473 1983 1661 2030 tenuisse,

191 2050 403 2089 quousque
421 2035 482 2073 ad
486 2043 652 2088 pontem
674 2037 915 2089 Garigliani
932 2040 1134 2076 transiret.
1193 2050 1284 2075 cum
1307 2036 1406 2075 haec
1435 2037 1555 2089 igitur
1573 2037 1661 2077 Au·-

189 2099 396 2145 gustorum
421 2093 737 2132 occidentalium
766 2101 881 2144 atque
914 2093 1012 2132 adeo
1043 2100 1265 2132 ceterorum
1297 2094 1662 2146 principum-,Chri-

190 2150 410 2189 stianorum
438 2150 480 2188 iu
506 2150 653 2189 Christi
683 2150 852 2190 vicarios
885 2150 1071 2201 obsequia
1094 2151 1137 2189 in
1160 2150 1322 2189 minime
1356 2157 1661 2193 controversum

189 2203 360 2246 abierint
379 2207 562 2258 deinceps
581 2220 750 2257 morem,
782 2221 826 2245 ea
842 2213 1046 2258 tamquam
1064 2221 1141 2246 usu
1162 2220 1328 2259 prorsus
1344 2215 1504 2260 recepta
1530 2216 1571 2248 et
1589 2210 1660 2248 de—

189 2263 274 2302 bita
310 2265 353 2302 in
390 2265 453 2303 ius
486 2265 725 2302 Saxonicum
764 2270 804 2303 et
840 2264 1105 2303 Ceremoniale
1133 2265 1357 2304 Romanum
1393 2266 1521 2304 relata
1549 2273 1660 2307 sunt.

189 2321 403 2372 Speculum
425 2323 570 2360 saxon.
593 2322 619 2360 1.
642 2325 664 2364 1
687 2326 760 2359 art.
782 2324 828 2363 1:
858 2320 1035 2360 duorum
1048 2320 1291 2374 gladiorum
1304 2329 1556 2374 potestatem,
1575 2326 1660 2376 spi-

190 2378 381 2416 ritualem
400 2379 553 2416 scilicet
567 2382 606 2415 'et
621 2378 888 2428 saecularem,
918 2377 979 2416 ad
995 2377 1290 2430 defendendum
1312 2394 1436 2417 suum
1450 2381 1658 2432 populum

194 2433 380 2473 Christus
401 2437 445 2473 in
461 2449 539 2474 sua
558 2434 800 2487 approbavit
817 2435 982 2473 ecclesia
990 2451 1006 2484 ,-
1044 2450 1089 2474 ex
1109 2436 1261 2488 quibus
1278 2437 1549 2487 apostolicum
1567 2439 1658 2488 spi-

189 2491 381 2530 ritualem
419 2499 455 2530 et
493 2493 730 2531 Romanum
768 2493 1046 2543 imperatorem
1082 2494 1331 2538 saecularem
1361 2493 1507 2531 nabere
1545 2507 1657 2531 nemo

191 2547 374 2600 ambigit.
412 2549 461 2587 ob
479 2563 654 2601 quorum
664 2550 983 2602 figurationem,
1014 2551 1234 2601 apostolico
1255 2564 1376 2601 super
1394 2564 1541 2602 equum
1562 2565 1658 2589 can-

191 2601 337 2642 didum
356 2607 538 2660 equitare
557 2608 822 2645 constitutum
842 2613 920 2655 est,
959 2613 997 2643 et
1017 2608 1060 2644 in
1078 2606 1278 2644 adscensu
1305 2609 1393 2644 eius
1418 2621 1446 2644 a
1468 2609 1656 2659 principe

190 2659 312 2710 Sella,
339 2677 388 2700 ne
406 2661 589 2714 decidat,
620 2663 830 2701 tenebitur.
887 2665 933 2700 in
954 2677 1035 2714 quo
1055 2664 1328 2715 significatur,
1358 2671 1406 2701 ut
1429 2666 1503 2716 qui
1521 2666 1657 2703 inobe-

191 2714 342 2754 dientes
361 2721 585 2770 ‚apostolico
616 2723 866 2769 exsisterent,
908 2734 935 2757 a
954 2721 1142 2771 principe
1167 2719 1227 2758 ad
1252 2719 1535 2771 obediendum,
1574 2729 1612 2758 et
1636 2736 1655 2757 e

191 2779 350 2822 contra,
392 2789 484 2814 cum
500 2779 716 2816 necessitas
731 2777 808 2815 lzoc
829 2779 1018 2829 exegerit,
1058 2775 1277 2815 dummodo
1297 2780 1490 2816 exercitus
1506 2779 1653 2829 fuerit,

191 2830 492 2879 compellantur.
550 2834 817 2873 ceremoniale
832 2834 1056 2873 Romanum
1071 2834 1098 2873 1.
1117 2837 1137 2875 1
1163 2840 1258 2875 sect.
1275 2835 1315 2883 5,
1336 2834 1405 2873 ubi
1424 2835 1473 2873 de
1492 2847 1654 2886 proces—

189 2884 300 2923 sione
325 2888 523 2938 pontificis
553 2898 593 2930 et
610 2892 784 2931 Caesaris
806 2904 877 2944 per
898 2891 1061 2930 urbem:
1102 2905 1192 2930 cum
1214 2890 1416 2943 adfinem
1441 2890 1654 2943 graduum
