1878 3262
232 231 326 277 150
712 226 936 270 IOANNIS
971 225 1200 270 CINNAMI

228 363 313 388 νου.
380 343 498 398 μέχρι
522 342 596 395 μὲν
616 335 687 383 οὖν
708 357 815 391 τινος
835 340 1033 397 οὐδέτεροι
1051 343 1198 397 χειρῶν
1215 333 1352 396 ἦρχον.
1418 340 1500 382 ἐπεὶ
1518 339 1563 381 δὲ
1580 339 1625 381 αἵ
1642 356 1684 382 τε

229 413 443 466 σάλπιγγες
471 408 550 464 ἤδη
580 408 829 467 ἑκατέρωθεν
853 408 978 464 ἤχουν
1000 411 1067 450 καὶ
1094 409 1140 451 τὸ
1164 406 1357 461 σύνθημα
1373 408 1549 462 ἐδίδοτο,
1583 406 1685 462 ἐμά-

227 497 347 535 χοντο
369 476 638 532 συμπεσόντες
659 478 738 520 ἀπὸ
764 478 899 535 χειρὸς
924 478 1102 527 ἕκαστος.
1169 477 1242 518 οὐκ
1266 474 1315 517 ἂν
1333 473 1434 525 εἶπες
1455 475 1567 530 ἥλιον
1588 476 1682 517 οὐδ’

232 549 281 590 ἂν
301 545 455 604 ἧμέραν
474 544 595 603 δρᾶν·
631 547 757 601 ἀχλὺς
776 547 853 603 γὰρ
883 545 1036 595 πάντας
1065 546 1191 599 ἐπεῖχε
1218 545 1286 586 καὶ
1312 542 1420 593 κόνις
1444 546 1499 593 εἷς
1519 543 1688 601 οὐρανὸν

181 625 212 658 C
230 619 396 667 ἵστατο,
432 613 611 671 πάταγός
631 632 673 657 τε
699 613 864 670 ἠκούετο
893 616 961 657 καὶ
988 613 1126 671 ἄγριος
1149 613 1325 670 ἠγείρετο
1352 614 1496 669 θροῦς.
1572 613 1723 669 μέχρι5

233 685 305 739 μὲν
322 678 393 726 οὖν
420 701 463 740 γε
483 683 590 741 ἀμφὶ
613 684 739 739 μέσην
764 682 919 740 ἡμέραν
941 681 1183 737 ἲσοπαλὴςῆ
1212 680 1325 736 μάχη
1346 682 1505 736 ἐγίνετο.
1572 680 1618 722 τὸ
1643 680 1688 721 <5²

234 755 418 795 ἐντεῦθεν
435 756 493 810 τῷ
512 750 660 807 πλήθει
675 750 1069 807 βιασάμενοιἸταλοὶ
1090 750 1186 801 τούς
1202 751 1292 807 περὶ
1311 749 1381 792 τὸν
1398 746 1567 791 Δούκαν
1588 748 1695 790 ἐπίε-

235 823 315 874 ζον.
384 818 406 862 ὃ
440 821 483 862 δὲ
511 821 613 875 ταχὺ
637 821 683 863 τὸ
711 825 879 878 πρᾶγμα
906 817 1161 875 κατανοήσας
1188 818 1301 875 παρὰ
1325 818 1451 873 μέσην
1481 814 1698 860 εἰσελαύνει

235 893 316 933 τῶν
343 890 543 943 πολεμίων
569 889 641 944 τὴν
662 888 872 946 φάλαγγα·
910 888 1059 939 ἄλλους
1078 905 1120 930 τε
1140 886 1281 930 ἄλλοτε
1302 887 1431 928 παίων
1446 885 1506 928 ἀεὶ
1525 885 1697 928 ἕπεσθαι

237 958 348 1015 αὐτῷ
375 958 449 1001 σὺν
477 961 558 1015 βοῇ
588 956 792 1015 παρώρμα
825 958 870 1000 τὸ
893 955 1128 1011 Ῥωμαϊκόν.
1210 950 1334 1004 αὖθις
1367 949 1438 996 οὖν
1460 955 1696 996 συνέπιπτον
1711 963 1755 996 1ο

239 1024 428 1081 ἀλλήλοις
445 1026 496 1067 τὰ
518 1020 822 1082 στρατεύματα,
858 1028 925 1068 καὶ
943 1024 969 1080 ἡ
993 1023 1105 1079 μάχη
1127 1026 1307 1078 ἐμαίνετο
1319 1055 1333 1075 ,
1365 1023 1439 1072 ἕως
1455 1026 1505 1078 τῇ
1525 1022 1700 1079 σφετέρα

238 1095 362 1151 ἀρετῇ
375 1092 566 1147 Ῥωμαῖοι
589 1095 683 1144 τοὺς
702 1096 918 1148 πολεμίους
936 1095 1170 1151 ἐτρέψαντο.
1226 1094 1293 1134 καὶ
1317 1091 1450 1133 αὐτῶν
1468 1092 1509 1132 ἐν
1527 1094 1585 1148 τῷ
1601 1087 1702 1147 φεύ-

237 1180 320 1219 γειν
338 1163 468 1212 ἱππεῖς
483 1163 557 1216 μὲν
580 1163 620 1212 ἒς
638 1164 892 1219 τριακοσίους
913 1162 1065 1214 ἔπεσον,
1100 1163 1225 1213 πεζῶν
1247 1161 1289 1202 δὲ
1310 1157 1523 1214 ἀμύθητόν
1543 1175 1581 1200 τι
1598 1161 1702 1212 πλῆ-

239 1235 344 1283 θος,
381 1231 419 1272 οἳ
443 1231 574 1272 λοιποὶ
595 1231 638 1272 δὲ
659 1230 810 1289 ᾤχοντο
832 1229 1055 1287 φεύγοντες.
1123 1233 1252 1271 ταῦτα
1272 1224 1588 1284 κατωρθωκότες
1600 1224 1702 1268 Ῥω-

238 1305 353 1353 μαῖοι
387 1300 450 1340 ἐπὶ
482 1299 527 1342 τὸ
555 1298 751 1356 φρούριον
784 1299 1038 1356 ἀνέστρεφον.
1109 1298 1182 1339 οὔκ
1214 1299 1269 1346 εἷς
1284 1296 1446 1352 μακρὰν
1465 1296 1597 1336 τοίνυν
1617 1295 1702 1344 ἒξε-
1717 1298 1760 1334 15

239 1366 374 1416 λόντες
396 1367 496 1409 αὐτὸ
524 1373 608 1417 τοῖς
636 1385 676 1409 τε
698 1369 933 1422 ἐπιτηδείοις
961 1364 1162 1423 ἀφθόνοις
1190 1361 1545 1421 περιτετυχήκεσαν
1569 1363 1610 1405 ἐν
1629 1362 1706 1404 αὖ·

190 1439 224 1474 D
248 1440 306 1494 τῷ
321 1437 387 1477 καὶ
405 1439 486 1477 τῶν
507 1434 639 1478 ἄλλων
658 1437 905 1491 πλησθέντες
927 1436 1096 1491 ἀγαθῶν
1113 1436 1176 1476 ἐπὶ
1199 1436 1328 1490 Βᾶριν
1343 1427 1487 1486 ἦλθον.

380 1503 425 1548 7.
494 1505 606 1546 Μετ’
636 1505 682 1545 οὗ
702 1504 806 1560 ,πολὺ
834 1506 876 1546 δὲ
896 1506 963 1545 καὶ
983 1506 1281 1551 Μοντοπολοῦς
1300 1500 1453 1549 πόλεως
1481 1500 1708 1553 ὄνομαστῆς

242 1570 448 1627 γεγόνασιν
469 1572 693 1627 ἐγκρατεῖς,
729 1574 770 1612 Γ
768 1575 937 1628 ραβίναν
962 1589 1004 1613 τε
1033 1569 1139 1613 εἶλον
1157 1564 1205 1624 ἧς
1217 1570 1479 1624 Ἀλέξανδρος
1495 1565 1708 1622 ἡγεμόνευε

243 1638 451 1696 πρότερον,
488 1638 621 1681 ἄλλων
639 1657 680 1682 τε
701 1638 854 1682 πόλεων
871 1641 939 1681 καὶ
959 1639 1263 1696 φυλακτηρίων·
1299 1636 1400 1693 πρὸς
1420 1636 1462 1677 δὲ
1484 1637 1552 1677 καὶ
1571 1639 1767 1688 κωμο-ΞΟ

246 1706 380 1757 πόλεις
395 1706 494 1764 ὑπὲρ
513 1706 756 1762 πεντήκοντα
773 1707 913 1762 ἔσχον·
938 1710 1006 1749 καὶ
1027 1709 1090 1748 ἐπὶ
1109 1707 1213 1762 μέγα
1237 1704 1424 1746 ἑκάστοτε
1444 1703 1496 1745 τὰ
1511 1703 1712 1757 βασιλέως

246 1776 410 1833 ἐφέρετο
429 1775 668 1832 πράγματα·
703 1774 864 1834 ὑπέρρει
886 1777 930 1818 δὲ
947 1777 988 1817 Γ
985 1776 1147 1833 ιλιέλμῳ
1167 1773 1220 1816 τὰ
1243 1777 1316 1828 τῆς
1335 1770 1543 1826 δυνάμεως
1563 1771 1625 1813 ἀεὶ
1644 1772 1713 1813 καὶ

340 1895 396 1930 18.
421 1894 716 1938 Μοντοπολοῧς]
741 1891 1062 1928 Μοντοπολούσου
1073 1893 1093 1927 ?
1232 1893 1287 1926 19.
1317 1890 1534 1936 Γραβίναν]
1568 1889 1609 1924 In
1625 1888 1712 1924 eod.

339 1938 418 1973 huic
433 1940 554 1973 nomini
568 1940 775 1986 praemissae
789 1944 868 1975 sunt.
882 1939 1018 1974 litterae
1045 1939 1095 1973 Θε
1110 1937 1232 1973 initiali
1247 1938 1359 1972 rubra.

251 2044 397 2085 utraque
418 2044 517 2086 parte
542 2043 776 2086 temperatum.
822 2043 859 2076 at
885 2043 1065 2086 postquam
1089 2040 1263 2074 classicum
1289 2039 1455 2085 utrimque
1477 2037 1645 2080 insonuit,
1677 2040 1714 2072 et

251 2087 381 2130 signum
406 2097 542 2131 pugnae
569 2087 683 2121 datum
711 2092 778 2130 est,
820 2088 967 2121 cominus
993 2086 1153 2131 praelium
1175 2086 1293 2119 ineunt
1313 2084 1475 2119 universi.
1522 2095 1585 2118 nec
1607 2083 1713 2117 solem

251 2131 392 2165 dixisses
408 2143 472 2165 nec
500 2132 587 2166 diem
613 2133 782 2177 conspici,
807 2133 894 2167 adeo
910 2144 1024 2166 omnes
1041 2132 1147 2175 caligo
1163 2131 1337 2165 invaserat
1351 2131 1526 2176 pulvisque
1542 2129 1661 2163 creber
1676 2128 1713 2162 in

251 2177 380 2211 caelum
404 2177 588 2211 ferebatur.
638 2179 799 2223 strepitus
832 2184 868 2212 et
892 2178 1018 2211 clamor
1037 2177 1206 2212 horribilis
1229 2177 1480 2210 exaudiebatur.
1535 2185 1644 2218 usque
1668 2173 1714 2207 ad

251 2222 391 2257 medium
420 2222 506 2257 diem
529 2234 636 2267 aequo
668 2230 851 2268 pugnatum
877 2223 1001 2260 Marte.
1048 2223 1107 2257 sed
1133 2222 1316 2256 numerosis
1341 2233 1379 2255 se
1404 2220 1506 2265 copiis
1529 2220 1718 2253 inferentes

251 2267 352 2311 Itali,
386 2267 504 2302 Ducae
518 2268 623 2301 aciem
647 2270 783 2307 tandem
807 2269 1020 2302 inclinarunt,
1066 2269 1157 2313 quod
1180 2268 1236 2301 ubi
1247 2268 1277 2302 is
1293 2265 1547 2307 animadvertit,
1570 2265 1714 2309 phalan-

254 2325 331 2357 gem
349 2324 441 2347 suam
462 2313 496 2347 in
522 2314 650 2347 medios
673 2314 822 2349 immittit
847 2316 981 2356 hostes,
1015 2315 1190 2358 caesisque
1212 2324 1253 2346 ac
1276 2311 1452 2357 prostratis
1475 2310 1614 2344 subinde
1629 2310 1714 2354 aliis,

253 2364 294 2392 ut
310 2370 349 2392 se
364 2364 562 2404 sequeretur
577 2359 711 2395 invitat.
758 2371 887 2393 rursum
910 2360 1015 2403 igitur
1032 2360 1282 2393 committuntur
1298 2357 1462 2401 utrimque
1486 2356 1576 2390 acies
1591 2383 1601 2400 ,
1627 2355 1715 2389 acri-

254 2415 363 2449 usque
379 2404 588 2438 recrudescit
602 2406 762 2449 praelium
773 2431 782 2447 ,
807 2417 914 2449 usque
939 2405 1014 2438 dum
1032 2404 1168 2449 propria
1184 2404 1319 2437 animati
1343 2403 1469 2436 virtute
1486 2401 1628 2435 Romani
1652 2402 1716 2435 ho-

254 2455 325 2484 stes
348 2451 491 2484 fundunt
506 2452 703 2495 fugantque.
750 2451 904 2484 cecidere
919 2450 1006 2483 inter
1023 2449 1216 2494 fugiendum
1231 2449 1359 2494 equites
1376 2450 1449 2481 fere
1465 2447 1628 2489 trecenti,
1653 2459 1715 2492 pe-

256 2495 360 2529 ditum
376 2500 487 2529 autem
511 2496 680 2531 innumera
696 2496 888 2530 multitudo:
914 2495 971 2529 alii
994 2496 1076 2539 fuga
1093 2495 1213 2540 dilapsi
1228 2500 1316 2528 sunt.
1364 2494 1415 2527 his
1430 2503 1593 2537 prospere
1609 2492 1716 2536 gestis

257 2539 390 2574 rediere
415 2542 459 2576 ad
483 2542 657 2575 castellum
681 2542 842 2575 Romani:
878 2552 986 2585 eoque
1012 2552 1077 2574 non
1102 2541 1205 2574 multo
1230 2539 1405 2574 interiecto
1429 2547 1580 2583 tempore
1605 2537 1716 2582 potiti,

258 2591 527 2632 commeatusque
553 2593 808 2633 ceterarumque
832 2598 946 2622 rerum
969 2586 1233 2620 necessariarum
1249 2584 1406 2630 copiaibi
1420 2584 1577 2626 inventa,
1601 2583 1715 2617 Barim

260 2642 298 2666 se
310 2637 523 2677 receperunt.

349 2678 382 2713 7.
430 2677 552 2722 Neque
567 2678 615 2711 ita
630 2678 734 2712 multo
750 2682 828 2723 post
842 2677 1160 2722 Montempelosum‚
1183 2677 1299 2710 urbem
1316 2674 1481 2708 celebrem
1492 2701 1502 2718 ,
1522 2674 1555 2708 in
1571 2674 1716 2708 deditio-

260 2734 335 2757 nem
348 2733 528 2767 accepere:
555 2731 590 2756 et
614 2724 820 2767 Graviiiam,
845 2724 897 2757 cui
913 2723 1052 2768 primum
1077 2722 1267 2756 Alexander
1283 2722 1499 2765 praefuerat,
1534 2724 1569 2754 et.
1590 2720 1716 2765 oppida

259 2768 327 2802 alia
339 2794 348 2810 ‚
372 2780 545 2812 arcesque,
568 2768 705 2814 insuper
721 2769 819 2803 etiam
834 2769 928 2803 vicos
945 2768 1087 2802 maiores
1103 2768 1194 2800 ultra
1209 2766 1450 2820 quinquaginta
1467 2777 1716 2811 expugnavere.

260 2814 310 2847 ita
340 2825 395 2847 res
423 2815 632 2858 augebantur
663 2814 894 2858 imperatoris,
935 2813 1008 2847 aliis
1041 2819 1144 2856 atque
1174 2811 1248 2845 aliis
1267 2812 1300 2845 in
1331 2812 1401 2845 dies
1416 2811 1523 2856 partis
1540 2811 1716 2850 victoriis;

263 2859 422 2894 Gulielmi
439 2871 521 2895 vero
536 2860 657 2895 sensim
676 2859 911 2895 dilabebantur
926 2859 1016 2895 vires
1032 2865 1068 2894 et
1082 2858 1115 2892 in
1132 2863 1259 2893 arctum
1275 2857 1516 2903 redigebantur
1526 2885 1536 2902 ,
1570 2857 1655 2892 adeo
1681 2861 1719 2891 ut
