1878 3262
379 187 439 231 IN
456 186 772 232 HISTORIAM
790 188 1016 234 IOANNIS
1038 154 1272 234 CINNAMI
1290 191 1491 235 NOTAE.
1573 192 1670 238 325

207 341 212 344 f
311 311 353 350 p.
385 296 441 341 48
470 310 511 338 v-
535 300 578 340 2.
640 294 896 351 Πουπακην]
937 299 1169 353 solymanni
1187 301 1399 342 Iconiensis
1418 301 1592 355 proceris
1620 315 1673 342 ex

195 354 323 394 fratre
338 361 540 407 nepotem.
594 355 696 394 infra
713 369 753 407 p.
775 356 870 399 114.

309 435 352 474 P·
372 422 427 466 59
450 436 489 464 V.
512 425 579 464 13.
635 423 900 477 Μαίανδρος]
932 422 1079 475 Tyrius
1106 424 1134 465 l'.
1157 427 1208 467 16
1234 438 1266 468 c,
1287 425 1343 467 24
1371 424 1420 465 de
1436 426 1671 467 Maeandro:

199 493 330 531 supra
347 481 469 519 cuius
486 482 602 531 ripas
620 481 663 518 in
674 481 850 532 pascuis·
862 487 982 532 grate
1002 481 1226 520 virentibus
1246 489 1386 521 castra
1408 491 1585 524 metatus
1603 491 1672 524 eat.

199 536 303 575 adde
320 537 439 576 Gesta
459 537 700 579 Ludov.V11
720 551 755 576 c.
775 539 840 578 11.

310 617 351 656 Ρ.
369 607 423 646 60
452 619 493 645 v-
513 608 580 647 22.
637 600 857 672 Ἀγρίμην]
894 603 1086 643 Portius
1074 618 1116 642 111
1141 603 1308 647 Diction.
1333 606 1671 658 Graecobarbaro‚

198 655 359 714 ἆγρίμι,
390 657 674 717 ἄγριόζουδον,
705 657 963 715 θηρᾶσιμον,
992 661 1161 715 θηρίον,
1195 659 1295 715 θήρ.
1355 676 1479 715 equus
1495 664 1671 717 agrestis,

196 716 433 768 indomitus,
463 719 634 770 equifer.
689 719 850 770 glossar.
879 731 950 757 ms.
980 718 1163 757 ecclesiae
1187 718 1434 770 Parisiensis‚
1464 722 1514 761 de
1539 721 1671 774 equis:

197 782 294 812 sunt
323 782 461 813 autem
491 774 538 813 lii
567 773 617 813 de
642 777 795 827 agresti
823 773 964 814 ordine
992 776 1095 824 orti,
1134 789 1236 826 quos·
1254 778 1457 827 equiferos
1480 777 1672 818 dicimus.

194 831 354 882 glossar.
374 831 619 871 Saxonicum
640 831 822 871 Aelfrici:
850 832 1025 885 equifer,
1056 830 1177 870 wilde
1199 846 1340 886 cynnes
1359 834 1479 885 bars,
1509 835 1534 875 i.
1559 834 1673 874 indo-

194 887 318 926 mitus·
345 900 481 940 equus.
537 889 696 941 glossar.
724 889 953 941 Latinogall.
983 889 1163 942 equif'er,
1193 889 1457 942 manche-val,
1495 891 1522 930 i.
1544 892 1672 930 malus

193 956 330 995 equus.
389 948 566 998 agrestis
589 945 798 998 caballus,
827 946 869 984 in
892 944 1004 998 epist.
1034 949 1057 989 1
1088 946 1267 998 Gregorii
1285 946 1338 985 111
1372 961 1437 1000 pp.
1467 947 1520 986 ad
1551 948 1672 986 Boni-

191 1001 338 1040 facium
355 1001 631 1054 Moguntinum
655 1003 770 1055 episc.
796 1017 924 1055 equus
943 1003 1178 1054 silvaticae,
1218 1003 1271 1041 in·
1291 1003 1402 1057 epist.
1432 1006 1484 1047 13
1515 1003 1671 1043 Zacha-

191 1058 276 1096 riae
296 1072 363 1112 pp.
386 1059 438 1099 ad
455 1060 624 1099 eundem
639 1059 898 1099 Bonifacium.

302 1141 344 1180 Ρ.
361 1126 417 1170 64
434 1141 473 1168 v.
493 1131 532 1170 7.
589 1128 718 1180 κρίσει
737 1142 778 1169 τε
798 1128 993 1169 συνοδικ”
965 1126 1033 1184 ῃ·]
1049 1128 1226 1167 Exstant
1239 1126 1349 1180 apud
1363 1127 1533 1167 Leonem
1559 1126 1672 1166 Alla-

189 1183 339 1223 tiuml.
359 1188 387 1227 2
409 1184 459 1223 de
478 1184 571 1223 eccl.
587 1185 722 1223 Occid.
741 1190 783 1224 et
801 1185 952 1227 Orient.
973 1197 1085 1237 perp.
1101 1199 1207 1224 cons.
1229 1198 1262 1224 c.
1282 1188 1336 1228 12
1369 1198 1410 1237 p.
1430 1187 1513 1227 678
1543 1198 1668 1236 syno-

189 1239 294 1278 dalia
319 1241 479 1280 decreta
508 1241 589 1279 lata
610 1254 744 1280 mense
767 1241 934 1280 Octobri
960 1242 1007 1282 A.
1033 1242 1143 1284 1144
1163 1248 1204 1279 et
1221 1254 1354 1280 mense
1374 1241 1491 1284 Febr.
1513 1239 1624 1284 1145
1646 1254 1668 1278 a

186 1296 379 1336 Michaele
398 1297 628 1350 patriarcha
643 1299 714 1350 Cp.
743 1298 785 1337 in
805 1297 1030 1350 Niphonem
1049 1298 1311 1350 Bogomilicae
1337 1297 1510 1337 haeresis
1540 1310 1668 1348 reum,

187 1367 269 1404 quo
287 1355 476 1394 lectorem
494 1355 766 1398 amandamus.
823 1355 916 1396 vide
943 1361 1149 1407 praeterea
1175 1356 1334 1398 Novam
1358 1353 1545 1395 Biblioth.
1562 1354 1669 1394 Lab·-

187 1411 253 1449 bei
267 1425 309 1464 Ρ.
336 1414 431 1454 190.

298 1493 341 1521 v.
362 1482 429 1522 13.
487 1476 560 1521 τόν
575 1495 617 1522 τε
633 1479 830 1536 Ἑβραίων
847 1476 1208 1533 ἆποπροσεποιεῖτο
1229 1476 1358 1532 θεὸν]
1389 1479 1486 1518 Inde
1503 1479 1668 1532 potissi-

185 1549 296 1574 mum
327 1535 376 1574 de
402 1535 587 1588 religione
614 1550 739 1589 prave
768 1537 914 1576 sentire
944 1536 1214 1589 deprehensus
1241 1542 1300 1574 est
1326 1537 1508 1588 Niphon‚
1556 1536 1667 1587 quod

185 1593 370 1632 adstante
381 1593 567 1632 universo
580 1594 724 1646 synodi
735 1600 850 1634 coetu
869 1590 1056 1647 ἀνάθεμα
1077 1597 1131 1649 τῷ
1150 1595 1236 1648 θεῷ
1252 1596 1332 1634 τῶν
1345 1592 1439 1648 Ἑβρ
1442 1594 1545 1634 αἰων
1565 1593 1669 1632 effu-

184 1650 306 1689 tierit.
364 1650 505 1702 synod.
525 1651 569 1690 A.
593 1651 713 1693 1144.
770 1651 858 1702 quis
886 1656 1019 1689 autem
1047 1635 1328 1689 Hebraeorum
1360 1650 1459 1689 deus·
1493 1650 1666 1701 dicatur,

185 1706 278 1746 vide
302 1706 522 1745 Arnobium
541 1707 736 1746 iuniorem
759 1708 802 1747 in
824 1707 1025 1746 Conflictu
1045 1721 1136 1746 cum
1156 1707 1367 1759 Serapione
1385 1707 1413 1749 l.
1435 1710 1454 1750 1
1478 1706 1608 1746 initio.

298 1787 339 1826 Ρ.
354 1774 409 1817 65
429 1788 467 1814 v.
493 1777 557 1816 16.
616 1774 815 1824 ἕκπτωτος
836 1771 1030 1829 ἐγεγόνει]
1059 1775 1221 1814 Μεηιιὲὶ
1240 1775 1284 1812 in
1301 1774 1441 1813 urbem
1464 1787 1664 1822 reversus,

186 1830 367 1869 cosmam
389 1830 676 1883 patriarcham,
714 1832 827 1883 quod
841 1831 1034 1883 Niphonis
1053 1831 1314 1883 Bogomilicae
1343 1831 1516 1869 haeresis
1543 1831 1602 1868 rei
1625 1837 1665 1869 et

186 1887 363 1926 damnati
389 1887 524 1938 pravis
551 1888 802 1939 opinionibus
832 1890 1022 1926 assentire
1053 1894 1281 1940 compertus
1308 1893 1430 1937 esset,
1460 1893 1597 1925 coacta
1618 1888 1663 1926 in

184 1943 472 1983 Blacherniano
491 1943 641 1995 palatio
661 1945 835 1996 synodo,
872 1944 1030 1996 publice
1052 1944 1276 1992 damnavit,
1317 1949 1356 1981 et
1377 1943 1527 1982 throno
1553 1943 1663 1982 deie-

185 2001 253 2051 cit,
283 2004 339 2043 26
361 2000 424 2039 die
442 2000 560 2038 Febr.
578 2002 624 2039 A.
644 2001 786 2040 mundi
801 2001 916 2039 iuxta
927 2002 1098 2039 Graecos
1118 2002 1231 2043 6652
1250 1999 1346 2040 Chr.
1364 2001 1473 2042 1147
1493 2000 1576 2039 ind
1598 2003 1664 2042 10.

183 2058 383 2110 synodum
409 2062 450 2095 et
472 2057 576 2095 illius
595 2056 694 2095 Acta
721 2070 773 2096 ex
803 2070 877 2096 ms.
907 2063 1023 2096 eruta
1049 2059 1190 2095 recitat
1211 2056 1380 2094 Allatius
1406 2056 1495 2095 loco
1528 2057 1662 2095 citato.

185 2115 301 2153 aliam
321 2115 484 2154 Cosmae
513 2113 766 2165 depositionis
787 2126 944 2152 causam
965 2113 1275 2152 comminiscitur
1292 2113 1449 2150 Nicetas
1472 2112 1501 2155 l.
1519 2116 1547 2154 2
1566 2126 1599 2152 c.
1621 2115 1660 2154 3.

185 2173 386 2225 catalogus
405 2170 620 2241 patriarch.
643 2171 714 2222 Cp.
752 2173 923 2223 Κοσμοῖς
942 2168 964 2212 ὅ
980 2167 1178 2217 Ἀττικός,
1208 2168 1275 2210 ἐπὶ
1297 2171 1373 2209 τοῦ
1394 2164 1522 2210 αυτοῦ
1543 2168 1662 2222 (Μα-

183 2227 388 2298 νουῆλος)
420 2223 727 2294 αρχιερατεύσας
759 2230 892 2281 μῆνας
925 2224 972 2277 ι’,
1019 2222 1242 2279 ἐξεβλήθη,
1289 2224 1359 2266 καὶ
1389 2220 1444 2279 ἦν
1471 2225 1660 2278 ἐκκλησία

184 2282 414 2341 χηρεύουσα
434 2288 565 2338 μῆνας
585 2280 635 2336 η’.

295 2356 334 2395 Ρ
353 2345 407 2385 67
427 2355 468 2381 v.
488 2344 527 2383 3.
558 2338 718 2390 Κελτοὶ]
739 2339 813 2377 Per
825 2326 955 2376 Celtas
969 2336 1206 2376 Alemannos
1226 2337 1413 2390 intelligit
1431 2338 1658 2386 Cinnamus,

184 2411 255 2451 per
269 2399 487 2437 Germanos
504 2410 602 2436 vero
617 2396 763 2443 Gallos,
784 2401 832 2434 ut
849 2407 900 2433 ex
917 2394 1020 2433 infra
1031 2395 1242 2434 narrandis
1259 2401 1381 2446 patet.
1410 2409 1530 2447 porro
1549 2396 1658 2433 Con—

185 2456 311 2494 radi
300 2470 393 2507 imp.
424 2453 713 2518 expeditionem
739 2451 941 2503 Syriacam
964 2458 1134 2490 narrant
1157 2452 1340 2503 pluribus
1364 2451 1474 2490 Otho
1500 2451 1656 2490 Frisin-

185 2513 310 2563 gensis
340 2512 455 2564 episc.
482 2510 552 2562 qui
578 2510 705 2548 eidem
723 2508 926 2558 interfuit,
954 2508 983 2547 l.
1010 2513 1031 2551 1
1066 2509 1116 2547 de
1145 2508 1273 2546 Gestis
1292 2507 1453 2549 Freder.
1474 2521 1506 2546 c.
1525 2511 1579 2550 39
1599 2507 1655 2549 43

186 2567 241 2609 44
260 2568 315 2611 45
333 2575 373 2607 et
391 2569 461 2618 58,
490 2566 750 2606 Helmodusl.
771 2568 792 2606 1
816 2578 849 2604 c.
867 2569 933 2614 61,
964 2565 1054 2603 Odo
1073 2564 1122 2602 de
1133 2564 1283 2615 Diogilo
1305 2563 1354 2602 de
1364 2565 1537 2603 Profect.
1554 2564 1655 2603 Lud.

185 2636 265 2675 reg.
283 2625 350 2666 Fr.
368 2626 410 2663 in
430 2624 605 2672 Orient„
645 2622 751 2663 Will.
774 2621 964 2674 Tyriusl.
988 2624 1041 2664 16
1062 2635 1094 2661 e.
1117 2623 1168 2662 18
1191 2624 1244 2662 19
1269 2623 1347 2669 20,
1382 2621 1409 2659 1.
1431 2624 1482 2663 17
1508 2634 1543 2660 e.
1566 2624 1586 2662 1
1614 2623 1653 2666 8,

186 2681 465 2722 GestaLudov.
475 2681 545 2720 VH
565 2681 705 2720 Franc.
721 2692 802 2731 reg,
821 2692 856 2719 c.
872 2678 900 2720 4
920 2683 961 2716 et
979 2690 1058 2728 seq.
1049 2707 1074 2728 .,
1101 2676 1306 2717 Mathaeus
1324 2677 1445 2717 Paris.
1464 2677 1511 2717 A.
1528 2677 1654 2726 1146,

186 2738 409 2777 Sanutusl.
427 2741 456 2782 3
482 2743 586 2790 p.a1·t
607 2740 634 2779 6
653 2751 686 2775 c.
712 2740 783 2786 19,
823 2735 971 2774 Chron.
991 2735 1175 2774 Vosiense
1202 2748 1236 2774 c.
1257 2734 1333 2784 52,
1373 2734 1573 2773 Robertus
1605 2733 1654 2770 de

184 2793 321 2832 Monte
343 2792 781 2844 A.1147‚Gotef1idus
801 2793 953 2835 Viterb.
973 2798 1077 2846 part.
1097 2794 1186 2835 17.
1218 2791 1588 2845 praetereaNicetas
1608 2788 1656 2827 in

185 2852 292 2890 Man.
313 2848 340 2889 l.
363 2852 385 2892 1
408 2863 442 2891 c.
460 2849 487 2892 4
509 2857 550 2893 et
572 2863 651 2903 seq7
