1878 3262
563 203 960 248 HISTORIARUM
991 204 1042 249 L'.
1074 202 1156 248 VI.
1503 202 1603 249 253

142 323 272 363 ταῦτα
286 318 478 373 βασιλεὺς
497 317 615 375 ἴγνω,
644 319 690 361 τό
711 319 786 373 μὲν
803 319 866 360 ε’πὶ
885 322 1020 373 κοινῆς
1039 316 1259 360 τεθεικέναι
1277 313 1474 373 ζητήσεως
1489 315 1604 360 ὤκνει
1626 322 1657 359 P
1683 322 1748 358 148

144 390 211 431 καὶ
235 386 445 441 ἀνεδύετο,
473 388 547 431 σὺν
569 389 758 446 εὐλαβείᾳ
783 391 842 444 τῷ
869 386 1075 443 πράγματι
1096 385 1436 444 προσφερόμενος.
1501 383 1609 443 ὁρῶν

144 459 188 501 δὲ
208 455 351 511 σχεδόν
368 459 410 499 τί
428 475 497 511 μοι
520 456 702 507 ἅπαντας
721 458 762 507 ἒς
777 453 939 511 γνώμην
955 455 1029 509 τὴν
1048 455 1287 512 Δημητρίου
1307 453 1515 506 νεύοντας,
1539 455 1609 497 ἵνα

144 526 240 567 καθ’
263 526 344 577 ἕνα,
365 526 443 582 ἤδη
463 527 506 568 δὲ
527 528 593 568 καὶ
612 524 755 576 ξύνδυο
775 526 841 566 καὶ
864 523 968 565 κατὰ
986 525 1146 573 πλείους
1167 522 1500 581 παραλαμβάνων
1517 523 1610 565 ἔδο-

109 596 282 648 5κίμαζε
312 595 364 636 τὰ
394 593 610 650 λεγόμενα,
628 593 745 636 οὕτω
773 610 815 635 τε
847 591 1022 641 πολλοὺς
1051 592 1184 634 αἰτῶν
1210 594 1273 634 ἐπὶ
1290 593 1471 649 θατέραν
1487 590 1614 646 μετή-

144 680 252 719 νεγκε
281 662 403 713 δόξαν
436 664 509 705 οὐκ
537 663 701 717 ἔχοντας
728 662 940 717 ἀντιλέγειν
957 660 1085 702 οῧδέν.
1154 659 1229 702 κᾶν
1246 661 1323 717 γὰρ
1344 663 1411 702 καὶ
1429 662 1614 711 παιδείας

143 731 338 787 ἄγευστος
359 736 521 788 λογικῆς
546 727 596 786 ἦν
605 763 618 783 ,
650 731 755 772 ἀλλὰ
777 729 936 787 φύσεως
954 727 1113 783 ὀξύτητι
1134 730 1200 770 καὶ
1220 731 1416 786 μεγαλείῳ
1437 727 1614 784 νοήσεως

142 799 304 843 πάντων
321 800 516 851 καθάπαξ
536 799 690 856 ἐκράτει
711 803 791 842 τῶν
813 801 854 840 ἒν
872 806 955 848 τοῖς
974 798 1078 840 καθ’
1100 795 1209 852 ’ἡμᾶς
1220 796 1384 854 χρόνοις
1403 798 1612 852 γεγενημέ-

140 886 222 910 νων
246 868 488 926 ἀνθρώπων.
557 871 624 911 καὶ
653 869 726 910 οὐκ
746 863 794 923 ἦν
817 867 926 917 ὅστις
947 867 1104 924 ἠρνεῖτο
1130 871 1282 918 ταῦτα,
1313 866 1370 920 μὴ
1393 865 1453 907 ὅτι
1472 870 1553 907 τῶν
1570 867 1612 908 ἓν

89 938 342 992 1οβασιλέως
372 938 731 995 ἀναστρεφομένων
756 936 808 978 τὰ
834 936 965 978 πολλὰ
1001 930 1054 990 (ἦ
1085 935 1163 992 γὰρ
1199 933 1248 976 ἂν
1274 935 1458 984 θωπείας
1494 932 1608 976 ὗπιῦ-
1631 936 1662 972 Β

141 1007 290 1048 πτευσὲ
305 1023 366 1056 τις
386 1007 621 1060 ἐνταῦθα),
657 1006 749 1047 ἀλλ’
776 1004 854 1060 ἤδη
876 1007 944 1046 καὶ
973 1009 1054 1046 τῶν
1080 1004 1214 1046 ἄλλων
1240 1002 1453 1059 ἀγνώστων
1475 1003 1611 1061 αὐτῷ·

141 1074 216 1118 κᾶν
236 1093 274 1117 τι
292 1077 570 1131 διερμηνεῦσαι
588 1076 878 1132 προθυμηθείη
887 1106 900 1125 ,
932 1073 1006 1116 σὺν
1022 1074 1178 1132 ἐξαισία
1197 1074 1271 1114 τινὶ
1293 1073 1525 1130 προμηθείᾳ
1542 1073 1611 1113 καὶ

140 1145 340 1202 σαφηνείᾳ
360 1146 426 1185 καὶ
445 1142 633 1201 ιῙράσεως
657 1141 850 1197 ἁπλότητι
873 1147 991 1184 τοῦτο
1021 1140 1184 1197 διεξῄει·
1219 1140 1294 1183 κᾶν
1313 1139 1452 1182 ὁποίου
1477 1139 1527 1195 δή
1547 1158 1611 1182 τι-

139 1229 209 1262 νος
229 1216 310 1254 τῶν
329 1214 574 1269 φιλοσοφίας
592 1212 742 1269 ἤρτητο
764 1212 809 1253 τὸ
829 1209 1068 1266 ζητούμενον
1087 1212 1224 1262 εἰδῶν,
1261 1213 1442 1267 φυσικῶν
1461 1208 1487 1264 ἢ
1508 1213 1609 1251 θεο-

87 1287 130 1323 15
141 1284 309 1336 λογικῶν
334 1283 402 1323 καὶ
436 1279 633 1331 καθάπαξ
663 1285 744 1323 τῶν
777 1280 923 1322 ἄλλων.
991 1278 1152 1334 ’ἧσχόλει
1179 1279 1256 1335 γὰρ
1287 1277 1430 1320 ἑαυτὸν
1457 1284 1543 1327 τοῖς
1566 1294 1609 1320 τε

139 1351 271 1399 θείοις
299 1351 366 1391 καὶ
396 1357 480 1399 τοῖς
507 1349 619 1399 ἐκτὸς
645 1347 874 1406 ἀκροάμασι
887 1381 900 1401 ,
935 1346 1063 1389 πολύν
1087 1365 1128 1390 τε
1156 1347 1397 1404 ἀμφοτέρων
1409 1345 1547 1403 Ἄρεός
1565 1363 1609 1388 τε

140 1420 207 1460 καὶ
227 1417 382 1475 ζΕρμοῦ
406 1417 524 1474 λόγον
553 1419 720 1460 ἐποιεῖτο
736 1450 749 1469 ,
779 1419 908 1460 καίτοι
936 1417 1079 1471 σχεδὸν
1098 1418 1298 1470 πολεμίων
1317 1415 1442 1471 Ξ-’ργων
1465 1416 1610 1457 οὐδένα

138 1487 281 1543 καιρὸν
302 1488 434 1537 ἀνιείς.
487 1485 507 1528 ὅ
527 1487 601 1541 μὲν
623 1481 694 1528 οὖν
715 1485 843 1537 οὕτως
867 1484 1060 1540 δεξιότητι
1079 1484 1260 1542 φύσεως,
1297 1484 1392 1540 ὅπερ
1411 1484 1609 1539 ἐλέγομεν,

138 1555 314 1605 πολλοὺς
338 1559 420 1598 τῶν
444 1553 761 1611 ἐντυγχανόντων
781 1556 822 1605 ἒς
839 1553 1002 1610 γνώμην
1021 1555 1221 1608 μετετίθει
1242 1553 1314 1608 τὴν
1334 1551 1494 1594 ἑαυτοῦ.
1561 1552 1608 1595 τὸ

82 1625 215 1682 Ξογὰρ
238 1622 433 1682 πρότερον
465 1624 596 1674 οὐδεὶς
612 1619 660 1678 ἦν
679 1622 789 1674 ὅστις
819 1623 908 1677 οὐχὶ
937 1626 1009 1677 τῆς
1040 1623 1310 1677 ἀντικειμένης
1332 1621 1443 1678 αὐτῷ
1462 1621 1610 1678 μοίρας
1633 1626 1664 1661 C
1684 1642 1688 1646 ·

138 1688 209 1748 ἦν,
235 1692 295 1735 ὅτι
325 1693 382 1747 μὴ
410 1694 584 1743 Λουκᾶς
605 1691 625 1734 ὃ
648 1691 832 1747 τηνικάδε
860 1698 946 1741 τοῖς
972 1692 1312 1746 ἓκκλησιαστικοῖς
1333 1688 1532 1747 ἐφεστώς,
1566 1689 1612 1740 ὃς

139 1763 206 1804 καὶ
237 1760 360 1811 αὐτὸς
387 1761 549 1816 οὐδαμῆ
576 1760 928 1819 παρρησιάζεσθαι
954 1759 1011 1802 ἔτι
1039 1759 1215 1815 ἐτόλμα,
1251 1762 1318 1802 καὶ
1341 1757 1538 1801 διακόνων
1560 1759 1609 1801 οὗ

230 1876 431 1960 §ia-6286&
453 1879 490 1915 τί
511 1879 624 1926 uod?
659 1880 746 1918 Duc.
772 1877 903 1925 σχεδόν
925 1891 961 1913 τι
984 1876 1050 1923 μή.
1211 1879 1268 1914 11.
1308 1873 1449 1922 ἄλλων]
1485 1876 1605 1913 Malim

225 1938 250 1960 οι
295 1937 357 1965 ως.

137 2028 333 2075 imperatori
357 2030 529 2073 comperta
551 2027 711 2072 fuerunt,
743 2027 880 2072 publico
906 2026 1040 2072 quidem
1067 2023 1211 2060 examini
1225 2024 1310 2059 hanc
1325 2024 1380 2060 ille
1395 2024 1605 2060 committere

138 2074 403 2110 controversiam
420 2085 501 2119 prae
516 2074 680 2118 religione
695 2073 838 2118 quadam
853 2073 886 2106 in
903 2073 973 2106 dies
989 2072 1182 2106 differebat.
1223 2071 1279 2105 ubi
1294 2083 1377 2105 vero
1392 2083 1507 2106 omnes
1522 2083 1606 2117 pro-

137 2121 315 2167 pemodum
331 2121 364 2154 in
380 2119 544 2154 Demetrii
558 2120 747 2165 opinionem
760 2119 920 2152 inclinare
938 2118 1043 2162 vidit,
1075 2117 1225 2162 singulos
1245 2118 1371 2162 primo,
1402 2117 1482 2151 inde
1505 2117 1606 2152 binos

138 2172 176 2202 et
191 2167 304 2212 plures
320 2167 364 2200 ad
380 2178 418 2200 se
431 2176 576 2208 vocans,
604 2165 732 2209 agitata
750 2170 783 2199 et
797 2165 948 2198 discussa
963 2164 1179 2209 quaestione,
1206 2163 1368 2208 plurimos
1384 2175 1425 2197 ex
1440 2163 1500 2206 iis,
1530 2175 1606 2198 cum

138 2213 221 2259 quid
238 2216 449 2258 opponerent
463 2223 530 2245 non
548 2215 746 2257 suppeteret
757 2236 768 2253 ,
797 2211 832 2244 in
847 2211 988 2244 alteram
1004 2210 1162 2255 perduxit
1175 2209 1373 2243 senteutiam
1385 2235 1394 2251 ‚
1421 2209 1502 2243 licet
1516 2210 1604 2244 enim

137 2259 281 2304 logicam
309 2263 345 2293 et
368 2258 579 2292 dialecticam
602 2269 668 2290 non
693 2257 883 2301 attigisset,
913 2255 1118 2302 praestantia
1136 2261 1249 2289 tamen
1263 2255 1388 2299 ingenii
1403 2259 1439 2289 et
1453 2256 1606 2290 acumine

136 2305 327 2349 mentisque
353 2310 389 2338 et
411 2303 511 2338 animi
526 2303 752 2348 magnitudine
776 2307 908 2336 ceteros
923 2301 1075 2345 omnino,
1104 2301 1162 2347 qui
1177 2305 1293 2335 nostra
1307 2305 1421 2335 aetate
1435 2301 1606 2344 vixerunt,

137 2350 287 2385 homines
314 2350 552 2396 praecellebat.
598 2355 634 2383 et
649 2360 743 2382 nemo
759 2349 843 2382 haec
859 2348 1088 2392 infitiabatur‚
1119 2359 1185 2381 non
1211 2359 1327 2381 eorum
1343 2347 1441 2381 modo
1457 2347 1515 2392 qui
1529 2358 1605 2381 cum

136 2396 290 2442 principe
310 2397 446 2441 saepius
470 2396 718 2436 versabantur,
749 2406 958 2439 quorumque
980 2397 1138 2439 suspecta
1159 2393 1275 2427 haberi
1300 2398 1416 2438 posset
1442 2393 1606 2435 adulatio,

139 2442 200 2476 sed
215 2449 250 2476 et
266 2443 406 2476 aliorum
419 2468 429 2484 ‚
463 2442 520 2487 qui
540 2441 573 2475 ei
595 2452 732 2487 prorsus
754 2441 861 2484 ignoti
876 2446 964 2474 sunt.
1011 2440 1040 2474 si
1055 2439 1137 2484 quid
1153 2439 1240 2472 enim
1255 2438 1471 2483 interpretari
1487 2438 1604 2480 vellet,

138 2487 171 2521 id
189 2488 346 2533 singulari
367 2488 584 2522 accuratione
608 2491 644 2520 et
665 2487 925 2532 perspicuitate,
955 2497 1084 2520 necnon
1102 2490 1137 2519 et
1152 2485 1268 2518 nativa
1282 2484 1496 2529 simplicitate
1510 2485 1605 2518 refe-

137 2534 256 2578 rebat,
281 2547 324 2569 ex
340 2545 548 2580 quacumque
561 2533 688 2567 demum
705 2533 934 2578 philosophiae
948 2537 1047 2578 parte
1063 2531 1208 2565 deducta
1222 2536 1312 2564 esset
1327 2530 1479 2575 quaestio
1490 2558 1500 2574 ‚
1531 2530 1606 2565 sive

138 2590 182 2613 ex
211 2579 351 2624 physica
381 2580 455 2614 sive
486 2591 528 2613 ex
559 2579 752 2623 theologica
780 2579 979 2623 ceterisque.
1027 2578 1211 2611 exercebat
1237 2576 1325 2610 enim
1341 2587 1418 2610 sese
1433 2575 1468 2610 in
1484 2576 1607 2610 divinis

137 2623 278 2669 perinde
291 2637 332 2659 ac
346 2625 591 2659 humanioribus
607 2624 786 2669 disciplinis
796 2650 806 2667 ‚
840 2630 875 2659 et
888 2635 1009 2669 magno
1024 2628 1203 2667 utrumque
1217 2622 1365 2655 habebat
1379 2621 1452 2655 loco
1466 2649 1477 2666 ‚
1506 2622 1606 2656 Mar-

140 2675 208 2704 tem
223 2674 259 2703 et
271 2670 495 2714 Mercurium,
529 2671 593 2705 etsi
620 2671 711 2705 nullo
730 2671 969 2716 propemodum
986 2676 1136 2715 tempore
1150 2668 1197 2702 illi
1211 2679 1233 2701 a
1247 2667 1374 2702 bellicis
1391 2667 1481 2702 curis
1498 2679 1605 2702 vaca-

139 2719 206 2750 ret.
251 2715 309 2750 ille
330 2717 463 2762 itaque,
491 2717 541 2751 uti
556 2717 698 2751 diximus
709 2743 720 2760 ‚
751 2717 938 2762 complures
954 2728 997 2750 ex
1013 2715 1053 2749 iis
1065 2740 1077 2757 ,
1108 2715 1302 2759 quibuscum
1319 2724 1520 2757 congressus
1535 2717 1602 2756 est,

138 2761 183 2796 ad
199 2772 291 2795 suam
305 2763 464 2806 perduxit
477 2763 685 2797 sententiam.
732 2763 873 2808 primum
889 2762 973 2796 enim
990 2772 1087 2795 nemo
1104 2764 1180 2794 erat
1191 2785 1203 2802 ,
1233 2760 1291 2805 qui
1306 2771 1372 2793 non
1388 2759 1496 2805 partis
1511 2764 1604 2794 esset

138 2807 203 2842 sibi
229 2806 412 2851 adversae,
442 2814 677 2854 praeterquam
692 2809 804 2843 Lucas
819 2809 920 2843 rebus
940 2806 1177 2842 ecclesiasticis
1190 2810 1261 2840 tum
1276 2805 1510 2851 praepositus,
1539 2804 1602 2848 qui-

139 2852 264 2899 etipse
277 2864 342 2888 nec
353 2853 485 2899 aperire
498 2854 605 2891 libere
614 2860 764 2891 mentem
778 2866 870 2891 suam
885 2854 1034 2891 audebat
1043 2877 1056 2897 ,
1085 2864 1160 2888 cum
1183 2863 1247 2889 sex
1272 2863 1340 2887 non
1366 2851 1505 2897 amplius
1520 2849 1595 2885 dia-
