1878 3262
257 241 353 286 180
736 233 960 278 ΙΟΑΝΝ15
994 232 1225 278 CINNAMI

206 364 238 401 Β
259 351 422 410 γόμενος
452 347 609 405 ἀνδρῶν
639 344 810 409 ὃπλιτιῦν
824 378 837 399 ,
872 347 939 388 καὶ
964 343 1069 400 τάχα
1096 344 1144 387 ἄν
1170 342 1302 400 ἣλωτό
1320 361 1360 388 τε
1381 343 1401 387 ὅ
1419 341 1611 402 τύραννος
1640 345 1708 386 καὶ

255 420 334 462 ὑπὸ
349 418 487 475 χερσὶν
507 417 653 472 ἐγένετο
666 414 928 470 Ῥωμαὶὶιαῖς,
967 417 1000 456 εἲ
1027 414 1084 469 μὴ
1113 411 1213 469 τύχη
1231 430 1292 463 τις
1308 413 1427 455 αὐτὸν
1446 415 1487 462 ἐξ
1505 413 1709 469 ἅπροσδο·

259 486 380 541 κήτου
414 483 648 528 διεσώσατο.
713 489 792 527 τῶν
821 483 898 540 γάρ
929 500 990 533 τις
1014 480 1357 540 προσαιτούντων,
1395 481 1440 523 οἳ
1461 482 1601 522 πολλοὶ
1629 485 1710 522 τῶν

259 556 454 598 Λατίνων
471 553 607 610 γε’νους
626 553 688 594 ἐπὶ
700 554 976 606 Παλαιστίνην
997 550 1120 601 ἰόντες
1138 549 1212 607 ὄρη
1233 567 1274 592 τε
1294 551 1359 592 καὶ
1380 549 1514 605 δρυμὰ
1529 549 1711 606 περιτρέ-

256 640 399 678 χουσιν
416 623 583 676 ἀλῆται,
620 623 686 664 καὶ
706 622 820 663 οὐδὲν
839 619 913 673 ὅ,τι
932 625 990 678 τῷ
1008 618 1156 674 πλήθει
1174 620 1375 661 λείπουσιν
1394 616 1601 660 ἄστειπτον
1609 649 1622 669 ,
1652 621 1741 675 τῷό
1765 663 1769 667 ,

257 695 423 746 βασιλεῖ’
441 689 661 748 περιτυχὼν
689 688 878 746 στατῆρα.
891 706 932 731 τε
961 690 1003 739 ἐξ
1030 689 1155 730 αὐτοῦ
1174 686 1453 741 κεκομισμένος
1467 689 1621 742 χρυσοῦ
1638 685 1712 740 τὴν

257 761 448 814 ταχίστην
477 760 540 800 ἐπὶ
571 758 640 800 τὸν
668 757 843 815 Τερόζην
872 752 975 812 ’ἦλθε
1004 759 1069 798 καὶ
1094 757 1204 814 αὐτῷ
1222 756 1294 810 τὴν
1310 754 1509 810 βασιλέως
1527 751 1621 796 ὅσον
1640 753 1714 795 οὐκ

256 827 336 883 ἤδη
357 826 587 883 ἐπήγγελλεν
607 825 756 883 ἄφιξιν.
790 830 927 874 ταῦτα
945 827 1089 875 ἐκεῖνος
1109 823 1284 874 ἀκούσας
1302 822 1606 877 καταπέπληκτο
1626 821 1714 875 μέν,

257 894 313 946 ὥς
339 896 385 938 τὸ
415 894 518 945 εἰκός
527 928 539 947 ,
579 895 648 937 τὸν
673 896 807 948 μέντοι
835 893 952 949 λόγον
972 893 1072 950 πρὸς
1093 894 1235 935 οὐδένα
1254 897 1334 935 τῶν
1353 890 1539 933 ἁπάντων
1564 891 1713 945 ἐξενεγ-

253 964 339 1005 -κών
367 962 428 1005 ὅτι
457 964 514 1018 μὴ
538 964 693 1017 Θωμᾶν
710 981 750 1005 τε
771 964 836 1004 καὶ
857 961 1020 1018 Κόρκην
1030 994 1043 1013 ,
1083 961 1235 1018 ἄνδρας
1253 960 1390 1010 εὔνους
1408 960 1518 1016 αὐτῷ
1531 991 1544 1011 ,
1583 958 1715 1016 φυγὰς
1726 965 1769 999 10

256 1031 399 1074 ἄλλοτε
422 1030 524 1087 ἄλλῃ
545 1030 763 1088 φερόμενος
781 1032 952 1086 ἐξέτρεχε
974 1034 1193 1084 πανταχοῦ.
1261 1029 1451 1083 βασιλεὺς
1469 1028 1512 1069 δὲ
1528 1030 1579 1083 τῇ
1595 1025 1715 1069 ὕστε-

205 1108 236 1143 C
261 1101 357 1159 ραίᾳ
384 1100 424 1149 ἐς
447 1099 519 1153 τὴν
548 1101 725 1141 Κιλίκων
752 1097 960 1148 εἰσελάσας
987 1099 1108 1140 αὐτὸν
1135 1099 1208 1152 μὲν
1237 1093 1347 1155 εὗρεν
1367 1097 1571 1151 οὖδαμοῢ,
1608 1094 1654 1138 τὸ
1673 1095 1716 1137 ἓν

256 1167 399 1224 Λάμῳ
438 1167 482 1208 δὲ
514 1166 708 1224 φρούριον
737 1167 912 1222 ἀμαχητὶ
942 1166 1220 1223 παρεστήσατο
1253 1165 1422 1223 ἐρυμνὸν
1451 1163 1628 1219 μάλιστα
1656 1162 1716 1206 ὅν.

257 1234 343 1277 εἶτα
370 1235 608 1291 Κίστραμον
635 1234 958 1292 καὶἈνάζαρβον
981 1234 1095 1276 πόλιν
1119 1233 1195 1276 εἷλε
1216 1238 1431 1291 περιφανῆ.
1498 1231 1650 1289 προϊὼν
1671 1230 1716 1273 δὲ

257 1305 324 1345 καὶ
349 1301 606 1358 Λογγινιάδα
636 1303 709 1345 σὺν
738 1302 846 1359 πάσῃ
866 1307 916 1359 τῇ
934 1303 1142 1359 περιοικίδι
1161 1302 1431 1359 καταδραμὼν
1449 1299 1714 1343 ἐδουλώσατο.
1727 1303 1787 1343 15.

255 1371 354 1414 ὅθεν
385 1373 447 1413 ἐπὶ
478 1371 643 1428 Ταρσὸν
669 1372 849 1425 μεταβὰς
868 1371 895 1426 ἢ
911 1369 1158 1428 μητρόπολις
1179 1375 1236 1428 τῷ
1256 1370 1362 1412 ἔθνει
1383 1368 1511 1427 τούτῳ
1530 1367 1716 1425 τυγχάνει

252 1434 362 1482 ὀὖσα
372 1471 386 1491 ,
424 1439 549 1494 αὐτὴν
567 1441 639 1493 μὲν
659 1438 759 1482 εἷλεν
780 1440 985 1493 αὖτοβοεί,
1024 1441 1116 1481 Τίλι
1137 1440 1180 1481 δὲ
1197 1436 1471 1496 κρησφύγετον
1490 1435 1603 1491 μάλα
1622 1439 1716 1491 ἔχυ-

258 1507 330 1563 ρόν
362 1508 529 1561 πέμψας
552 1506 630 1549 ὑπὸ
644 1507 866 1561 Ῥωμαίους
883 1507 1112 1562 ἐποιήσατο.
1181 1506 1288 1557 ὅπως
1307 1508 1350 1549 δὲ
1371 1506 1535 1562 Ταρσὸν
1554 1506 1644 1548 οὐδ’
1666 1503 1715 1547 ἂν

253 1573 333 1616 ὑπὸ
363 1574 573 1630 μυριάδων
599 1574 831 1617 ἁλώσεσθαι
850 1579 1007 1617 πολλῶν
1027 1576 1168 1631 εὐχερῆ
1187 1570 1312 1617 οὖσαν
1336 1573 1570 1630 αὐθημερὸν
1595 1573 1717 1623 αὐτὸς

255 1641 559 1700 παρεστήσατο,
598 1642 766 1698 δηλώσω
796 1643 928 1699 ἔγωγε.
997 1642 1205 1699 ἐπειδήπερ
1231 1641 1463 1686 δυσάλωτον
1491 1637 1616 1685 οὖσαν
1639 1641 1771 1684 uzi-20

251 1711 331 1765 ’τὴν
357 1710 477 1766 ἔγνω,
517 1713 665 1768 τρίβειν
695 1713 874 1753 ἐνταῦθα
892 1711 960 1753 τὸν
981 1711 1120 1768 καιρὸν
1140 1711 1300 1766 οὐδαμῆ
1317 1710 1484 1766 ἤθελεν,
1521 1709 1619 1752 ὅθεν
1647 1711 1716 1752 καὶ

258 1778 381 1828 αὐτὸς
398 1780 470 1832 μὲν
489 1779 557 1834 ἒφῗ
581 1778 716 1835 ἑτέρας
736 1778 925 1836 ἐτράπετο
946 1778 1100 1830 πόλεις,
1144 1778 1357 1836 Θεόδωρον
1374 1780 1417 1821 δὲ
1436 1778 1621 1835 γαμβρὸν
1640 1778 1717 1819 αὖ-

202 1854 235 1890 D
259 1850 317 1907 πῖ
344 1847 408 1888 ἐπ’
430 1847 588 1904 ἀδελφῇ
611 1846 800 1903 γεγονότα
821 1845 1033 1902 Βατάτζην
1058 1845 1267 1902 ἐπώνυμον
1295 1848 1362 1889 ἐπ’
1385 1848 1534 1902 ἐκείνην
1563 1846 1716 1901 ἔπεμψε

347 1978 382 2061 ἒ.
404 1971 529 2065 {stand
551 1977 611 2021 τε]
635 1976 731 2010 Fort.
756 1972 833 2020 ἥλω
857 1986 908 2010 τε.
1016 1977 1070 2012 18.
1098 1974 1269 2023 Ταρσὸν]
1293 1977 1345 2012 Ita
1367 1976 1455 2012 Duc.
1504 1975 1591 2027 θοᾷ.
1615 1974 1714 2010 ’Aroi-

368 2032 413 2063 αρ
442 2033 496 2055 ον.

257 2142 323 2177 que
340 2131 497 2166 continuo
515 2135 551 2167 et
564 2132 599 2166 in
614 2133 839 2168 Romanorum
854 2136 1059 2180 potestatem
1075 2134 1225 2169 venisset
1239 2136 1419 2179 tyrannus,
1441 2133 1504 2167 nisi
1520 2132 1626 2178 ipsum
1639 2133 1714 2167 for-

257 2183 338 2212 tuna
353 2178 514 2222 quaedam
530 2179 701 2223 inopinato
717 2185 900 2214 servasset.
950 2181 1083 2225 quidam
1102 2181 1188 2215 enim
1209 2181 1379 2215 mendicus
1390 2205 1401 2222 ‚
1431 2179 1547 2224 quales
1561 2178 1655 2212 multi
1670 2190 1714 2212 ex

255 2222 384 2256 Latinis
408 2224 597 2257 nationibus
624 2229 742 2258 euntes
761 2226 796 2258 in
813 2226 1039 2261 Palaestinam
1055 2231 1185 2261 montes
1201 2230 1235 2260 et
1251 2226 1351 2259 silvas
1367 2224 1555 2269 vagabundi
1572 2235 1714 2269 percur-

257 2272 352 2309 runt,
382 2279 423 2302 ac
437 2268 517 2301 nihil
535 2280 602 2302 non
616 2269 729 2303 tritum
745 2271 953 2315 relinquunt,
988 2273 1105 2306 obvius
1122 2271 1315 2317 imperatori
1333 2272 1463 2310 factus,
1496 2269 1568 2302 auri
1583 2273 1715 2304 statere

258 2314 303 2346 ab
319 2313 377 2347 illo
394 2318 535 2359 accepto
547 2340 557 2356 ‚
574 2319 699 2358 quanta
713 2316 822 2359 potuit
835 2317 1011 2351 celeritate
1026 2318 1067 2351 ad
1082 2318 1250 2352 Torosum
1266 2315 1435 2350 contendit
1450 2318 1485 2348 et
1499 2314 1714 2361 imperatoris

256 2358 437 2394 adventum
462 2359 641 2394 nuntiavit.
689 2372 756 2404 quo
782 2361 840 2394 ille
866 2363 979 2396 audito
992 2389 1002 2404 ‚
1031 2375 1094 2398 nec
1119 2363 1256 2406 iniuria,
1287 2361 1482 2406 perculsus,
1512 2360 1554 2394 iis
1578 2360 1713 2403 nemini,

258 2408 494 2449 praeterquam
510 2405 663 2438 'rhomae
679 2412 715 2439 et
730 2406 861 2440 Corcae
876 2407 939 2440 sibi
953 2408 1030 2441 fidis
1040 2434 1049 2450 ‚
1064 2420 1152 2453 quae
1166 2411 1345 2451 acceperat
1360 2404 1511 2440 indicatis
1523 2431 1533 2448 ,
1556 2406 1621 2439 huc
1634 2406 1713 2439 illuc

258 2461 375 2484 errans
391 2455 427 2484 et
440 2450 651 2495 palabundus
667 2456 820 2494 vagatur.
865 2452 1047 2497 imperator
1063 2453 1223 2499 postridie
1239 2452 1387 2486 Ciliciam
1402 2451 1549 2485 invadit:
1573 2462 1614 2485 eo
1631 2461 1712 2485 nus—

251 2506 254 2509 *
281 2506 357 2528 uam
380 2496 537 2539 invento,
566 2496 740 2530 castellum
762 2497 794 2531 in
821 2497 926 2531 Lamo
954 2499 1094 2532 arduum
1116 2499 1257 2533 maxime
1278 2497 1367 2531 nullo
1390 2497 1506 2531 labore
1530 2501 1712 2542 expugnat.

254 2506 375 2574 deinde
392 2541 590 2575 Cistramum
605 2541 696 2586 capit
714 2547 749 2576 et
769 2544 981 2577 Anazarbum
1005 2545 1121 2578 urbem
1148 2543 1415 2584 celeberrimam,
1443 2553 1715 2596 progressusque

255 2584 501 2629 Longiniadem
526 2598 598 2620 cum
625 2587 851 2621 adiacentibus
867 2589 957 2633 agris
972 2590 1111 2634 imperio
1126 2589 1270 2624 subiicit.
1315 2588 1395 2622 inde
1413 2588 1454 2621 ad
1469 2588 1614 2621 Tarsum
1629 2587 1715 2621 Cili-

252 2639 331 2664 cum
345 2632 553 2676 metropolim
570 2633 762 2677 profectus,
795 2634 912 2669 urbem
933 2635 1039 2679 primo
1055 2635 1223 2680 intercipit
1237 2634 1379 2678 impetu:
1413 2638 1448 2666 et
1471 2633 1543 2667 Tili
1568 2637 1713 2667 castrum

252 2676 511 2721 validissimum,
542 2677 648 2711 missis
675 2690 715 2712 eo
740 2680 924 2722 nonnullis,
956 2681 1180 2714 Romanorum
1205 2679 1269 2713 iuri
1295 2679 1424 2713 asserit.
1473 2690 1540 2723 qua
1560 2690 1643 2712 vero
1658 2689 1714 2712 ra-

238 2720 348 2755 ‘tione
370 2722 515 2755 Tarsum
528 2748 538 2764 ,
568 2724 655 2766 quae
671 2735 713 2757 ne
728 2735 748 2757 a
763 2725 874 2758 multis
890 2725 1025 2770 quidem
1050 2726 1192 2760 millibus
1208 2725 1392 2769 expugnari
1410 2723 1464 2758 vix
1478 2728 1612 2769 potest,
1638 2723 1714 2769 ipse

256 2766 374 2800 eodem
400 2778 466 2811 quo
494 2767 635 2800 accessit
651 2768 705 2802 die
721 2770 868 2814 ceperit,
900 2772 1055 2804 narrabo.
1102 2771 1160 2804 ubi
1177 2769 1262 2803 enim
1278 2770 1391 2803 urbem
1406 2781 1509 2813 aegre
1525 2769 1712 2814 expugnari

255 2822 357 2857 posse
369 2810 534 2852 advertit,
559 2812 687 2847 frustra
701 2813 748 2847 ibi
763 2820 892 2859 tempus
908 2821 1020 2850 terere
1035 2815 1202 2849 inconsult
1269 2820 1407 2860 putans,
1432 2814 1573 2849 deflexit
1587 2815 1630 2848 ad
1645 2813 1712 2849 alia

253 2857 398 2905 oppida:
429 2857 646 2893 Theodorum
660 2870 743 2894 vero
758 2860 940 2904 sororium,
967 2865 1187 2906 cognomento
1232 2865 1396 2908 atatzem,
1419 2861 1464 2897 ad
1479 2871 1552 2896 eam
1569 2859 1710 2896 circum-
