1878 3262
615 207 1012 254 HISTORIARUM
1043 209 1093 253 L.
1107 208 1188 254 VI.
1541 209 1641 256 255

177 318 347 379 ἑκάτερα
371 320 664 380 προῖρχονται)
677 356 690 375 ,
723 323 1032 366 &monachacae
1058 324 1192 367 τοίνυν
1217 321 1327 375 ὅπως
1344 341 1414 379 μοι
1434 318 1545 382 μόνῳ
1564 327 1646 367 τῶν

174 388 365 434 ἁπάντων
398 392 638 442 ἀπεναντίας
662 391 758 447 ὗμῖν
787 391 923 447 ἥξοντι
958 392 1324 449 συμπλακήσεσθαι
1354 394 1494 436 λοιπὸν
1520 395 1646 448 δυνη-

176 463 303 514 θῆτε,
334 460 382 501 οὖ
401 462 474 519 βία
489 465 655 517 χειρῶν,
683 461 777 502 ἀλλ’
800 462 974 519 ἐνεργείᾳ
992 460 1135 516 λόγων.
1202 469 1379 516 μισεῖται
1397 460 1475 519 γάρ
1494 478 1566 516 μοι
1584 479 1647 504 νι-

176 532 252 570 κᾶν
272 526 487 586 ἡττωμένῳ
498 561 510 580 ,
538 531 605 571 καὶ
623 527 781 586 μάρτυς
795 527 821 583 ἦ
837 531 982 585 πρᾶξις
995 528 1080 583 ἥδε.
1149 531 1388 587 σαφέστατα
1407 531 1485 588 γὰρ
1506 547 1644 587 περιυ-
1666 539 1698 574 Β

142 597 414 654 ὄβρισμένος,
450 596 584 654 ὥσπερ
610 596 732 656 ὁρᾷς,
767 597 895 651 ἕπε’χω
925 597 998 652 τὴν
1027 597 1210 651 ἄμυναν·
1246 601 1377 641 καίτοι
1406 599 1485 641 ἔδει
1515 598 1574 653 μὴ
1603 600 1646 641 ἐν

172 667 336 721 γωνίαις
356 664 465 720 ὑμᾶς
485 671 612 708 ταῦτα
636 663 852 722 διασύρειν.
895 667 956 716 τίς
978 666 1055 723 γὰρ
1071 664 1180 719 ὑμᾶς
1199 668 1266 708 καὶ
1287 666 1504 722 ἕβιάσατος
1533 666 1561 722 ἢ
1584 669 1646 718 τίς

172 734 246 789 τὴν
264 737 493 792 παρρησίαν
513 735 654 791 ἀφεῖλε
657 753 680 795 2'
713 732 808 777 πότε
831 751 900 788 μοι
921 734 998 791 πρὸ
1020 739 1094 776 τοῦ
1112 733 1298 789 βήματος
1317 735 1555 790 ἀπειόσθητε
1576 736 1645 778 λε’-

171 819 332 859 γοντες;
366 805 408 845 τί
433 804 613 858 κερδανῶ
646 801 788 854 αὐτός,
825 801 922 859 δόξῃ
947 805 1198 860 παρίσταμαι
1220 803 1424 861 ἀλλοκότῳ
1434 824 1448 858 ‚-
1485 799 1566 861 ἆρα
1588 803 1646 855 ὡς

172 871 230 926 μὴ
249 871 322 925 τὴν
342 873 429 927 περὶ
448 869 592 926 λόγους
610 889 680 925 μοι
698 870 821 921 δόξαν
838 874 1038 926 αἷσχυνιῦ,
1064 871 1160 929 ὅπερ
1178 871 1255 926 ἤδη
1273 874 1414 913 πολλοὶ
1432 877 1512 914 τῶν
1531 872 1642 915 καθ’

118 938 279 993 1Οὗμᾶς
309 938 465 982 ἔπαθον
500 941 595 995 (καὶ
610 940 693 995 μὴν
710 940 898 983 οὐδέποτε
919 944 1140 995 τηλικαῦτα
1159 939 1430 996 ἕπήγγελμαι)
1468 943 1645 983 λείπεται

172 1006 355 1060 πάντως,
385 1010 455 1050 ἵνα
471 1009 529 1063 μὴ
550 1011 640 1066 περὶ
660 1011 776 1051 θείου
800 1007 923 1059 δόξαν
945 1011 1202 1066 καταπροδιῦ.
1272 1012 1307 1052 εἷ
1329 1010 1374 1052 δέ
1396 1027 1456 1059 τις
1473 1011 1642 1063 μεταδι-

173 1076 294 1127 δάξαι
322 1094 372 1131 με
405 1078 521 1132 σχοίη
550 1077 623 1132 τὴν
653 1076 837 1133 γνώμην,
874 1076 1103 1134 συμφώνως
1125 1085 1304 1135 γραφαῖς
1320 1082 1455 1119 λαλῶν
1474 1085 1564 1128 ταῖς
1583 1078 1641 1120 ἱε-

173 1153 285 1202 ραῖς,
321 1146 488 1200 οὐδεμία
513 1163 584 1200 μοι
612 1145 772 1196 πάντως
795 1145 963 1202 αἰσχύνη
984 1147 1049 1188 ἐπ’
1071 1148 1198 1188 ἐκεῖνα
1217 1147 1498 1200 μεταθέσθαι·
1532 1145 1576 1188 (ἐν
1594 1147 1638 1188 δὲ
1660 1152 1692 1187 C

171 1212 296 1268 μόνον
311 1218 430 1256 τοῦτο
448 1212 686 1271 τετηρῆσθω
696 1247 708 1267 ,
744 1213 986 1271 ἀνύβριστος
1000 1213 1110 1265 θεός.
1176 1213 1277 1272 ὑπὲρ
1299 1214 1442 1257 τούτου
1462 1216 1540 1272 γὰρ
1558 1233 1640 1269 μυ-

118 1290 162 1326 15
174 1281 305 1340 ριάκις
330 1283 452 1333 αὐτὸς
472 1281 732 1340 ὑβριζόμενος
753 1282 966 1339 ὖπενέγκω.
1028 1282 1189 1326 “rafim
1210 1285 1284 1338 μὲν
1301 1286 1394 1340 τῇδε
1415 1283 1641 1341 ἐχώρησαν,

171 1349 333 1409 ἡμερῶν
355 1353 399 1393 δὲ
419 1353 562 1407 ὀλίγων
579 1351 747 1408 ὕστερον
765 1354 936 1406 βίβλους
955 1369 1021 1404 τε,
1057 1351 1149 1395 ὅσαι
1169 1370 1210 1395 τε
1237 1354 1327 1409 περὶ
1354 1351 1508 1395 τούτων
1536 1370 1640 1409 τρα-

170 1425 308 1462 νοῦσιν
319 1452 332 1472 ,
367 1418 519 1474 ἐκόμιζε
548 1420 699 1475 συχνὰς
717 1421 814 1462 κάπὶ
832 1422 1061 1478 κοινοτέρας
1081 1421 1127 1463 τὸ
1146 1425 1312 1478 πρᾶγμα
1338 1421 1548 1477 προύτίθει
1570 1423 1639 1476 ζη-

170 1487 334 1543 τήσεως.
400 1487 593 1546 ὑπέρρεον
634 1483 706 1531 οὖν
744 1488 931 1532 ἑκάστοτε
964 1492 1102 1543 συχνοὶ
1137 1494 1209 1544 τῆς
1238 1490 1450 1541 ἀντιθέτου
1477 1491 1640 1546 μοίρας,

171 1558 248 1607 ἕως
264 1556 436 1607 ἅπαντες
455 1557 542 1612 ἅμα
559 1556 829 1614 πατριάρχαις
848 1565 932 1608 τοῖς
950 1557 1088 1608 ἄλλοις
1105 1556 1403 1615 ὦμοφρόνησάν
1425 1576 1467 1600 τε
1486 1560 1553 1600 καὶ
1571 1558 1642 1601 τὸν

115 1627 342 1681 Ξοβασιλὲα
376 1631 448 1681 τῆς
484 1631 565 1669 τῶν
592 1631 763 1683 γραφῶν
794 1630 952 1680 μᾶλλον
983 1628 1153 1677 ξυνιέναι
1185 1624 1418 1682 ὡμολόγουν
1445 1628 1641 1677 διανοίας.

170 1699 230 1752 τῷ
246 1712 289 1750 γε
307 1695 389 1750 μὴν
401 1696 554 1755 Λουκᾷ
574 1694 834 1750 ἓχαλέπαινόν
858 1713 899 1737 τε
922 1700 1155 1752 περιφανῶς
1173 1698 1239 1737 καὶ
1260 1694 1489 1749 σκώμματα
1512 1712 1643 1752 προσ-

170 1766 290 1819 ἦγον,
324 1764 378 1805 δι’
403 1763 430 1805 ἃ
446 1768 518 1806 τοῦ
536 1763 690 1821 θρόνου
709 1769 920 1807 κατασπᾶν
938 1765 1162 1819 ἓπεβοῶντο
1179 1764 1248 1806 τὸν
1267 1763 1508 1821 ἄνθρωπον,
1533 1762 1640 1806 πάνυ

264 1859 298 1894 1.
327 1855 504 1902 ἑκάτερα]
540 1858 627 1893 Cod.
657 1855 834 1903 ἑκάτεροι.
970 1860 1005 1894 8.
1041 1857 1132 1905 δόξῃ
1164 1858 1415 1904 παρίσταμαι]
1449 1859 1537 1893 Duc.
1560 1861 1642 1894 ante

264 1901 356 1950 δόξῃ
378 1904 518 1938 inseruit
539 1904 583 1939 εἰ.
630 1905 712 1939 fort.
734 1902 1016 1949 παριστάμενος.
1155 1907 1209 1941 16.
1234 1902 1319 1940 ὅσαι
1341 1906 1403 1950 τε]
1427 1901 1514 1940 ὅσαι
1534 1905 1604 1950 ys?

171 1983 326 2027 sufficit)
359 1983 470 2028 agite,
503 1994 595 2017 arma
619 1983 769 2025 induite,
801 1986 839 2017 ut
858 1995 986 2018 mecum
1014 1983 1148 2018 tandem
1173 1983 1245 2018 solo
1261 1987 1384 2017 contra
1398 1995 1461 2018 vos
1477 1987 1637 2028 venturo,

171 2041 239 2064 non
256 2041 409 2063 manuum
425 2029 479 2070 vi,
496 2029 558 2063 sed
574 2029 737 2063 rationum
754 2033 789 2062 et
801 2035 1072 2073 argumentorum
1090 2029 1260 2075 pondere,
1277 2029 1472 2075 depugnare
1488 2029 1635 2075 possitis.

171 2077 250 2110 nolo
274 2075 361 2109 enim
387 2075 495 2109 victus
519 2075 674 2118 vincere;
707 2080 742 2109 et
765 2075 861 2108 testis
885 2075 962 2109 mihi
987 2081 1040 2110 est
1057 2075 1138 2109 haec
1163 2075 1264 2109 actio.
1311 2076 1492 2109 manifesta
1510 2076 1636 2122 quippe

170 2122 320 2156 affectus
350 2121 491 2162 iniuria,
520 2127 558 2155 ut
580 2121 696 2164 vides,
726 2122 769 2154 ab
794 2121 920 2154 ultione
944 2121 1112 2155 abstineo.
1158 2121 1290 2156 minime
1312 2126 1424 2155 autem
1439 2125 1636 2176 oportuerat

170 2179 234 2202 vos
250 2179 292 2201 ea
305 2167 339 2201 in
354 2167 484 2211 angulis
500 2167 663 2212 proferre.
710 2167 784 2212 quis
798 2166 885 2200 enim
900 2178 962 2200 vos
978 2167 1022 2200 ad
1038 2167 1068 2200 id
1086 2167 1226 2211 coegit?
1260 2172 1320 2201 aut
1345 2167 1419 2212 quis
1444 2168 1636 2202 libertatem

171 2213 338 2249 abstulit?
384 2213 519 2258 quando
548 2224 611 2257 ego
636 2212 758 2246 sedens
779 2224 843 2257 pro
875 2212 1035 2246 tribunali
1063 2212 1196 2246 dicendi
1218 2213 1416 2247 facultatem
1439 2213 1636 2258 denegavi?

170 2259 253 2305 quid
278 2259 357 2293 inde
379 2271 443 2303 ego
467 2259 551 2293 lucri
574 2259 741 2301 referam,
771 2259 800 2292 si
824 2258 972 2304 ineptam
987 2270 1028 2292 ac
1041 2258 1201 2293 insulsam
1215 2258 1404 2304 opinionem
1419 2258 1636 2294 defendero?

169 2305 274 2350 igitur
306 2309 345 2339 ut
372 2316 439 2339 non
467 2305 612 2350 pudeat,
644 2304 734 2350 quod
761 2315 827 2338 non
851 2304 935 2338 satis
958 2304 1113 2338 eruditae
1138 2305 1271 2348 linguae
1293 2305 1459 2350 animique
1481 2305 1635 2349 existam,

172 2351 264 2397 quod
285 2351 352 2385 iam
375 2351 487 2385 multis
510 2356 657 2385 vestrum
685 2350 809 2385 accidit
839 2350 944 2394 (licet
964 2350 1127 2384 eiusmodi
1150 2362 1327 2396 numquam
1352 2351 1524 2396 professus
1546 2351 1636 2395 sim)

170 2402 326 2442 superest
346 2397 497 2441 omnino,
528 2402 565 2431 ut
587 2400 686 2442 quam
711 2397 754 2430 de
777 2396 841 2430 deo
868 2397 975 2430 babeo
991 2396 1179 2442 opinionem
1192 2423 1202 2439 ,
1227 2408 1295 2430 non
1310 2396 1451 2441 prodam
1467 2401 1527 2431 aut
1538 2397 1640 2430 dese-

172 2453 257 2478 ram.
304 2443 333 2477 si
355 2454 437 2476 vero
461 2443 581 2488 aliquis
604 2454 694 2477 nova
708 2442 881 2487 quaepiam
897 2442 1021 2476 docere
1035 2454 1086 2476 me
1102 2442 1203 2487 velit,
1234 2454 1321 2487 quae
1337 2442 1515 2487 scripturis
1530 2442 1638 2477 sacris

173 2493 400 2523 consentanea
425 2488 492 2522 sint
503 2514 514 2531 ‚
540 2489 575 2523 in
594 2489 682 2522 illius
706 2488 905 2522 sententiam
921 2488 1066 2522 transire
1080 2488 1171 2522 haud
1185 2489 1339 2524 verebor.
1387 2499 1488 2521 unum
1505 2488 1569 2522 hoc
1584 2487 1639 2522 in·

173 2537 271 2569 terea
295 2535 517 2577 observetur,
547 2539 587 2569 ut
610 2546 676 2568 non
694 2534 874 2568 irrideatur
895 2534 996 2569 deusz
1028 2545 1090 2579 pro
1112 2534 1169 2567 illo
1194 2534 1281 2568 enim
1296 2533 1414 2567 millies
1427 2533 1501 2579 ipse
1515 2538 1639 2568 contu-

173 2580 305 2615 meliam
329 2580 448 2626 patiar.
461 2581 482 2596 ‘’
528 2581 614 2615 haec
639 2584 709 2614 tum
731 2580 778 2613 ibi
806 2585 914 2624 gesta.
961 2580 1077 2625 paucis
1097 2591 1181 2613 vero
1201 2579 1360 2624 deinceps
1377 2579 1500 2624 elapsis
1516 2579 1637 2614 diebus

173 2624 276 2660 libros
294 2626 503 2672 complures,
530 2631 700 2672 quotquot
722 2626 925 2670 praedictam
951 2625 1215 2659 controversiam
1230 2625 1430 2658 videbantur
1444 2625 1639 2671 explanare,

174 2671 334 2716 produxit
348 2672 577 2717 communique
591 2672 734 2706 concilio
749 2683 817 2706 rem
832 2672 1050 2706 decidendam
1064 2671 1196 2705 statuit.
1243 2671 1421 2704 descivere
1441 2670 1547 2715 igitur
1573 2683 1637 2705 un-

176 2715 280 2760 dique
295 2717 406 2762 piures
421 2719 465 2752 ab
482 2718 626 2753 adversa
646 2723 764 2764 parte,
795 2718 843 2752 ita
858 2723 895 2751 ut
909 2717 1060 2752 universi
1076 2728 1150 2751 cum
1174 2717 1298 2751 ceteris
1321 2716 1520 2761 patriarchis
1543 2728 1637 2752 eam-

174 2761 252 2795 dem
273 2763 454 2815 amplexati
469 2764 668 2798 sententiam
682 2764 917 2809 imperatorem
944 2773 1114 2797 sacrarum
1127 2762 1368 2808 scripturarum
1384 2763 1526 2797 scientia
1542 2768 1637 2797 cete-

174 2818 233 2841 ros
249 2812 378 2842 anteire
393 2810 646 2845 confiterentur.
693 2810 809 2844 Lucae
822 2814 934 2843 autem
947 2809 1206 2854 indignabantur
1227 2809 1399 2854 propalam
1414 2808 1633 2852 dicteriisque

173 2864 250 2888 eum
264 2853 494 2900 incessebant,
520 2859 626 2903 atque
638 2855 723 2893 adeo
737 2855 903 2892 hominem
915 2856 1036 2892 throno
1052 2854 1284 2902 depellendum
1298 2854 1543 2898 inclamabant,
1568 2853 1632 2888 viri
