1878 3262
0 0 10 116 *ao—-

625 208 1020 255 HISTORIARUM
1046 209 1097 253 L.
1123 207 1220 254 VH·
1560 206 1661 255 299

205 325 334 383 ἀφῆκε
351 319 483 383 τούτῳ
501 323 548 367 τὸ
567 320 766 380 ἔγκλημα,
800 322 827 380 ἦ
863 323 953 379 δίκη
981 323 1027 366 δὲ
1059 321 1133 366 οὔκ
1160 323 1216 374 εἷς
1243 320 1407 381 μακρὰν
1427 325 1568 366 τοῦτον
1583 341 1659 380 με-

203 393 287 452 τῄει
304 395 346 444 ἔξ
367 391 595 451 ἀνθρώπων
619 394 856 448 πεποιημένη
881 390 1164 446 ὁυστυχήμασί
1179 410 1221 435 τε
1242 392 1337 444 τοὺς
1356 392 1399 443 ἐξ
1417 392 1564 435 ἐκείνου
1585 411 1660 436 πε-

204 463 377 520 ριέβαλε.
443 460 533 505 τότε
556 462 599 504 δὲ
619 463 686 503 καὶ
704 464 744 503 Γ
741 466 873 519 αβρᾶν
890 460 1081 515 βασιλεὺς
1105 462 1169 503 ἐπὶ
1196 463 1310 516 δίκην
1329 461 1524 513 καλέσας,
1554 461 1661 504 ἒπει-

203 530 330 589 δήπερ
353 528 508 587 ἐκράτει
540 528 762 587 (ἐψήφιστο
789 531 866 587 γὰρ
896 527 963 571 οἷα
993 528 1044 585 δὴ
1070 536 1226 580 ποιναῖς
1247 536 1340 588 ,ταῖς
1366 530 1471 572 κατὰ
1498 528 1661 586 γνώμην

169 599 315 657 5αὖτῷ
339 598 559 656 χρήσαιτο)
588 597 768 656 σιδήροις
794 599 851 641 τὼ
879 596 976 641 πόδε
1006 600 1269 655 περισφίγξας
1296 599 1364 640 ἐπί
1390 616 1480 641 τινα
1509 603 1591 641 τῶν
1621 600 1664 641 ἐν

201 670 384 726 παλατίῳ
405 672 596 726 φρουρῶν
615 667 708 724 ι’ίχρι
727 667 833 719 τινὸς
852 665 991 718 ἔθετο,
1024 666 1127 721 μετὰ
1156 668 1200 709 δὲ
1230 665 1496 709 ἀνεκαλέσατό
1524 685 1567 710 τε
1594 669 1663 710 καὶ

200 741 274 792 τῆς
290 737 486 794 προτέρας
506 731 630 786 αὖθις
649 737 776 790 ἐτίμα.
845 735 1140 788 Κλιτζιεσθλὰν
1158 735 1201 777 δὲ
1219 735 1352 790 ἐπειδὴ
1371 735 1444 790 τὴν
1463 736 1663 791 βασιλέως

201 803 332 862 ὁρμὴν
353 805 450 861 ἔγνω
483 805 554 861 (τὰ
578 805 654 862 γὰρ
686 805 792 863 ἀμφὶ
814 804 1033 861 Δορυλαίῳ
1064 801 1378 858 ξυμπεπτωκότα
1406 803 1563 859 μεγάλα
1590 809 1664 860 τῆς

201 874 329 916 αὐτοῦ
344 875 533 916 καθίκετο
556 875 714 929 ψυχῆς)
736 877 816 916 τῶν
830 890 919 916 τινα
937 871 1099 930 σφόδρα
1117 872 1217 929 παρ’
1241 872 1367 914 αὐτοῦ
1387 873 1662 927 ὁεδυνημένων

147 944 243 992 1011*
240 947 372 999 αβρᾷν
392 943 594 998 ἐπίκλησιν
618 944 657 993 ἒς
678 941 898 994 Βυζάντιον
920 942 1130 996 ἐκπέμψας
1150 942 1274 983 ἒὸεἴτο
1303 941 1502 995 βασιλέως
1526 939 1658 997 φρού-
1678 942 1714 977 D

202 1028 272 1069 ρια
299 1015 380 1053 τῶν
407 1011 534 1054 αὐτοῦ
565 1009 830 1066 ἇντιλαβόντα
856 1008 956 1066 ἅπερ
988 1009 1037 1052 ἂν
1070 1010 1180 1067 αὐτῷ
1210 1008 1306 1066 δόξῃ
1337 1008 1578 1051 παύσασθαι
1610 1009 1661 1064 δὴ

201 1083 275 1122 τοῦ
292 1079 394 1137 πρὸς
411 1080 533 1122 αὐτὸν
544 1078 684 1134 χόλου.
754 1078 858 1121 ἀλλὰ
874 1078 1064 1133 βασιλεὺς
1088 1078 1182 1129 τοὺς
1201 1077 1343 1134 λόγους
1370 1078 1443 1120 οὐκ
1461 1076 1664 1128 ἀποδεξά-

200 1165 320 1203 μενος
355 1148 476 1191 αὐτὸν
503 1149 576 1202 μὲν
606 1148 897 1202 ἀπεπέμψατο,
945 1146 1134 1201 δυνάμεις
1166 1148 1209 1189 δὲ
1238 1147 1280 1189 ἔκ
1313 1164 1354 1189 τε
1381 1148 1563 1203 Σερβίων
1594 1148 1663 1189 καὶ

205 1216 370 1259 Οὕννων
396 1218 661 1271 μετεπέμπετο
682 1216 834 1267 πολλὰς
854 1218 921 1258 καὶ
943 1216 996 1258 τὰ
1014 1216 1115 1273 πρὸς
1133 1216 1202 1258 τὸν
1221 1214 1394 1269 πόλεμον
1413 1216 1663 1270 gamenare«

147 1288 192 1326 15
204 1302 275 1342 ρον
294 1284 516 1342 ἐξηρτύετο.
585 1284 686 1327 ὥστε
706 1285 788 1339 μὴν
803 1286 943 1334 ἵπποις
963 1302 1003 1326 τε
1024 1286 1091 1326 καὶ
1117 1282 1350 1341 ἀνθρώποις
1372 1284 1533 1339 οὐδαμῆ
1549 1284 1601 1326 τὰ
1620 1284 1661 1334 ἒς

200 1353 248 1396 τὸ
279 1355 348 1408 ζῆν
380 1355 601 1408 ἕπιλείψοι,
637 1354 704 1395 καὶ
733 1358 842 1407 βοῶν
874 1351 1087 1407 ἀμύθητόν
1123 1370 1160 1394 τι
1190 1357 1350 1407 πλῆθος
1374 1353 1421 1408 ,ἐκ
1449 1357 1530 1395 τῶν
1556 1352 1663 1395 κατὰ

206 1420 371 1481 Θρᾴκην
391 1420 585 1476 ἠλαύνετο
602 1422 763 1478 χωρίων
784 1421 940 1475 ἅμαξαί
954 1439 996 1463 τε
1018 1420 1118 1478 ὖπὲρ
1142 1421 1215 1471 τὰς
1238 1423 1494 1478 τρισχιλίους.
1547 1419 1568 1463 ὅ
1588 1422 1662 1475 μὲν

203 1484 276 1532 οὖν
307 1485 376 1546 ἦρι
412 1490 574 1547 φανέντι
595 1491 658 1531 ἐπὶ
674 1490 811 1532 Ἀσίαν
833 1491 945 1545 διέβη
967 1492 1032 1532 καὶ
1056 1489 1129 1539 τὰς
1151 1488 1339 1543 δυνάμεις
1362 1490 1423 1531 ἐπὶ
1441 1488 1663 1532 Ῥυνδακοῦ

202 1558 307 1600 κατὰ
340 1557 386 1600 τὸ
419 1558 516 1608 ἔθος
544 1558 745 1615 ἤθροιζεν.
818 1553 964 1600 Οὖννοι
1000 1559 1043 1600 δὲ
1073 1556 1277 1612 ξύμμαχοι
1308 1560 1376 1599 καὶ
1399 1558 1584 1614 Σέρβιοι,
1620 1556 1712 1600 &BP
1739 1566 1804 1602 175

145 1624 410 1680 ΞοῬωμαίοις
443 1625 632 1681 κατήκοοι
663 1624 926 1682 τυγχάνουσιν
951 1625 1081 1678 ὄντες,
1118 1627 1190 1668 οὐκ
1212 1628 1253 1668 ἓν
1277 1627 1404 1668 δέοντι
1427 1625 1664 1683 ἀφικόμενοι

201 1695 353 1751 θέρους
380 1693 467 1754 ὥρᾳ
492 1693 720 1752 στρατεύειν
742 1696 954 1750 ἐποίησαν,
988 1694 1066 1752 ὑφ’
1103 1689 1150 1736 οὗ
1182 1695 1231 1750 δὴ
1261 1693 1440 1749 μάλιστα
1470 1695 1522 1737 τὰ
1552 1693 1662 1752 πρά-

202 1779 339 1819 γματα
363 1761 562 1819 ἔφθαρτο.
632 1762 937 1817 σκοπιμώτατον
965 1764 1043 1821 γὰρ
1067 1763 1184 1820 ἐἴπερ
1211 1781 1249 1806 τι
1276 1763 1404 1820 ἔργοις
1426 1764 1611 1818 πολέμων
1638 1762 1660 1806 ὃ

198 1828 346 1887 χρόνος
377 1831 495 1872 ἐστίν.
562 1830 668 1873 οὕτω
705 1832 754 1886 δὴ
789 1832 981 1885 βασιλεὺς
1014 1832 1082 1874 διὰ
1115 1834 1367 1881 Λαοδικείας
1400 1849 1442 1874 τε
1478 1834 1545 1874 καὶ
1579 1836 1660 1873 τῶν

202 1897 439 1958 Μαιάνδρῳ
469 1900 693 1954 προσοίκων
722 1899 796 1955 τὴν
829 1902 994 1958 πορείαν
1025 1899 1164 1952 ἔθετο,
1198 1898 1360 1957 γνώμην
1395 1899 1496 1954 ἔχων
1521 1900 1562 1950 ἐς
1585 1899 1659 1955 τὴν

202 2072 336 2108 iustitia
361 2071 474 2107 divina
497 2071 585 2107 haud
606 2072 711 2107 multo
727 2075 805 2118 post
819 2073 888 2108 ulta
901 2076 955 2108 tot
969 2074 1096 2108 scelera
1113 2085 1187 2109 eum
1201 2073 1276 2109 vita
1290 2074 1435 2116 exemit,
1465 2074 1660 2120 liberosque

202 2119 293 2153 illius
308 2119 412 2152 variis
429 2118 570 2152 subiecit
585 2119 839 2153 calamitatibus.
887 2120 1005 2154 eodem
1030 2131 1164 2165 quoque
1177 2125 1328 2166 tempore
1344 2121 1494 2154 Gabram
1510 2121 1609 2155 etiam
1623 2121 1660 2156 in

203 2165 360 2199 iudicium
377 2164 513 2198 vocavit
529 2165 685 2209 princeps
698 2191 707 2203 ,
736 2164 872 2209 lataque
895 2166 1061 2199 sententia
1086 2167 1271 2210 (decretum
1288 2166 1373 2199 enim
1388 2166 1503 2200 fuerat
1517 2171 1555 2200 ut
1570 2179 1659 2212 poe-

203 2221 264 2244 nas
281 2221 364 2255 quas
379 2210 434 2243 ille
448 2211 552 2243 vellet
567 2211 766 2254 pateretur)
792 2211 940 2245 vinctum
956 2212 1172 2256 compedibus
1187 2212 1222 2245 in
1237 2211 1379 2256 quodam
1396 2224 1437 2246 ex
1453 2212 1569 2257 palatii
1585 2224 1658 2247 car-

203 2256 336 2290 ceribus
352 2256 550 2300 aliquamdiu
565 2255 690 2289 tenuit:
723 2260 842 2301 postea
859 2269 932 2290 eum
951 2257 1072 2290 exemit
1096 2258 1176 2291 inde
1197 2262 1232 2291 et
1253 2257 1409 2301 dignitati
1424 2258 1586 2303 pristinae
1599 2270 1659 2292 re-

204 2301 324 2336 stituit.
373 2301 645 2335 Clitziesthlanes
668 2301 815 2344 interea,
848 2302 904 2336 ubi
935 2303 1115 2337 adventum
1144 2303 1354 2348 imperatoris
1384 2303 1524 2337 rescivit
1550 2305 1660 2349 (quae

205 2347 292 2382 enim
316 2348 404 2392 apud
420 2347 624 2392 Dorylaeum
646 2347 840 2380 acciderant
865 2348 1016 2391 graviter
1041 2348 1111 2382 eius
1135 2349 1331 2394 pungebant
1346 2349 1526 2394 animum),
1557 2361 1659 2384 unum

204 2404 248 2427 ex
262 2393 332 2427 suis
348 2393 490 2427 maxime
504 2392 687 2426 illustribus
704 2393 854 2426 Gabram
870 2394 1065 2438 cognomine
1080 2394 1169 2428 misit
1184 2395 1384 2437 Byzantium
1394 2421 1404 2437 ‚
1433 2399 1659 2440 precatusque

205 2442 258 2472 est
273 2438 454 2485 principem
468 2464 478 2480 ‚
509 2439 558 2472 uti
582 2438 725 2483 receptis
747 2449 975 2484 quaecumque
1001 2440 1102 2473 vellet
1125 2440 1259 2485 oppidis
1284 2446 1479 2485 conceptam
1495 2441 1658 2475 adversus

205 2494 245 2518 se
259 2483 517 2528 indignationem
534 2484 730 2528 deponeret.
778 2484 837 2518 sed
861 2484 1041 2530 imperator
1063 2486 1240 2530 repudiata
1254 2485 1422 2529 legatione
1438 2486 1543 2530 ipsum
1560 2486 1658 2520 dimi·-

205 2529 268 2571 sit,
301 2530 483 2574 accitisque
502 2541 521 2563 e
536 2529 658 2563 servia
685 2534 719 2562 et
735 2530 911 2574 Hungaria
935 2531 1128 2574 ingentibus
1154 2531 1261 2576 copiis
1288 2531 1409 2564 bellum
1437 2531 1552 2565 maiori
1575 2544 1658 2568 cura

206 2575 388 2619 apparavit
403 2587 412 2609 ε
443 2580 478 2608 et
493 2586 535 2608 ne
550 2575 630 2620 quid
646 2581 705 2608 aut
720 2575 812 2619 equis
830 2581 888 2610 aut
901 2577 1084 2610 hominibus
1100 2577 1142 2610 ad
1167 2577 1293 2610 victum
1316 2577 1467 2620 deesset,
1500 2578 1598 2612 boum
1614 2590 1658 2613 ex

196 2619 359 2654 'Thracia
371 2621 639 2655 innumerabilem
655 2621 893 2655 multitudinem
917 2627 952 2655 et
976 2623 1126 2668 plaustra
1150 2622 1224 2668 plus
1245 2634 1341 2667 quam
1364 2627 1418 2656 ter
1433 2623 1519 2657 mille
1533 2623 1657 2658 adduci

208 2663 315 2698 iussit.
360 2666 425 2700 hoc
439 2672 602 2711 apparatu
618 2678 700 2700 vere
716 2668 823 2712 primo
839 2668 970 2702 traiecit
984 2669 1019 2702 in
1036 2668 1146 2702 Asiam
1163 2673 1199 2702 et
1211 2694 1221 2710 ‚
1253 2673 1291 2701 ut
1303 2668 1450 2711 solebat,
1481 2669 1596 2714 copias
1611 2670 1656 2704 ad

205 2709 423 2752 Rhyndacum
447 2712 593 2756 collegit.
645 2713 704 2746 sed
730 2713 906 2747 auxiliares
925 2714 1096 2758 Hungari,
1127 2713 1305 2758 Serviique
1332 2714 1491 2748 Romanis
1506 2716 1654 2757 obnoxii,

206 2754 296 2789 haud
320 2758 517 2801 tempestive
542 2758 778 2801 advenientes,
810 2764 990 2794 extraxere
1017 2760 1053 2793 in
1075 2764 1236 2793 aestatem
1267 2759 1404 2793 bellum:
1437 2772 1479 2794 ex
1508 2772 1574 2805 quo
1598 2771 1655 2794 res

207 2800 350 2834 maxime
364 2801 558 2837 labefactari
575 2804 727 2848 contigit.
773 2803 801 2837 si
816 2805 894 2850 quid
911 2806 997 2839 enim
1013 2805 1104 2839 aliud
1116 2831 1127 2848 ‚
1158 2810 1288 2851 tempus
1312 2810 1407 2839 certe
1426 2806 1460 2840 in
1487 2806 1582 2840 bellis
1599 2810 1655 2839 at-

208 2845 410 2882 tendendum
426 2851 489 2882 est.
533 2849 649 2897 itaque
669 2850 850 2898 imperator
872 2863 934 2898 per
948 2851 1150 2888 Laodiceam
1175 2856 1211 2886 et
1234 2856 1344 2887 terras
1359 2851 1544 2886 Maeandro
1560 2851 1655 2886 adia-
