1878 3262
233 192 331 237 382
382 219 385 223 .
682 185 887 229 CAROLI
919 185 1001 228 DU
1033 184 1246 229 FRESNE

230 302 285 338 les
304 301 346 337 in
360 297 466 336 Hist.
489 295 643 334 Hieros.
661 307 702 346 p.
723 297 820 336 178:
877 291 977 332 dum
994 291 1102 332 duae
1121 294 1304 331 mulieres
1316 295 1542 346 petrariam
1565 308 1691 332 unam

231 356 279 393 de
295 353 665 405 nostris-fascinare
683 351 841 401 vellent,
860 351 970 402 lapis
989 351 1163 390 tiriliter
1181 364 1370 390 excussus
1389 351 1532 390 mulier
1534 366 1574 390 es
1594 365 1691 389 car-

231 414 432 449 minantes·
450 424 539 448 cum
556 409 689 446 tribus·
698 409 841 460 pueris·
856 408 1297 446 allisit..

340 482 380 519 p,
400 467 482 509 246
507 480 548 508 v,
571 469 639 508 21.
695 461 966 520 Ἀνδρονίκῳ]
997 462 1286 516 Euphoibeno‚
1326 462 1439 501 cuius
1462 477 1581 516 supra
1604 476 1691 503 me-

227 524 344 562 minit
367 537 406 576 p.
430 525 527 565 228.

339 581 483 632 Ρ.248
500 592 541 620 v.
559 582 598 620 3.
659 577 698 618 εἷ’
710 593 772 626 τις
793 573 893 630 ἅπερ
915 573 1144 632 ἀφῄρηται]
1183 576 1243 615 Ita
1269 574 1470 614 Lachanas
1499 582 1691 628 occupato

226 636 336 688 regni
339 594 549 687 pBulgarici
572 634 791 674 diademate
810 634 956 672 Mariae
977 633 1225 672 Constantini
1244 633 1343 684 regis
1368 632 1513 671 viduae
1535 638 1576 670 et
1593 645 1632 670 se
1650 633 1693 671 in

227 694 430 745 coniugem
431 666 489 730 t’et
503 705 667 743 regnum
683 691 724 730 in
745 691 879 729 dotem
897 690 1087 740 offerenti,
1116 690 1334 742 respondit,
1362 689 1528 728 ridicule
1548 681 1692 738 offerri,

226 750 336 801 quod
357 749 495 788 maiori
516 762 566 787 ex
589 755 702 801 parte
725 749 804 786 iam
831 753 1002 786 teneret:
1032 744 1378 813 διαθρυπτόμενος
1397 743 1485 787 οἷον
1507 747 1543 786 εἰ
1564 742 1692 799 ἀρχήν

226 803 323 847 όσον
341 804 455 847 οὔπω
475 804 723 858 κτησομένην
745 801 856 860 αὐτῷ
877 801 1018 860 σπάθῃ
1038 803 1103 844 καὶ
1124 800 1291 857 δυναμει
1311 803 1528 857 κρείττονι,
1560 802 1693 855 ἐκείνη

228 859 390 915 φθάνοι
407 863 649 916 χαρίζεσθαι.
707 861 890 912 Pachym.
916 861 941 899 l.
962 864 987 904 6
1007 875 1040 899 c.
1058 862 1098 901 7-

340 932 381 961 v.
402 922 468 963 19.
525 918 780 972 Δαλματίαν]
811 918 1006 955 Dalmatia
1015 917 1252 966 maritima,
1285 930 1403 967 quam
1433 922 1474 954 et
1493 915 1693 954 croatiam

228 975 368 1014 Albam
383 981 597 1024 vocarunt,
627 988 735 1027 reges
755 989 846 1014 suos
864 988 933 1012 seu
949 974 1161 1025 toparchas
1180 974 1353 1025 agnovit,
1383 973 1498 1024 l'onge
1517 972 1693 1011 diversos

228 1032 464 1071 aServianis
491 1032 754 1084 principibuS,
801 1045 971 1082 quorum
1004 1032 1110 1081 regia
1146 1031 1222 1069 suit
1254 1031 1420 1080 Salona,
1460 1028 1694 1067 Diocletiani

231 1089 397 1140 Augusti
426 1089 622 1127 natalibus
646 1088 823 1128 illustris.
894 1094 1012 1138 atque
1037 1093 1085 1125 ut
1111 1087 1290 1125 omittam
1320 1093 1468 1124 ceteros
1496 1086 1563 1136 qui
1586 1084 1693 1124 hisce

229 1145 442 1198 provinciis
472 1145 770 1197 imperitarunt,
799 1144 842 1181 in
869 1157 1071 1196 praesens,
1101 1144 1211 1194 quod
1230 1144 1282 1181 ad
1300 1156 1384 1181 rem
1405 1149 1582 1181 nostram
1602 1154 1693 1207 spe-

230 1208 332 1252 ctat,
363 1202 538 1240 arbitror
567 1201 861 1250 adnotandum,
902 1201 1144 1238 Zolomirum
1169 1214 1238 1238 seu
1256 1200 1532 1250 Zuilimirum,
1582 1199 1692 1237 cuius

229 1232 408 1297 meminit
425 1259 635 1309 Gregorius
659 1259 729 1297 VIl
750 1271 874 1309 papa,
914 1257 975 1295 uti
997 1271 1020 1294 a
1040 1257 1152 1295 nobis
1180 1257 1230 1294 ad
1254 1257 1482 1295 Alexiadem
1503 1256 1692 1295 observa-

228 1322 342 1365 tum,
374 1316 551 1354 croatiae
577 1321 616 1353 et
632 1315 844 1353 Dalmatiae
868 1327 999 1378 regem
1019 1327 1101 1351 sese
1124 1313 1385 1364 inscripsisse,
1416 1313 1483 1363 qui
1508 1312 1662 1351 ducta'
1651 1325 1694 1349 m

226 1384 395 1411 uxorem
415 1373 528 1411 Belae
547 1373 563 1411 I
583 1372 805 1424 Hungariae
826 1371 927 1422 regis
946 1371 1047 1419 filia,
1079 1370 1219 1408 Geizae
1238 1370 1274 1408 ΙΙ
1295 1375 1334 1407 et
1354 1369 1538 1409 Vladislai
1557 1381 1696 1420 regum

226 1443 382 1478 sorore,
414 1443 504 1468 cum
525 1429 634 1468 nulla
656 1442 706 1467 ex
729 1442 774 1466 ea
796 1433 1015 1479 superesset
1035 1428 1187 1478 proles,
1220 1427 1391 1465 moriens
1409 1439 1573 1478 regnum
1595 1439 1696 1464 con-

226 1486 306 1537 iugi
323 1487 493 1536 reliquit.
550 1486 618 1524 illa
636 1485 873 1538 provincias,
901 1498 997 1535 quas
1018 1484 1202 1523 Vladislai
1221 1483 1355 1522 fratris
1377 1483 1534 1521 auxiliis
1555 1488 1697 1521 contra

224 1542 357 1580 hostes
373 1549 506 1580 tutata
524 1548 629 1592 erat,
660 1542 785 1579 eidem
808 1540 1062 1592 haereditatis
1089 1541 1175 1579 iure
1202 1546 1438 1578 testamento
1471 1539 1694 1590 assignavit.

226 1605 345 1650 atque
363 1599 457 1636 inde
469 1598 651 1650 Ungarici
665 1611 773 1649 reges
790 1598 1002 1635 Dalmatiae
1021 1602 1059 1634 et
1079 1597 1260 1635 croatiae
1279 1597 1459 1635 dominos
1474 1595 1695 1634 identidem

225 1669 307 1694 sese
341 1656 590 1708 appellarunt
622 1660 660 1692 et
687 1654 841 1694 easdem
867 1653 1132 1705 possederunt
1158 1652 1406 1705 provincias,
1445 1667 1526 1691 non
1559 1658 1695 1690 tamen

225 1713 372 1763 absque
404 1711 686 1751 controversia.
772 1710 917 1761 quippe
948 1709 1087 1749 Veneti
1122 1710 1202 1747 iam
1232 1715 1324 1747 ante
1355 1707 1604 1747 Zuilimirum
1630 1709 1694 1748 ius
1727 1742 1736 1751 ,

223 1769 265 1807 in
285 1770 490 1820 plerasque
512 1768 724 1807 Dalmatiae
745 1767 966 1805 maritimae
988 1767 1106 1804 urbes
1125 1766 1197 1804 sibi
1214 1766 1484 1816 vindicabant,
1505 1779 1602 1816 quas
1620 1766 1694 1804 sub

221 1827 343 1864 Petro
362 1825 525 1864 Urseolo
543 1826 644 1864 duce
662 1824 860 1862 Servianis
882 1822 1128 1861 abstulerant
1150 1822 1408 1875 principibuS.
1465 1835 1593 1873 neque
1613 1822 1695 1861 du-

224 1882 336 1921 bium
358 1888 416 1920 est
437 1882 533 1933 quin
550 1881 729 1926 Manueh
762 1881 830 1931 qui
854 1893 900 1918 eo
923 1893 1020 1918 aevo
1049 1893 1139 1917 cum
1162 1880 1321 1918 Venetis
1349 1878 1590 1929 simultates,
1621 1880 1695 1917 etsi

82 1940 112 1974 P
129 1935 203 1974 482
227 1940 424 1987 occultas,
454 1939 685 1990 exercebat,
719 1938 834 1975 Belae
853 1950 921 1975 seu
939 1936 1088 1986 Alexii,
1118 1936 1183 1974 cui
1200 1936 1321 1975 filiam
1339 1935 1504 1975 Mariam
1522 1936 1694 1988 despon-

227 1996 357 2044 derat,
386 1995 494 2043 iura,
523 2002 571 2034 ut
594 1995 662 2046 qui
688 2001 788 2032 esset
811 1994 1057 2044 Hungaricae
1086 1993 1219 2044 stirpis
1245 1994 1441 2046 princeps,
1471 1985 1522 2030 ad
1546 1993 1694 2031 bellum

227 2052 478 2091 inserendum
500 2051 782 2104 praetenderit.
841 2051 914 2089 nisi
932 2050 1041 2101 quod
1059 2050 1149 2089 vult
1169 2050 1399 2099 Cinnamus,
1424 2049 1567 2088 Belae
1556 2049 1630 2100 ipsi
1649 2048 1693 2086 in

227 2108 485 2148 haereditatis
504 2115 651 2147 sortem
679 2121 750 2146 seu
768 2122 790 2145 a
809 2113 945 2160 patre,
961 2107 1039 2154 ‚vel
1053 2136 1063 2155 ‚
1093 2113 1140 2145 ut
1157 2107 1399 2159 probabilius
1420 2112 1491 2154 est,
1516 2119 1538 2143 a
1558 2106 1692 2156 fratre,
1723 2135 1727 2139 .

229 2165 422 2216 assignata
450 2166 571 2204 fuerit
597 2165 811 2213 Dalmatia,
855 2177 973 2215 quam
1009 2164 1111 2202 idem
1141 2164 1324 2216 princeps
1351 2162 1573 2214 Hungariae
1601 2168 1694 2213 post

227 2222 326 2261 haec
339 2235 412 2261 rex
429 2221 552 2260 sactus
563 2222 760 2260 Amalrico
779 2221 861 2259 filio
881 2220 1137 2272 primogenito
1155 2220 1319 2272 perinde
1339 2218 1694 2269 concessitAgunt

228 2279 345 2316 etiam
373 2278 423 2316 de
454 2278 531 2316 hoc
564 2278 753 2316 Manuelis
784 2278 827 2316 in
857 2278 1050 2315 Dalmatia
1089 2291 1179 2316 cum
1208 2277 1366 2315 Venetis
1392 2275 1494 2314 bello
1520 2274 1693 2312 Thomas

227 2335 569 2374 Archidiaconus'
557 2349 600 2374 in
616 2335 715 2373 Hist.
734 2335 1008 2373 salonitanae.
1022 2339 1076 2378 20
1098 2337 1167 2387 22,
1194 2333 1407 2372 Sabellicus
1424 2337 1464 2370 et
1473 2331 1691 2406 Bonfinius.

227 2392 388 2431 consule
411 2392 594 2431 Familias
611 2398 768 2431 nostras
790 2391 1035 2429 Dalmaticas.

341 2462 380 2501 p.
399 2449 482 2492 249
501 2463 542 2487 v-
559 2449 599 2492 5.
657 2465 699 2490 το
721 2448 942 2496 Κατζικίων
964 2446 1110 2498 ἔθνος]
1145 2446 1294 2485 Catziti
1318 2446 1446 2492 forte,
1480 2444 1529 2482 de
1548 2444 1691 2495 quibus

227 2505 398 2544 Thomas
418 2505 581 2545 Archid.
602 2519 634 2543 e.
654 2508 727 2554 22,
759 2505 828 2555 qui
851 2505 1007 2543 Cameli
1035 2505 1077 2542 in
1107 2503 1233 2542 veteri
1267 2502 1478 2553 diplomate
1502 2501 1692 2540 dicuntur

228 2559 335 2613 apud
357 2562 413 2599 Io.
434 2563 598 2600 Lucium
618 2562 643 2602 l.
667 2564 694 2604 3
712 2561 814 2600 Hist.
835 2561 1037 2599 Dalmatio.
1057 2574 1090 2599 e.
1116 2563 1167 2601 10
1186 2572 1225 2610 p.
1241 2562 1335 2601 132.
1375 2559 1540 2597 suerunt
1557 2564 1692 2596 autem

229 2618 380 2655 Gazetti
408 2618 491 2657 sive
528 2619 666 2656 Casicli
694 2632 775 2657 una
801 2631 822 2657 e
853 2621 907 2660 12
943 2617 1127 2657 tribubus
1147 2616 1397 2654 Croatorum.
1453 2628 1493 2655 v.
1523 2614 1692 2654 eundem

227 2674 392 2713 Lucium
411 2673 437 2713 l.
457 2674 484 2716 4
505 2688 539 2715 c.
561 2674 588 2716 4
607 2679 647 2717 6

340 2742 380 2768 v·
400 2732 439 2772 6
497 2728 551 2783 ἡν
572 2727 859 2783 Διοκλητιανος
878 2729 979 2780 etc.]
1011 2729 1058 2769 V.
1078 2729 1281 2769 Constant.
1299 2727 1445 2780 Porph.
1464 2734 1503 2767 et
1522 2726 1690 2768 eundem

230 2786 329 2827 Tho.
346 2785 509 2825 Archid.
532 2787 574 2824 in
594 2786 697 2825 Hist.
715 2787 847 2825 Salon.
867 2799 900 2824 c.
921 2787 960 2826 4.
1164 2810 1167 2813 <

341 2842 437 2883 ibid.
498 2839 696 2897 Κάρδων]
722 2843 847 2894 Vulgo
869 2840 1090 2881 Scardona.
