1878 3262
569 202 1108 275 COMMENTARIORUM
1127 204 1176 246 L.
1200 202 1276 247 111.
1553 205 1648 251 115

334 315 409 363 12.
477 320 567 359 Τοῦ
589 317 823 372 δομεστίκου
838 321 920 360 τῶν
942 321 1099 372 σχολῶν
1119 317 1283 375 ἄντικρῦ
1301 320 1381 360 τῶν
1401 316 1443 360 ἓν
1460 319 1647 376 Βλαχέρ-

188 403 280 436 >νοιις
323 386 529 428 παλατίων
570 383 984 443 στρατοπεδεύσαντος
1017 388 1107 444 περὶ
1140 386 1210 429 τὸν
1241 384 1365 429 τόπον
1396 385 1442 429 ὃν
1477 390 1647 431 καλοῦσι

191 455 429 508 Κοσμίδιον,
456 455 498 496 ἓν
520 448 555 513 ᾧ
575 457 642 497 καὶ
662 453 759 504 ναὸς
778 453 845 495 ἐπ’
871 453 1038 508 ὀνόματι
1059 459 1139 497 τῶν
1159 459 1486 512 θαυματουργῶν
1499 455 1645 514 Ἀναρ-

189 521 322 580 γῦρων
346 524 510 580 ἵδρυται
538 521 722 579 μέγιστός
743 540 785 565 τε
805 523 871 565 καὶ
895 521 1109 574 κάλλιστος
1126 525 1194 565 καὶ
1216 522 1410 581 φρούριον
1434 523 1648 582 ᾠκοδόμη-

154 600 178 636 5
191 609 282 643 ται,
316 593 418 642 τινὲς
446 596 526 635 τῶν
548 596 628 635 Υτοῦ
646 595 841 646 θητικοῦ,
875 589 932 634 ἔτι
954 608 997 647 γε
1019 591 1102 646 μὴν
1124 593 1191 634 καὶ
1216 596 1297 635 τῶν
1314 597 1388 634 τοῦ
1408 610 1647 652 στρατιωτι-

183 664 262 702 κοῦ
289 665 363 702 τοῦ
388 659 570 718 χάρακος
596 658 856 711 ὗπεκθέοντες
885 658 1084 714 διέβαινόν
1113 678 1155 703 τε
1184 660 1257 716 τὴν
1278 661 1457 718 γέφυραν
1479 664 1546 704 καὶ
1568 680 1646 704 κα-

185 729 375 786 ταντικρὺ
399 734 472 784 τῆς
492 728 644 779 πόλεως
656 730 698 771 ἓν
710 736 794 780 τοῖς
807 733 880 771 τοῦ
891 732 1042 771 Στενοῦ
1055 734 1271 786 φοιτῶντες
1282 730 1443 786 μέρεσιν
1455 730 1648 787 ἀφορμῆς

188 799 314 852 δῆθεν
333 801 406 853 ’τῆς
425 801 505 840 τῶν
527 798 752 854 ἀναγκαίων
772 799 1014 854 συγκομιδῆς
1038 796 1268 854 διαρπάζειν
1291 797 1344 840 τὰ
1367 798 1642 855 προστυχόντα
1659 805 1693 842 D

187 865 413 920 ἐβούλοντο.
480 871 561 909 τῶν
587 867 628 909 δ”
654 865 873 923 οἰκητόρων
893 864 1145 924 φθασάντων
1166 865 1298 909 πάντα
1324 863 1645 922 ε’ντὸςσυγκομί-

130 939 255 976 -1οσαι
284 939 357 990 τῆς
385 933 538 986 πόλεως
570 935 609 978 οἶ
643 934 907 993 ἐκδραμόντες
916 967 931 987 ,
966 937 1054 980 ἐπεὶ,
1070 934 1187 984 κενὰς
1207 935 1282 985 τὰς
1303 936 1432 985 οἰκίας
1449 935 1645 993 λαφύρων

183 1001 344 1060 ἑώρων,
377 1008 518 1058 θυμοῦ
547 1021 590 1047 τε
619 1005 904 1059 ἐνεπίμπλαντο
929 1005 997 1046 καὶ
1018 1007 1236 1060 πυρπολεῖν
1259 1003 1385 1053 αὐτὰς
1405 1004 1647 1061 ἐπεχείρουν.

183 1071 290 1114 ἀλλὰ
318 1077 437 1115 τοῦτο
466 1071 711 1127 αἰσθόμενος
740 1071 761 1115 ὃ
794 1073 1027 1127 δομέστικος
1055 1077 1136 1114 τῶν
1167 1076 1324 1126 σχολῶν
1348 1071 1550 1114 ἀπέστειλε
1576 1073 1645 1115 διὰ

182 1138 334 1194 τάχους
356 1141 451 1191 τοὺς
475 1143 677 1199 εἴρξοντας
699 1142 847 1192 αὐτοὺς
871 1146 943 1196 τῆς
963 1139 1138 1183 ἀτάκτου
1162 1139 1290 1197 ὁρμῆς
1310 1141 1376 1182 καὶ
1396 1140 1442 1182 τὸ
1465 1145 1546 1198 πῦρ
1565 1158 1642 1183 κα-

181 1210 466 1263 τασβέσοντας.
534 1212 590 1260 εἷς
616 1210 731 1252 οὐδὲν
762 1211 803 1252 δ’
840 1210 951 1267 αὐτῷ
980 1209 1034 1251 τὰ
1064 1213 1137 1263 τῆς
1167 1207 1295 1265 ὁρμῆς
1325 1209 1539 1263 κατέληξε,
1570 1212 1644 1252 τοῦ

128 1281 172 1318 15
184 1277 310 1334 πυρὸς
339 1280 395 1328 εἷς
428 1279 530 1335 μέγα
565 1279 761 1335 ἀρθέντος
790 1280 858 1320 καὶ
883 1283 964 1320 πᾶν
983 1277 1029 1320 τὸ
1054 1277 1288 1335 παρατυχὸν
1311 1276 1644 1334 καταφλέγοντος.

181 1347 325 1401 ξυνέβη
355 1351 451 1402 γοῦν
481 1348 524 1389 ἓκ
553 1346 697 1389 τούτου
718 1347 850 1389 πολλὰ
870 1351 952 1390 τῶν
974 1348 1198 1388 καλλίστων
1218 1347 1466 1402 προαστείων
1485 1364 1643 1404 πυρπο-

181 1418 372 1498 λῆθῆναι.
439 1419 558 1458 τοῦτο
587 1415 632 1458 τὸ
664 1414 779 1501 ἔργον
812 1418 867 1466 εἷς
899 1415 1036 1470 θυμὸν
1067 1414 1163 1464 τοὺς
1192 1416 1359 1464 πολίτας
1383 1413 1551 1472 διήγειρε
1572 1417 1639 1458 καὶ
1662 1416 1692 1452 P
1716 1419 1760 1454 78

181 1482 256 1537 τὴν
278 1483 434 1525 εὔνοιαν
453 1483 607 1526 τούτων
626 1485 875 1538 μετέστησεν.
945 1482 1144 1539 ἀπογνοὺς
1163 1484 1297 1525 τοίνυν
1327 1480 1349 1524 ὃ
1378 1487 1459 1525 τῶν
1482 1483 1642 1539 ταγμά-

180 1567 262 1593 των
292 1551 462 1609 ἔξαρχος
490 1557 564 1595 τοῦ
594 1557 738 1595 πειθοῖ
753 1552 858 1607 τὴν.
847 1550 962 1594 πόλιν
983 1549 1329 1609 παραστήσασθαι
1354 1550 1456 1608 πρὸς
1475 1556 1643 1611 πολιορ-

125 1620 312 1662 malma
293 1619 447 1679 εχώρει.

322 1690 396 1734 13.
458 1687 508 1732 Ὁ
539 1690 582 1732 δὲ
609 1693 828 1745 τηνικαῦτα
854 1692 1014 1746 κρατῶν
1044 1692 1118 1744 τῆς
1144 1692 1225 1731 τιῦν
1258 1687 1363 1731 κατὰ
1391 1687 1464 1742 τὴν
1491 1688 1639 1744 χέρσον

181 1762 320 1811 τειχῶν
343 1762 526 1814 ([ρουρᾶς
544 1758 732 1814 ἐπέστησε
754 1757 940 1816 φύλακας
959 1756 1029 1801 τόν
1056 1774 1098 1801 τε
1123 1759 1265 1800 οῗκεΐον
1293 1755 1496 1812 ὁμαίμονα
1518 1758 1639 1800 Κων-

272 1877 306 1911 7.
330 1872 522 1921 ἀφορμῆς]
545 1873 585 1918 ἐξ
610 1872 810 1921 &vocavis-⁹

276 1977 553 2012 12.1)οηιεειῐοο
570 1977 756 2011 scholarum
773 1990 792 2011 e
806 1977 944 2022 regione
957 1978 1076 2023 palatii
1090 1978 1350 2012 Blaehernarum
1366 1982 1478 2013 castra
1492 1978 1640 2014 habente

182 2022 270 2056 circa
286 2023 394 2056 locum
409 2035 508 2068 quem
521 2028 649 2057 vocant
664 2023 886 2066 Commium,
919 2024 975 2057 ubi
1003 2029 1040 2057 et
1063 2024 1254 2069 templum‘
1245 2036 1279 2058 ιιι
1294 2024 1424 2059 nomine
1446 2029 1639 2059 sanctorum

181 2068 325 2102 cosmae
341 2080 381 2102 ac
395 2068 546 2102 Damiani
568 2073 716 2103 erectum
738 2074 791 2103 est
811 2069 986 2103 maximum
1001 2074 1105 2114 atque
1119 2069 1376 2124 pulcherrim-um
1390 2070 1552 2114 iuxtaque
1576 2082 1639 2104 arx

179 2115 372 2156 adsumta,
405 2114 538 2158 quidam
559 2126 579 2148 e
604 2114 717 2148 servili
739 2126 867 2158 genere
888 2115 1027 2149 lixarum
1052 2119 1112 2149 aut
1135 2128 1155 2149 e
1178 2115 1343 2160 gregariis
1368 2116 1526 2149 militibus
1540 2117 1632 2150 vallo

179 2166 414 2213 procurrentes
423 2161 627 2194 traiecerunt
638 2164 774 2206 pontem
789 2166 825 2194 et
839 2172 882 2194 ex
896 2160 1038 2194 adverso
1055 2161 1203 2195 civitatis
1217 2172 1279 2206 per
1292 2172 1383 2194 oram
1398 2162 1631 2205 angustissimo

180 2205 322 2239 divisam
345 2207 431 2239 freto
457 2206 638 2240 cursabant
665 2206 775 2240 studio
805 2218 845 2240 ac
869 2206 1074 2240 necessitate
1091 2206 1292 2241 con-radendi
1305 2218 1360 2240 res
1375 2211 1583 2251 opportunas
1600 2214 1637 2242 ct

178 2251 351 2305 rapiendis
367 2252 477 2285 obviis
493 2252 680 2306 quibusque
694 2262 732 2285 se
746 2252 977 2296 accingebant.
1016 2253 1172 2297 quoniam
1186 2262 1268 2286 vero
1284 2252 1342 2296 qui
1355 2252 1424 2286 illic
1438 2253 1638 2288 habitabant

178 2296 245 2330 iam
269 2303 371 2331 antea
396 2308 458 2330 sua
481 2298 591 2331 omnia
613 2298 705 2331 intra
729 2297 902 2331 civitatem
923 2297 1187 2339 transtulerant,
1217 2297 1276 2331 ubi
1296 2297 1380 2331 nihil
1392 2297 1449 2331 isti
1468 2299 1638 2333 temerarii

181 2353 338 2376 cursores
362 2343 579 2388 supellectilis
605 2349 663 2376 aut
689 2343 836 2387 praedae
861 2343 952 2376 intra
975 2342 1090 2376 domos
1117 2349 1335 2388 repererunt,
1366 2343 1445 2376 irati
1471 2344 1638 2378 subiicere

178 2387 287 2431 ignem
309 2389 486 2432 parabant.
531 2388 592 2422 sed
615 2389 679 2422 hoc
693 2389 842 2422 sentiens
854 2387 1057 2422 domesticus
1071 2388 1257 2422 scholarum
1274 2388 1363 2422 misit
1376 2388 1488 2422 statim
1504 2390 1562 2434 qui
1577 2401 1636 2424 re-

179 2438 343 2466 vocarent
369 2445 389 2466 a
415 2433 555 2466 vecordi
571 2438 691 2477 coepto
708 2437 744 2466 et
759 2433 870 2476 ignem
885 2433 1148 2478 exstinguerent.
1193 2438 1230 2466 at
1248 2434 1282 2466 bi
1296 2433 1404 2467 serius
1422 2434 1636 2470 advenerunt

179 2478 360 2513 incendio
350 2489 415 2513 lam
433 2479 662 2512 invalescente
675 2478 809 2523 alteque
823 2479 954 2513 sublato
971 2486 1006 2513 et
1021 2479 1157 2513 obvium
1172 2478 1306 2523 quidvis
1322 2483 1549 2514 consumente.
1572 2492 1636 2527 per

179 2524 267 2557 hunc
282 2535 430 2558 errorem
446 2524 588 2567 contigit
603 2524 843 2569 speciosissima
858 2535 1012 2569 quaeque
1027 2524 1240 2569 pulcherrimi
1254 2524 1406 2558 suburbii
1418 2525 1559 2561 flammis
1573 2527 1636 2560 de-

179 2569 328 2604 formari.
374 2570 408 2603 id
423 2581 507 2604 vero
523 2570 652 2603 civibus
668 2570 1043 2623 Constantinopolitanis
1058 2569 1291 2615 perindignum
1305 2569 1412 2603 visum
1428 2581 1542 2606 eorum
1557 2573 1635 2607 odia

179 2614 212 2647 in
230 2615 391 2658 Bryennii
416 2620 532 2661 partes
561 2616 665 2649 movit
690 2617 909 2661 favoremque
931 2615 1078 2661 priorem
1094 2626 1224 2649 omnem
1238 2626 1278 2649 ac
1291 2615 1559 2652 benevolentiam
1575 2630 1636 2652 ex-

181 2660 308 2694 stinxit.
355 2661 448 2695 cuius
471 2672 581 2695 novae
601 2661 746 2695 invidiae
769 2661 899 2695 indiciis
922 2661 1083 2695 videlicet
1097 2661 1346 2706 erumpentibus
1360 2661 1547 2707 desperans
1563 2663 1632 2698 dux

181 2705 351 2740 exercitus
364 2707 485 2745 adduci
499 2718 599 2752 posse
613 2707 655 2741 ad
672 2718 750 2741 suas
765 2711 879 2752 partes
895 2707 1111 2752 persuasione
1126 2707 1299 2741 civitatem
1313 2707 1380 2742 vim
1393 2709 1539 2754 experiri
1550 2721 1631 2744 con-

180 2750 291 2786 stituit
305 2757 341 2785 et
355 2752 399 2786 ad
412 2753 688 2807 oppugnationem
704 2764 742 2786 se
756 2753 963 2798 accingebat.

274 2797 328 2831 13.
373 2798 509 2832 Interim
530 2798 712 2844 imperator
735 2799 840 2832 muris
865 2799 909 2832 ad
930 2798 1171 2833 mediterranea
1195 2798 1337 2833 obiectis
1353 2799 1449 2833 firma
1462 2799 1632 2844 praesidia

181 2842 360 2888 imposuit,
388 2843 528 2893 ducibus
552 2845 735 2890 praefectis
762 2844 899 2891 proprio
924 2845 1033 2881 fratre
1048 2845 1270 2880 Constantino
1284 2845 1580 2892 Porphyrogenito
1597 2851 1633 2878 et
