1878 3262
250 224 326 254 xiv
378 175 388 183 ,
723 202 726 204 ’
825 200 1134 252 PRAEFATIO

250 338 366 365 cesse
405 320 640 374 diligentius
680 335 910 379 exponere:
957 322 1152 378 quoniam
1195 321 1321 364 istum
1362 324 1482 366 nobis
1527 325 1710 366 laborem

250 398 455 432 accuratus
488 404 537 430 ea
565 390 617 430 de
645 405 689 431 re
715 391 847 431 nostri
881 390 1068 433 Caesaris
1099 392 1414 434 commutarim
1450 393 1710 450 occupavit.”

246 461 348 499 haec
376 460 497 515 plane
526 457 700 511 digitum
726 458 942 500 intendunt
975 460 1021 500 in
1051 460 1199 499 librum
1226 460 1392 500 tertium
1412 461 1566 502 >horum
1594 476 1709 503 com*

245 528 553 568 mentariorum.
621 527 815 569 ibienim
837 542 861 568 a
882 529 1063 569 sectione
1084 525 1262 568 secunda
1284 527 1337 568 ad
1357 526 1561 575 decimam
1581 530 1709 570 fusis-

246 597 351 637 sime
380 595 633 636 declarantur
661 610 806 637 causae
837 611 941 652 quae
970 595 1224 650 Bryennium
1253 604 1472 638 movertmt
1496 596 1708 654 ad'impess

243 666 353 705 rium
392 663 680 719 usurpandum.
750 666 872 722 paulo
907 672 1003 721 post
1036 665 1151 705 Anna
1185 662 1332 704 eadem
1362 664 1415 702 de
1446 664 1708 721 expeditione

243 733 378 774 Alexii
409 734 453 773 in
483 732 759 786 Bryennium,
802 734 1004 789 huiusque
1034 731 1167 783 clade,
1188 732 1457 788 captivitate,
1485 736 1526 769 et
1554 735 1708 768 excusa.

244 802 406 842 catione
428 802 607 842 breviter
624 816 880 854 memorans,
916 802 992 842 ait:
1022 801 1102 842 sibi
1123 814 1290 841 necesse
1312 815 1395 840 non
1415 796 1547 840 videri
1569 809 1616 836 ea
1637 794 1703 836 di*—

244 871 437 923 ligentius
469 878 607 910 cuncta
632 871 838 926 persequi.
905 869 950 911 τὸ
983 869 1060 926 γὰρ
1093 868 1254 925 ἀκριβὲς
1283 865 1467 925 (inquit)
1498 868 1569 919 τῆς
1594 864 1704 906 {oto-'-

246 940 338 995 ρίας
355 937 425 979 τὸν
440 935 686 991 βουλόμενον
703 942 854 991 μαθεῖν
864 969 876 989 ,
912 938 952 987 ἒς
973 937 1041 979 τὸν
1061 938 1236 994 καίσαρα
1255 935 1582 992 παραπέμπομεν.
1624 933 1703 973 hoc

247 1015 332 1048 est:
359 1009 490 1046 “nam
512 1007 644 1047 fusius
667 1015 708 1047 et
730 1008 916 1048 subtilius
934 1007 1014 1047 ista
1037 1005 1239 1062 descripta
1261 1005 1331 1061 qui
1350 1017 1474 1045 nosse
1495 1001 1704 1058 cupierint,

249 1090 322 1116 eos
343 1074 392 1115 ad
419 1074 638 1116 Caesarem
655 1075 914 1116 remittimus.
924 1076 945 1093 ’'
1011 1076 1232 1131 respiciunt
1248 1074 1328 1114 ista
1346 1072 1564 1113 manifeste
1588 1071 1658 1110 lib.
1678 1067 1706 1109 4

247 1144 396 1183 horum
428 1144 834 1194 commentariorum,
881 1143 925 1184 in
960 1157 1040 1198 quo
1067 1157 1091 1182 a
1118 1157 1230 1183 num.
1256 1145 1284 1183 2
1313 1141 1366 1181 ad
1400 1143 1452 1182 18
1486 1140 1588 1179 haec
1619 1144 1707 1179 tota

245 1211 497 1264 Bryenniani
526 1212 638 1262 belli,
675 1219 716 1251 et
738 1211 936 1265 Bryennii
954 1212 1192 1251 calamitatis
1207 1211 1379 1251 historia
1400 1206 1710 1251 distinctissime

244 1281 600 1335 minutissimeque
615 1279 797 1322 traditur.
830 1296 832 1300 ’
866 1280 970 1320 libro
992 1293 1153 1335 quoque
1175 1277 1384 1319 Alexiadis
1402 1280 1456 1318 10
1486 1293 1528 1334 p.
1543 1281 1624 1319 271
1657 1277 1710 1319 de

245 1350 399 1405 praelio
426 1348 571 1390 Isaacii
600 1349 933 1389 sebastocratoris
946 1356 950 1360 ”
964 1362 1057 1388 cum
1073 1348 1216 1389 Turcis
1236 1347 1459 1387 commisso
1480 1359 1607 1402 prope
1625 1346 1709 1387 An·

244 1418 463 1468 tiochiam,
496 1417 553 1457 ita
577 1418 717 1457 scribit·
732 1416 869 1457 Anna:
904 1414 1012 1466 ὅπως
1034 1415 1077 1457 δὲ
1097 1414 1142 1457 τὸ
1160 1414 1515 1471 λεπτομερέστερον
1530 1414 1710 1456 ἐθέλοντι

239 1483 490 1539 μανθάνειν,
526 1485 654 1534 ἕξεται
684 1484 763 1526 ἀπὸ
793 1488 873 1526 τῶν
900 1488 972 1526 τοῦ
1000 1487 1155 1526 κλεινοῦ
1175 1484 1369 1539 καίσαρος
1385 1480 1710 1538 συγγραμμάτων

241 1555 467 1607 ὁιεντυχεῖν.
520 1553 608 1593 “de
627 1567 708 1609 quo
719 1556 740 1572 ’'
772 1551 993 1609 (nimirum
1013 1553 1196 1609 praelio)
1227 1552 1332 1607 “qui
1351 1550 1580 1592 distinctius
1603 1551 1707 1592 scire

238 1624 373 1674 volet,
418 1622 544 1662 habet
587 1622 904 1662 commentarios
943 1621 1074 1662 incliti
1117 1620 1305 1662 Caesaris
1343 1633 1446 1674 quos
1478 1620 1675 1661 consulat.
1685 1622 1707 1640 ’²

238 1698 373 1731 exstat
402 1689 605 1731 indicatus
633 1676 700 1731 his
730 1690 869 1732 verbis
903 1691 1014 1730 locus
1044 1690 1089 1730 in
1121 1689 1274 1729 nostris
1299 1688 1412 1728 hisce
1433 1686 1706 1739 Bryennianis

239 1759 545 1800 commentariis
576 1759 649 1801 lib.
676 1761 704 1799 2
734 1773 845 1799 num.
871 1760 940 1799 29.
1008 1757 1262 1811 Bryennium
1290 1770 1434 1812 porro,
1467 1755 1562 1795 licet
1594 1754 1707 1795 indi-

239 1828 348 1868 cium
373 1828 480 1867 tituli
511 1826 654 1868 Codici.
681 1841 760 1867 ms.
787 1834 829 1866 ut
850 1825 959 1877 dixi,
980 1824 1184 1877 desuerit,
1220 1838 1312 1866 esse
1333 1823 1454 1864 huius
1475 1824 1612 1880 operis
1631 1835 1708 1864 aua

241 1904 397 1937 ctorem
417 1897 515 1936 satis
538 1897 643 1936 clare
667 1894 895 1936 ostenditur
912 1892 1021 1937 lib.4
1043 1892 1239 1945 num.15,
1267 1893 1338 1933 ubi
1359 1892 1615 1945 Bryennium
1637 1906 1706 1933 se-

243 1966 403 2006 niorem
435 1957 549 2004 illum
578 1964 740 2020 imperii
780 1962 1043 2004 candidatum
1077 1961 1593 2016 commendans'scriptor,
1629 1959 1705 2001 de·-

243 2040 428 2090 precatur
454 2034 666 2085 vulgarem
686 2031 889 2073 invidiam
909 2040 1029 2087 atque
1051 2031 1338 2087 exceptionem
1359 2029 1523 2081 allegari
1540 2029 1705 2070 solitam

242 2102 285 2142 in
317 2100 443 2140 fidem
467 2115 610 2141 eorum
639 2101 706 2156 qui
739 2099 791 2142 de
821 2102 942 2141 rebus
970 2100 1148 2157 propriis
1175 2098 1228 2140 ad
1255 2111 1452 2155 personas
1473 2097 1705 2138 familiasve

243 2170 430 2226 ipsorum
470 2170 765 2224 pertinentibus
811 2176 988 2209 narrant.
1066 2183 1146 2224 quo
1183 2168 1284 2209 satis
1328 2166 1529 2218 significat
1563 2165 1702 2216 istum,

244 2251 368 2293 quem
392 2235 497 2277 adeo
515 2237 673 2277 extollit
690 2237 963 2290 Bryennium,
998 2244 1067 2277 aut
1083 2245 1240 2293 patrem
1252 2266 1263 2287 ,
1293 2234 1404 2290 quod
1422 2234 1544 2274 habet
1562 2232 1704 2274 Zona-

240 2320 328 2357 ras,
360 2313 450 2356 aut,
480 2313 524 2344 ut
544 2305 658 2345 Anna
674 2306 811 2346 verius
830 2307 1025 2356 affirmat,
1053 2319 1178 2347 avum
1198 2318 1318 2345 suum
1338 2303 1478 2343 fuisse.
1546 2299 1598 2340 de
1620 2316 1701 2356 quo

240 2373 364 2425 vide,
401 2374 438 2414 si
460 2374 591 2424 lubet,
627 2381 745 2414 notas
775 2383 937 2415 nostras
962 2373 1016 2414 ad
1041 2388 1153 2415 num.
1177 2376 1230 2414 12
1260 2379 1301 2413 et
1331 2374 1382 2412 13
1410 2371 1480 2410 lib.
1497 2366 1523 2409 4
1552 2369 1702 2411 horum

239 2442 637 2483 commentariorum.

374 2510 452 2551 Per
472 2511 574 2550 haec
596 2524 672 2562 ego
693 2507 854 2550 abunde
875 2523 1117 2566 persuasus,
1153 2523 1245 2550 esse
1266 2507 1368 2548 istos
1391 2504 1560 2546 omnino
1584 2519 1700 2546 com-

237 2579 460 2619 mentarios
483 2578 670 2619 Caesaris
691 2578 910 2632 Bryennii,
944 2579 998 2619 iis
1021 2578 1170 2634 raptim
1193 2572 1492 2624 exscribendis,
1527 2588 1602 2629 pro
1624 2587 1699 2613 an-

238 2647 383 2700 gustiis
401 2647 583 2686 concessi
600 2647 820 2702 temporis,
851 2661 1020 2687 manum
1037 2655 1078 2687 et
1097 2647 1279 2686 animum
1297 2642 1483 2698 applicui.
1550 2642 1593 2681 in
1616 2655 1697 2697 quo

237 2714 462 2755 dulcissimi
493 2715 628 2755 fratris
659 2715 744 2754 mei
776 2722 817 2755 et
842 2715 1028 2755 unanimi
1057 2715 1246 2768 συνεργοῦ
1274 2711 1319 2752 Ρ.
1339 2709 1498 2751 Claudii
1518 2708 1710 2750 Maltrait=

238 2783 392 2824 auxilio
413 2783 614 2823 benevolo
639 2796 731 2821 sum
749 2797 861 2823 usus.
929 2783 1090 2837 quoties
1121 2781 1232 2822 enim
1262 2778 1530 2819 ineluctabilis
1554 2791 1697 2818 neces-

240 2852 341 2893 sitas
362 2852 513 2905 stylum
535 2857 576 2892 et
594 2850 751 2891 tabulas
772 2851 1050 2906 extorquebat,
1073 2851 1142 2891 ille
1160 2848 1479 2890 succenturiabat
1501 2845 1698 2889 vicariam
