1878 3262
565 210 1107 257 COMMENTARIORUM
1132 214 1181 258 L.
1200 213 1280 258 IV.
1560 214 1584 262 1
1592 217 1655 262 33

199 323 512 379 ἔπαγγελθέντα,
552 326 618 367 καὶ
651 325 756 368 οὕτω
786 331 859 382 τῆς
880 326 1034 379 πόλεως
1051 329 1228 379 ἐξελθεῖν
1250 329 1324 372 σὺν
1343 333 1404 388 τῷ
1425 327 1653 389 πατριάρχῃ

197 393 264 434 καὶ
296 394 386 449 περὶ
414 392 484 435 τὸν
516 393 612 436 ναὸν
642 396 828 450 γενέσθαι
858 401 933 438 τοῦ
960 396 1181 455 ταξιάρχου
1215 403 1301 441 τῶν
1332 398 1415 441 ἄνω
1440 399 1647 455 δυνάμεων
1668 402 1701 436 D

196 459 386 516 Μιχαήλ,
407 459 452 511 ὃς
467 463 631 519 *ἵδρυται
654 465 696 505 ἓν
717 468 776 522 τῷ
794 466 881 522 περὶ
905 464 977 519 τὴν
1000 465 1167 525 Θρᾴκην
1185 469 1322 525 χωρίῳ
1345 468 1650 525 Δαμοκρανίαςῑ

196 529 351 572 κάκεῖσε
382 531 434 572 τὰ
463 536 536 586 τῆς
554 532 764 583 υἱοθεσίας
785 534 847 575 ἐπὶ
869 541 954 583 τοῖς
972 536 1160 592 καίσαρσι
1182 538 1366 591 γίνεσθαι
1387 539 1455 579 καὶ
1477 542 1536 596 τῷ
1559 555 1651 580 στε-

162 596 313 656 ὅφάνῳ
334 604 597 655 ταινιωθῆναι
618 600 820 656 συνήθως.
886 606 968 645 τῶν
1000 604 1044 646 δὲ
1072 605 1277 661 πρέσβεων
1301 605 1500 662 ἐρομένων
1521 606 1590 648 διὰ
1610 607 1652 648 τί

194 667 242 708 οὐ
272 666 461 721 βούλεται
494 669 546 711 τὰ
577 674 650 725 τῆς
676 675 836 726 τελετῆς
864 671 989 714 αὐτοῦ
1019 673 1206 727 γενέσθαι
1232 675 1427 732 γενομένῳ
1449 675 1554 717 κατὰ
1576 674 1650 729 τὴν

192 738 384 789 βασιλίδα
417 742 498 780 τῶν
518 736 693 790 πόλεων,
742 743 962 796 φοβεῖσθαι
987 741 1061 794 μὲν
1091 740 1237 798 ἔφησεν
1269 743 1413 785 οὐδένα
1446 743 1549 798 πλὴν
1580 743 1650 785 τὸν

191 802 312 857 θεόν,
350 805 528 851 ἀπιστεῖν
549 808 592 851 δὲ
612 812 692 850 τῶν
710 810 798 866 περὶ
817 809 887 856 τὸν
903 809 1074 862 βασιλέα
1092 816 1176 859 τοῖς
1192 812 1404 861 πλείστοις.

324 870 374 936 4.
438 875 527 917 Ἐπὶ
548 875 705 927 τούτοις
725 878 763 919 οἳ
775 879 959 934 πρέσβεις
972 878 1264 934 ἀπαλλαγέντες
1277 877 1469 935 ἀπῄεσαν.
1502 879 1647 934 ξυνέβη
1667 885 1696 920 Ρ
1720 885 1766 920 90

137 947 182 982 10
192 942 235 984 δὲ
256 947 405 1000 μικροῦ
424 946 505 986 δεῖν
527 944 663 996 αὐτοῖς
686 948 936 992 κινδυνεῦσαι
961 953 1045 997 τοῖς
1063 954 1227 997 σκοποῖς
1250 947 1500 1001 ἐντυχοῦσιν·
1538 946 1649 1001 ὅμως

187 1011 323 1064 μέντοι
348 1010 564 1068 ἐσώθησαν
584 1015 736 1061 συνέσει
754 1019 828 1057 τοῦ
846 1019 926 1057 τιῦν
954 1020 1115 1058 σκοπῶν
1144 1014 1428 1073 κατάρχοντος.
1495 1014 1650 1061 τούτων

189 1074 261 1121 οὖν
294 1080 554 1126 ἀπελθόντων
582 1085 649 1124 καὶ
681 1087 740 1140 τῷ
769 1087 935 1138 βασιλεῖ’
958 1083 1280 1140 ἀπαγγειλάντων
1312 1085 1364 1130 τὰ
1384 1076 1465 1130 τῶν
1487 1082 1648 1138 ξυμβά-

187 1165 313 1200 σεων,
348 1148 475 1192 ἐδόκει
498 1150 556 1205 μὴ
579 1152 795 1208 τρίβεσθαι
818 1152 888 1194 τὸν
908 1151 1062 1209 καιρόν,
1093 1153 1186 1194 ἀλλ’
1212 1153 1422 1205 ἐκπέμπειν
1443 1153 1547 1206 μετὰ
1568 1157 1648 1195 τῶν

187 1217 498 1274 στρατευμάτων
527 1219 599 1262 τὸν
628 1221 862 1274 ὁομέστικον
884 1225 964 1263 τῶν
988 1225 1166 1276 σχολῶν·
1202 1219 1444 1275 ἀπεγνώσθη
1469 1221 1547 1278 γὰρ
1572 1220 1647 1271 τὰς
1668 1223 1703 1257 V
1725 1225 1768 1258 65

133 1288 177 1324 15
188 1285 407 1340 ξυμβάσεις
436 1285 492 1337 ὡς
525 1292 598 1330 τοῦ
624 1291 841 1345 Βρυεννιόυ
875 1292 1089 1340 δοκοῦντος
1124 1290 1318 1332 ἀπαιτεῖν.
1387 1288 1490 1345 ε’ξῇει
1522 1284 1593 1330 οὖν
1623 1288 1645 1330 ὃ

187 1353 424 1410 Κομνηνός,
458 1356 566 1410 σχὼν
586 1357 688 1411 μεθ’
712 1356 858 1399 ἑαυτοῦ
886 1357 982 1407 τούς
1009 1376 1050 1402 τε
1083 1356 1320 1411 ξυμμάχους
1341 1357 1551 1415 Τούρκους
1578 1359 1647 1399 καὶ

186 1423 283 1473 τούς
301 1425 584 1479 Χωματηνοὺς
603 1427 859 1482 λεγομένους,
885 1426 930 1468 οἳ
942 1425 1045 1480 μετὰ
1066 1431 1139 1468 τοῦ
1156 1427 1357 1479 βασιλέως
1380 1425 1647 1481 ἐληλύθεισαν

185 1495 260 1534 τοῦ
281 1492 573 1545 Βοτανειάτου,
608 1497 674 1536 καὶ
701 1493 901 1551 Φράγγων
930 1499 1013 1536 τῶν
1042 1496 1083 1545 ἐξ
1100 1495 1272 1544 Ἰταλίας
1304 1494 1507 1537 ἐλθόντων
1536 1493 1641 1536 ἀπό-
1664 1500 1694 1535 Β

185 1558 333 1616 μοιράν
353 1579 441 1603 τινα
463 1564 529 1604 καὶ
553 1567 625 1616 τῆς
643 1568 724 1612 τῶν
745 1561 966 1612 ἀθανάτων
985 1564 1242 1617 καλουμένων
1264 1561 1472 1620 φάλαγγος
1497 1561 1645 1618 ἒπαγό-
1686 1606 1688 1608 ,
1735 1605 1744 1614 ,

129 1630 315 1682 Ξῡμενος.
382 1631 484 1680 τίνες
502 1631 545 1673 δὲ
567 1632 603 1673 οἱ
624 1631 824 1677 ἀθάνατοι
847 1626 957 1674 οὗτοι
976 1634 1095 1680 εἰπεῖν
1115 1633 1342 1687 ἀναγκαῖον.
1413 1630 1434 1673 ὅ
1451 1631 1645 1685 βασιλεὺς

184 1697 381 1753 ΙΙΙιχαήλ,
427 1698 453 1754 ἢ
487 1700 663 1755 τάληθὲς
693 1703 813 1743 εἰπεῖν
845 1698 866 1743 ὃ
899 1702 1086 1755 ἐκτομίας
1106 1699 1345 1758 Νικηφόρος
1365 1699 1386 1742 ὃ
1408 1701 1641 1756 λογοθέτης,

275 1828 310 1863 5.
331 1829 597 1874 ταινιωθῆναι]
621 1830 674 1864 lta
695 1830 738 1864 P.
763 1842 824 1876 pro
847 1831 1085 1872 τενιωθῆνοιι.
1242 1830 1327 1862 ibid.
1351 1827 1415 1864 διοὶ
1437 1830 1498 1874 τί]
1521 1830 1577 1863 Ita
1599 1830 1641 1863 P.

275 1885 338 1919 pro
363 1874 401 1912 εἴ
418 1887 511 1910 τινα.
556 1876 636 1909 fort.
662 1876 725 1909 ι”να
746 1877 795 1909 τί.
886 1892 894 1914 ·.
913 1877 967 1917 10.
992 1872 1144 1918 αὐτοῖς]
1167 1873 1221 1908 Ita
1242 1874 1380 1909 Bekker
1401 1887 1463 1920 pro
1488 1872 1641 1915 αὐτούς.

279 1919 334 1954 15.
358 1916 579 1964 ἄπαιτεῖνΓὲ
601 1918 666 1956 ἀπ.
690 1918 888 1954 ἅδύναταῖ)

185 2033 257 2067 neis
288 2044 409 2067 cavere
437 2033 660 2069 incolumitati
688 2033 960 2078 ornamentisque
991 2032 1123 2068 horum:
1167 2037 1235 2071 tum
1261 2033 1290 2068 si
1314 2032 1484 2067 videbitur
1507 2033 1642 2078 prodire

183 2079 290 2124 ipsum
315 2080 408 2112 foras
429 2091 449 2112 e
473 2079 612 2112 civitate
634 2091 703 2114 una,
724 2091 799 2113 cum
819 2079 1012 2124 patriarcha
1038 2079 1081 2113 ad
1102 2080 1262 2125 templum
1281 2079 1434 2116 ductoris
1447 2079 1639 2113 caelestium

184 2125 352 2167 legionum
369 2125 407 2158 S.
423 2125 603 2158 Michaelis
629 2125 728 2158 situm
754 2125 787 2158 in
814 2125 938 2170 oppido
957 2125 1147 2168 Thraciae,
1178 2126 1232 2160 cui
1254 2137 1373 2160 nomen
1395 2125 1639 2167 Dmocranea,

183 2171 297 2215 ibique
323 2182 362 2207 se
384 2171 532 2215 legitima
556 2171 736 2216 adoptione
754 2171 885 2204 titulum
902 2171 1058 2204 Caesaris
1073 2171 1228 2217 accipere
1242 2176 1471 2216 consuetoque
1486 2171 1558 2204 eius
1574 2172 1639 2204 ho-

184 2218 275 2251 noris
290 2217 412 2260 insigni
427 2216 581 2251 redimiri.
628 2217 670 2250 ad
697 2228 739 2250 ea
763 2216 885 2260 legatis
910 2217 1148 2261 quaerentibus
1160 2246 1170 2262 ‚
1201 2218 1283 2262 quid
1297 2217 1345 2251 ita
1359 2222 1535 2251 recusaret
1550 2216 1638 2250 ceri-

182 2263 325 2296 moniam
339 2263 531 2308 adoptionis
546 2273 628 2296 suae
643 2262 720 2296 fieri
734 2262 1028 2307 Constantinopoli
1039 2289 1051 2306 ‚
1080 2263 1252 2308 respondit
1272 2262 1483 2308 Bryennius,
1513 2262 1639 2296 nullum

184 2308 318 2353 quidem
334 2320 373 2342 se
387 2309 507 2343 timere
521 2313 655 2353 praeter
671 2308 791 2346 deum:
822 2308 978 2343 diffidere
1002 2314 1114 2344 autem
1136 2309 1309 2355 plerisque
1330 2320 1444 2343 eorum
1468 2308 1525 2354 qui
1548 2308 1639 2342 circa

181 2354 419 2400 imperatorem
433 2361 540 2389 erant.

273 2400 308 2435 4.
353 2401 393 2434 In
410 2402 494 2435 haec
507 2399 633 2434 dimissi
647 2399 751 2443 legati
765 2399 937 2434 abierunt:
962 2411 1022 2443 ac,
1038 2401 1130 2446 quod
1145 2401 1255 2435 obiter
1270 2400 1457 2436 meminisse
1473 2399 1560 2433 tanti
1573 2403 1638 2440 est,

184 2457 299 2491 parum
315 2447 424 2481 abfuit
439 2447 520 2492 quin
534 2447 620 2483 male
634 2446 875 2480 mulctarentur
889 2446 1075 2481 incidentes
1092 2447 1127 2481 in
1142 2447 1379 2492 exploratores
1426 2445 1556 2480 servati
1582 2450 1637 2478 ta-

185 2503 260 2525 men
283 2498 362 2526 sunt
384 2493 566 2534 incolumes
592 2492 771 2537 prudentia
795 2491 877 2529 eius·
888 2492 945 2537 qui
967 2493 1235 2537 exploratoribus
1251 2496 1417 2537 praeerat.
1463 2502 1539 2524 cum
1554 2501 1636 2535 ergo

182 2536 362 2572 rediissent
376 2543 410 2572 et
424 2538 620 2585 imperatori
637 2537 845 2572 conditiones
860 2550 880 2572 a
895 2539 1067 2581 Bryennio
1085 2539 1276 2584 propositas
1290 2537 1503 2579 retulissent,
1529 2536 1638 2571 visum

185 2587 239 2617 est
261 2594 325 2617 non
348 2585 522 2619 terendum
548 2585 636 2619 ultra
661 2589 812 2629 tempus,
851 2584 911 2619 sed
935 2584 1150 2619 domesticum
1176 2584 1362 2618 scholarum
1386 2594 1460 2617 cum
1485 2582 1636 2616 exercitu

183 2628 391 2663 mittendum.
438 2631 562 2665 auditis
586 2630 671 2664 enim
696 2629 856 2673 Bryennii
881 2630 1061 2674 postulatis
1085 2630 1128 2664 de
1155 2630 1393 2675 compositione
1420 2629 1634 2673 desperatum

184 2678 249 2708 est.
293 2677 464 2723 profectus
480 2680 532 2711 est
553 2676 656 2720 igitur
671 2676 862 2710 comnenus
874 2675 1003 2709 habens
1018 2687 1129 2709 secum
1147 2682 1283 2720 praeter
1296 2675 1474 2710 auxiliares
1489 2675 1634 2715 Turcos,

184 2720 285 2754 etiam
301 2732 361 2754 eos
383 2723 440 2767 qui
456 2722 655 2758 Chomateni
682 2722 838 2756 dicuntur
864 2722 922 2766 qui
949 2733 1023 2756 cum
1046 2722 1250 2767 imperatore
1267 2721 1444 2755 Botaniate
1459 2725 1636 2758 venerant,

184 2770 217 2799 et
231 2766 439 2801 Francorum
464 2780 507 2802 ex
530 2768 627 2802 Italia
650 2769 879 2813 profectorum
904 2773 1033 2813 partem
1054 2768 1252 2812 quamdam,
1283 2768 1404 2812 quibus
1427 2767 1560 2800 adiecta
1585 2768 1637 2797 est

182 2812 329 2856 phalanx
345 2825 458 2848 eorum
472 2814 531 2859 qui
544 2820 709 2848 vocantur
722 2814 936 2848 immortales.
984 2813 1117 2859 quinam
1141 2819 1254 2848 autem
1277 2814 1309 2847 hi
1324 2813 1392 2847 sint
1409 2812 1559 2846 breviter
1576 2822 1635 2844 ex-

185 2858 373 2902 plicandum
389 2864 454 2895 est.
499 2859 684 2905 imperator
697 2860 864 2904 Michael‚
896 2865 956 2894 aut
978 2866 1016 2895 ut
1037 2860 1151 2895 verius
1178 2861 1287 2895 dicam
1303 2859 1513 2904 Nic-:pharus
1539 2856 1638 2900 logo-
