1878 3262
276 189 308 249 8
703 185 1011 231 NICEPHORI
1033 185 1303 231 BRYENNII

275 297 495 359 μικῶτερον
514 303 572 358 τῷ
592 296 760 358 παρόντι
778 297 1019 358 χρήσασθαι
1042 298 1152 358 αὗτῷ
1173 298 1420 354 ὑποτίθεται,
1435 302 1505 344 καὶ
1524 300 1594 344 τὸν
1615 299 1740 348 ἀδελ-ι

180 375 214 410 V
234 374 257 411 3
280 371 357 428 φὸν
385 374 459 411 τοῦ
486 367 631 412 Δούκα
661 367 715 420 ὥς
746 368 923 426 ἀδελφὸν
945 369 1084 425 κυρίου
1107 369 1233 410 αὐτοῦ
1250 370 1316 410 καὶ
1335 370 1532 423 βασιλέως
1550 367 1736 412 εὐνοϊκώ-

276 454 392 494 τερον
414 437 715 493 ἀγκαλίσασθαι
729 468 743 489 ,
777 439 843 480 καὶ
863 438 1073 492 βασιλείας
1090 437 1163 490 μὲν
1184 435 1312 490 ὄνομα
1330 438 1572 493 περιθέσθαι
1591 436 1736 494 τούτῳ,

277 505 401 549 αὐτὸν
431 506 475 547 δὲ
501 505 570 548 τὸν
592 504 865 561 Βοτανειάτην
891 505 944 548 τὰ
969 509 1041 557 τῆς
1063 505 1273 558 βασιλείας
1292 503 1444 547 ἰθύνειν
1461 509 1643 562 σκῆπτρα
1664 505 1738 555 ἕως
1807 553 1810 556 Δ

277 572 328 616 ἂν
359 578 443 624 τοῖς
478 574 574 625 ζῶσι
607 572 888 626 συντάττοιτο,
931 571 1016 615 εἶτα
1047 572 1117 615 τὸν
1146 577 1219 627 τῆς
1251 574 1460 626 βασιλείας
1490 571 1737 630 κληρονόμον
1747 577 1773 613 5,

177 647 209 683 P
233 645 254 684 5
279 637 509 696 ἐπιτηδείως
525 641 603 696 ’ἤδη
626 642 767 696 ἔχοντα
788 642 890 699 πρὸς
909 641 982 696 τὴν
1000 639 1150 695 ταύτης
1167 641 1472 698 διακυβὲρνησιν
1493 641 1738 696 ἐγκαταστῆ-

275 726 346 754 σαι
369 710 485 766 αὗτῇ.
521 709 626 754 ἀλλὰ
655 711 723 752 καὶ
749 709 894 753 τούτου
926 709 975 763 δὴ
1004 713 1077 751 τοῦ
1106 707 1391 765 ἐγχειρήματος
1418 708 1593 751 ἐκπεσὼν
1618 709 1739 751 ἐκεῖνο

275 782 350 835 τῆς
373 775 562 833 τοιαύτης
588 780 817 835 παρρησίας
848 775 1060 829 ἀπώνατο,
1126 778 1172 819 τὸ
1206 776 1384 827 ὕποπτος
1416 780 1656 832 λογισθῆναι
1683 779 1742 833 τῷ

278 844 530 902 Βοτανειάτῃ
561 848 628 888 καὶ
655 852 739 896 τοῖς
766 848 855 902 περὶ
884 845 1006 887 αὐτὸν
1023 846 1090 888 καὶ
1113 844 1250 895 ἄλλοις
1265 846 1362 899 μέν,
1395 843 1572 899 μάλιστα
1593 845 1637 886 δὲ
1658 850 1742 886 τοῖν

280 916 393 956 δυοΐν
413 914 561 959 ἐκείνου
590 912 750 956 δούλοιν
773 915 1017 972 (Βορίλλιος
1039 908 1157 964 οὗτος
1177 916 1243 955 καὶ
1261 916 1301 955 Γ
1299 911 1495 970 ερμανός)
1506 944 1520 965 ,
1556 912 1742 969 ἀργυρω·
1754 916 1800 952 10

278 980 413 1036 νήτοις
443 979 614 1039 ἀνδράσι
642 984 710 1024 καὶ
739 982 912 1037 ἀγεννέσι
941 983 1009 1026 καὶ
1037 981 1242 1031 ἀσυνέτως
1261 980 1490 1024 παντάπασι
1508 985 1582 1023 τοῦ
1597 984 1744 1032 καλοῦ,

229 1045 261 1082 Β
281 1050 327 1092 οἳ
348 1051 415 1091 καὶ
442 1049 591 1094 σκοπὸν
612 1049 714 1107 παρ’
749 1048 906 1100 ἑαυτοῖς
931 1050 1094 1103 θέμενοι
1121 1049 1191 1092 τὸν
1210 1050 1425 1104 Κομνηνὸν
1456 1049 1648 1091 ἀπολέσαι
1676 1049 1745 1090 καὶ

277 1115 384 1160 οὕτω
402 1117 670 1161 συναπολέσαι
693 1119 760 1158 καὶ
780 1117 849 1159 τὸν
864 1118 1252 1174 Πορφυρογέννητον
1274 1118 1343 1159 τὸν
1360 1121 1434 1159 τοῦ
1455 1115 1601 1158 Δούκα
1625 1116 1746 1158 ἀδελ-

277 1184 357 1242 φὸν
378 1189 451 1226 τοῦ
476 1189 751 1241 φρουροῦντος
772 1185 895 1227 αὐτὸν
918 1185 1261 1240 ἀπογυμνωθέντα
1283 1187 1350 1228 καὶ
1374 1185 1516 1241 εὐχερῆ
1535 1183 1746 1240 γενόμενον

275 1258 362 1302 τοῖς
392 1250 694 1306 ἐπιβουλεύουσι
723 1252 780 1307 μὴ
804 1252 918 1303 ὄντος
941 1257 1014 1296 τοῦ
1036 1253 1355 1308 ἀντιληψομένου
1381 1254 1507 1295 αὐτοῦ’
1517 1284 1530 1304 ,
1561 1251 1743 1309 πρόστα-
1755 1256 1800 1293 15

274 1336 362 1377 γμα
406 1321 734 1374 καταπέμπουσιν
774 1319 992 1377 ὑπερορίαν
1032 1325 1106 1363 τοῦ
1141 1323 1360 1380 Κομνηνοῦ
1408 1319 1746 1374 διακελευόμενον.

278 1388 384 1436 ἀλλὰ
429 1393 502 1432 τοῦ
549 1387 732 1434 τοιούτου
769 1387 1079 1445 προστάγματος
1114 1391 1170 1439 εἷς
1199 1396 1340 1446 χεῖρας
1373 1387 1655 1445 περιελθόντος
1688 1391 1748 1445 τῷ

224 1457 257 1494 C
279 1457 504 1514 Κομνηνῴ,
540 1456 662 1507 αὐτὸς
690 1456 1016 1513 αὗτοπροσώπως
1045 1457 1096 1498 τὰ
1117 1459 1206 1513 περὶ
1228 1456 1371 1499 τούτου
1392 1462 1449 1514 τῷ
1465 1460 1632 1510 βασιλεῖ’
1647 1454 1748 1510 ἀνή-

276 1541 401 1579 νεγκε.
442 1526 509 1567 καὶ
542 1518 659 1575 οὗτος
692 1523 778 1578 ἅμα
809 1525 854 1567 τὸ
887 1523 1141 1581 ὑπερβάλλον
1171 1529 1244 1579 τῆς
1274 1529 1348 1567 τοῦ
1377 1524 1523 1581 ἀνδρὸς
1554 1524 1747 1579 εὐγενείας

278 1608 321 1634 τε
356 1593 424 1633 καὶ
461 1590 694 1648 φρονήσεως
731 1593 957 1643 αἰδεσθείς,
992 1594 1060 1633 καὶ
1094 1596 1254 1634 πολλῶν
1293 1594 1360 1634 καὶ
1395 1593 1585 1648 γενναίων
1619 1592 1802 1636 αὖτοῢΞΟ

279 1657 406 1715 ἔργων
437 1657 817 1719 ἀπομνημονεύσας,
853 1661 919 1701 καὶ
957 1659 1058 1716 πρὸς
1088 1664 1217 1702 ταῦτα
1253 1661 1528 1714 δυσωπηθείς,
1565 1661 1632 1701 καὶ
1665 1663 1747 1704 τῶν

278 1731 338 1787 τῷ
361 1725 640 1787 προστάγματι
663 1727 919 1786 συνθεμένων
940 1727 1330 1787 καταμεμψάμενος,
1366 1730 1422 1783 εἷς
1455 1727 1570 1773 οὐδὲν
1590 1727 1643 1773 τὰ
1673 1730 1748 1770 τοῦ

373 1846 427 1882 10.
451 1844 662 1891 Βορίλλιος]
687 1844 782 1880 Idem
804 1846 903 1881 homo
926 1845 1016 1881 infra
1038 1845 1162 1895 passim
1183 1845 1341 1892 Βορίλας
1364 1846 1567 1894 appellatur.

279 1945 324 1981 tis
349 1956 432 1980 suae
454 1946 648 1992 indulgeret
672 1948 746 1993 spei
761 1948 882 1996 puerili
899 1960 1008 1993 paene
1024 1948 1132 1983 adhue
1146 1949 1306 1990 infantis,
1337 1960 1564 1984 successorem
1588 1947 1654 1983 sibi
1669 1959 1744 1984 eum

278 1991 480 2027 destinando
499 1995 726 2040 parendoque.
768 1995 943 2038 suggessit
966 1994 1066 2028 etiam
1091 1995 1134 2028 de
1159 1996 1266 2029 fratre
1281 1995 1400 2031 Ducae
1414 1996 1550 2038 dignum
1565 1993 1671 2029 videri
1685 2005 1746 2028 sa-

277 2036 407 2116 pientia
431 2043 467 2071 et
489 2039 662 2083 aequitate
685 2040 886 2074 Botaniatae
913 2040 1070 2085 amplecti
1092 2040 1353 2083 adolescentem,
1383 2041 1504 2075 domini
1529 2040 1606 2075 olim
1631 2039 1684 2074 aui
1710 2042 1745 2072 et

295 2083 491 2126 inperatoris
507 2085 666 2129 fratrem,
696 2085 860 2130 peculiari
885 2085 1117 2122 benevolentia
1136 2091 1240 2131 atque
1262 2086 1348 2119 adeo
1372 2085 1630 2131 participatione
1653 2084 1745 2120 illum

279 2127 394 2171 aliqua
407 2127 538 2172 imperii
554 2141 755 2174 aspergere,
786 2131 917 2167 nomine
939 2131 1055 2167 saltem
1072 2138 1191 2175 tenus,
1225 2142 1265 2164 ea
1285 2136 1394 2165 tamen
1410 2131 1486 2175 lege
1501 2136 1540 2164 ut
1554 2142 1622 2164 rem
1636 2130 1745 2173 ipsam

280 2176 318 2205 et
334 2183 448 2206 veram
464 2176 710 2218 possessionem
725 2176 1112 2220 administrationemque
1127 2177 1335 2221 principatus
1351 2177 1548 2212 Botaniates
1563 2175 1675 2220 quoad
1691 2175 1746 2209 vi-

280 2222 382 2250 veret
407 2218 441 2254 in
469 2219 610 2256 solidum
625 2225 778 2257 teneret:
811 2222 978 2258 successio
992 2222 1111 2259 Ducae
1125 2222 1195 2257 filio
1212 2229 1290 2257 tuno
1303 2249 1313 2266 ‚
1343 2226 1382 2257 ut
1403 2233 1482 2267 spes
1505 2226 1598 2263 erat,
1630 2225 1746 2255 aetate

279 2262 406 2298 idonea
420 2264 533 2300 futuro
551 2270 643 2299 sarta
658 2270 750 2303 tecta
764 2273 969 2303 servaretur.
1017 2278 1134 2303 verum
1159 2267 1274 2301 irritus
1299 2267 1351 2301 hic
1376 2278 1508 2312 quoque
1523 2269 1663 2300 conatus
1681 2277 1746 2299 ex-

282 2308 389 2349 stitit,
420 2308 502 2345 illud
530 2314 657 2346 tantum
685 2323 727 2345 ex
743 2323 783 2345 ea
798 2313 955 2356 loquendi
972 2312 1159 2356 agendique
1174 2312 1331 2348 libertate
1346 2317 1542 2357 reportante
1559 2311 1743 2354 comneno,

278 2357 318 2390 ut
334 2359 508 2398 suspectus
524 2367 596 2391 curn
614 2355 679 2400 ipsi
698 2357 914 2399 flammatae,
945 2363 1013 2393 tuin
1029 2357 1142 2393 amicis
1159 2369 1199 2391 ac
1214 2357 1432 2394 familiaribus
1447 2356 1519 2390 eius
1535 2356 1653 2398 fieret,
1669 2367 1744 2390 ser-

279 2398 332 2431 vis
355 2400 535 2444 praecipue
558 2401 710 2443 duobus,
750 2402 878 2439 Boi-illo
908 2404 1169 2447 Germanoque,
1202 2404 1367 2449 capitibus
1393 2401 1549 2446 emptitiis
1576 2402 1746 2450 planeque

278 2443 500 2479 illiberalibus
525 2457 565 2483 ac
587 2447 711 2484 nullum
736 2447 865 2482 honesti
887 2459 1025 2492 prorsus
1043 2454 1102 2482 aut
1117 2449 1232 2483 decori
1247 2459 1378 2483 sensum
1395 2447 1594 2481 habentibus
1611 2452 1670 2480 aut
1685 2457 1745 2481 ra-

280 2488 402 2522 tionem
419 2490 616 2525 ducentibus
632 2492 725 2530 viri&
764 2504 845 2536 ergo
862 2493 914 2527 his
929 2493 962 2526 id
979 2493 1043 2530 iarn
1059 2499 1127 2526 tum
1145 2505 1207 2537 pro
1223 2505 1327 2538 scopo
1345 2492 1548 2537 propositum
1563 2505 1572 2526 :
1597 2492 1746 2536 perden-

280 2533 359 2586 duin
378 2535 508 2569 omnino
526 2537 728 2574 Comnenum
740 2564 749 2580 ‚
784 2549 849 2586 quo
877 2538 998 2575 deinde
1015 2538 1112 2574 unico
1129 2539 1185 2574 illo
1202 2538 1367 2584 praesidio
1383 2537 1528 2571 nudatus
1545 2538 1746 2583 Porphyre-

281 2583 415 2621 genitus
431 2580 547 2614 Duoae
563 2583 669 2628 frater
685 2583 784 2621 facile
800 2584 843 2620 de
858 2584 966 2620 medio
983 2584 1168 2619 tolleretur.
1202 2585 1244 2618 ab
1260 2585 1325 2621 hoc
1340 2583 1477 2617 decreto
1497 2583 1643 2619 edictum
1657 2583 1745 2619 scri-

284 2623 369 2660 bunt
382 2624 592 2668 imperatoris
608 2629 760 2671 nomine,
791 2641 857 2674 quo
874 2629 1012 2662 Alexius
1029 2630 1165 2666 exulare
1180 2629 1371 2663 iubebatur.
1419 2628 1513 2662 cuius
1535 2627 1746 2673 imperatorii

283 2668 432 2722 mandati
448 2682 519 2705 cum
538 2674 722 2726 exemplum
738 2674 770 2710 in
785 2685 902 2709 manus
917 2674 1028 2710 Alexii
1044 2674 1212 2714 venisset,
1237 2674 1336 2708 solita
1350 2673 1407 2707 ille
1421 2673 1545 2708 fiducia
1558 2674 1746 2718 imperato-

285 2724 356 2751 rem
372 2715 441 2751 adit
456 2714 564 2760 deque
580 2728 619 2750 ea
634 2719 754 2754 iniuria
770 2719 976 2764 expostulat.
1023 2719 1156 2763 quando
1172 2719 1370 2753 Botaniates
1394 2719 1602 2753 verecundia
1621 2718 1744 2755 instin-

286 2763 384 2798 ειυς,
413 2763 483 2794 tam
507 2761 648 2805 nobilis,
679 2763 864 2809 sapientis,
904 2769 1007 2808 atque
1031 2765 1130 2798 sortis
1155 2763 1241 2808 viri,
1280 2769 1334 2797 tot
1355 2764 1418 2797 iam
1443 2765 1544 2798 rebus
1595 2764 1746 2798 raeclare

284 2804 392 2851 gestis
407 2804 545 2852 inclyti,
576 2808 714 2853 negavit
728 2820 749 2847 a
762 2820 799 2846 se
812 2805 1002 2858 profectum
1016 2807 1050 2844 id
1068 2809 1214 2847 edictum
1228 2836 1240 2856 ‚
1271 2809 1486 2856 falsariisque
1501 2821 1554 2847 coi
1592 2809 1744 2845 ctoribus
