1878 3262
269 191 329 247 IN
346 186 655 234 NICEPHORI
667 182 940 230 BRYENNII
957 182 1252 228 ΟΟΜΜῈΝΤ.
1270 182 1474 228 NOTAE.
1542 182 1638 228 231

344 297 489 338 audiri
500 311 518 337 .·
544 304 681 351 sperat
696 295 969 335 Basilaclzius
993 296 1133 334 omnia
1148 301 1260 344 tuta,

345 364 468 408 atque
482 357 573 392 suis
588 354 740 392 hostem
756 367 836 405 pro
859 353 1018 390 viribus
1033 353 1336 404 expavefactum

344 412 473 451 credit
489 411 786 463 inissesugam.
843 417 1072 448 coenantem
1089 410 1264 461 crapula
1282 423 1420 449 somno

344 476 554 522 aggravat
572 476 609 506 et
626 469 772 506 castris
792 481 872 505 non
890 474 978 504 tota
1004 468 1142 518 quieta
1164 466 1335 508 iacebat.

344 526 521 565 callibus
542 525 711 563 occultis
729 522 924 562 advectus
940 523 1114 561 Alexius
1137 522 1270 560 lzostes

344 586 574 635 irrumpens
593 582 727 620 subito
740 582 972 633 perterruit.
1027 580 1096 618 lzis
1113 581 1216 632 quia
1231 581 1362 618 noctis

344 640 560 678 obstabant
579 638 778 688 tenebrae,
805 651 1010 690 nusquam
1023 637 1115 675 loca
1133 644 1226 675 tuta
1238 637 1454 689 patebant,

343 711 433 749 spes
450 704 506 734 est
527 696 647 734 nulla
657 697 812 747 fugae,
840 696 1062 747 capiuntur
1081 701 1117 731 et
1135 695 1437 737 interimuntur,

341 754 409 792 his
429 768 550 805 sopor
567 760 603 790 et
619 754 706 791 vini
721 751 885 790 dederat
902 751 1098 789 violentia
1113 751 1248 789 multa

340 813 572 862 segnitiem,
605 824 676 847 nec
689 809 801 847 abire
816 809 971 857 valent,
1001 822 1071 846 nec
1091 807 1150 845 ad
1166 822 1284 845 arma
1298 810 1454 850 reverti.

341 868 495 905 lumine
504 868 701 919 privatus
717 865 990 904 Basilaclzius
1006 872 1043 902 et
1061 865 1140 902 tihi
1159 872 1303 916 captus

340 925 525 976 legatur,
556 923 666 962 nilzil
677 925 763 974 ipse
780 921 947 971 videns,
979 921 1222 973 Mceplzore,
1251 919 1466 972 videndus,

340 983 506 1033 imperio
531 982 650 1018 cuius
659 986 995 1031 praesumpserat
1013 993 1096 1016 esse
1111 978 1282 1018 rebellis.

340 1040 513 1090 impiger
530 1045 567 1075 et
580 1044 730 1075 cautus
745 1037 806 1073 sic
823 1040 951 1075 victor
966 1036 1140 1074 Alexius
1156 1035 1290 1073 hostes

338 1097 501 1146 imperii
513 1094 664 1132 multos
683 1095 812 1131 armis
832 1095 1041 1144 superavit
1059 1099 1096 1130 et
1115 1098 1215 1129 arte.

281 1153 413 1202 p.159
427 1165 466 1190 v.
477 1153 544 1194 20.
599 1153 699 1190 κλοῦ
718 1150 839 1200 κλοῦ]
864 1151 963 1187 Cum
987 1148 1179 1187 eiusmodi
1195 1147 1424 1198 explosione
1441 1147 1633 1187 eunuchis
1656 1152 1686 1187 P
1709 1154 1777 1189 219

169 1209 317 1254 solum,
346 1214 393 1246 ut
412 1209 507 1246 satis
523 1207 675 1245 indicat
690 1206 925 1257 Bryennius,
954 1205 1169 1244 illuderent
1183 1204 1402 1256 Byzantini,
1431 1207 1634 1257 propriam

168 1272 210 1305 et
232 1264 470 1317 peculiarem
492 1264 560 1301 isti
578 1263 823 1315 potissimum
843 1262 1050 1301 hominum
1065 1262 1197 1313 generi
1212 1261 1328 1299 fuisse
1344 1268 1525 1313 oportet,
1556 1277 1635 1314 qua

169 1323 319 1361 scilicet
337 1321 484 1359 scilicet
503 1320 778 1360 semivirorum
795 1319 891 1359 vitia
910 1325 951 1358 et
971 1319 1158 1368 desectus,
1176 1318 1319 1370 quibus
1334 1319 1636 1371 distinguuntur

170 1394 194 1417 a
221 1379 360 1417 ceteris
400 1377 648 1427 hominibus,
699 1377 952 1428 sugillabant,
999 1376 1080 1415 viri
1108 1389 1250 1427 nempe
1280 1376 1544 1415 exsectionem
1569 1378 1636 1417 vel

167 1435 344 1475 imberba
376 1440 557 1473 mentum
585 1433 651 1472 vel
678 1433 848 1485 denique
868 1446 1007 1473 vocem
1029 1432 1172 1472 exilem
1189 1439 1230 1471 et
1247 1433 1444 1484 gracilem.
1472 1434 1543 1472 sed
1562 1435 1637 1474 vix

169 1500 230 1532 est
247 1498 294 1531 ut
314 1505 364 1529 ex
384 1490 490 1529 hisce
510 1495 774 1528 castratorum
798 1490 908 1530 vitiis
932 1489 1146 1541 quodpiam
1167 1490 1372 1528 denotasse
1393 1491 1636 1541 Byzantinos

168 1562 360 1588 censeam.
418 1560 490 1585 nec
508 1547 609 1585 enim
629 1547 760 1599 placet
779 1560 917 1586 eorum
939 1547 1154 1596 sententia,
1182 1547 1251 1597 qui
1273 1552 1420 1598 putant
1444 1561 1529 1586 non
1552 1554 1637 1587 tam

167 1619 292 1646 venae
310 1604 453 1656 ipsius,
486 1611 535 1643 ut
554 1604 677 1643 verbo
697 1604 890 1642 Martialis
911 1610 1004 1642 utar
1027 1603 1073 1655 (l.
1097 1603 1125 1646 4
1154 1615 1215 1655 ep.
1236 1606 1291 1649 66
1316 1609 1356 1642 et
1375 1604 1402 1642 l.
1424 1607 1450 1646 6
1480 1618 1544 1656 ep.
1562 1604 1634 1658 49)

167 1664 432 1702 exsectionem
445 1691 455 1709 ‚
487 1674 605 1712 quam
627 1661 843 1699 mittendae
861 1661 999 1699 urinae
1021 1660 1202 1698 castratis
1219 1666 1260 1698 et
1276 1660 1442 1698 exsectis
1460 1661 1635 1712 omnino,

167 1721 274 1759 senio
290 1718 518 1770 praesertim
543 1718 738 1765 confectis,
761 1718 988 1756 familiarem
1009 1716 1174 1756 modum
1193 1716 1367 1755 ludibrio
1390 1718 1467 1756 isto
1486 1719 1635 1757 exsibi-

166 1778 289 1825 lasse,
317 1775 361 1812 in
391 1775 533 1824 quibus
563 1774 676 1812 aiunt
702 1774 866 1826 diducto
894 1775 1109 1825 laxatoque
1135 1786 1232 1825 prae
1259 1780 1390 1812 aetate
1425 1775 1633 1839 spinctere,

166 1834 347 1872 emissam
382 1831 566 1881 guttatim
602 1831 758 1868 urinam
789 1843 878 1868 eum
907 1830 1076 1868 reddere
1103 1843 1265 1877 sonum,
1305 1843 1424 1894 quam
1452 1832 1634 1871 inversae

166 1891 323 1942 lagenae
341 1888 470 1926 solent
484 1886 655 1936 efficere,
686 1886 822 1937 quod
811 1900 853 1924 m
874 1886 1036 1936 ceteris,
1063 1886 1126 1925 uti
1142 1859 1308 1935 volurit,
1337 1887 1433 1926 viris
1457 1901 1568 1927 secus
1588 1902 1631 1928 se

166 1947 310 1992 habet,
339 1945 381 1982 in
398 1944 540 1994 quibus
563 1958 686 1997 ουρος
703 1944 788 1994 ipso
806 1955 930 1981 venae
949 1948 1084 1981 meatu
1102 1948 1143 1981 et
1162 1943 1289 1981 canali
1308 1943 1461 1995 longius
1481 1945 1630 1984 emitti.

165 2010 248 2044 tur.
304 2007 422 2041 vetus
439 2000 674 2052 epigramma
694 1999 743 2037 de
761 2000 910 2048 rustico
929 1999 1059 2050 ebrio,
1088 1999 1159 2051 qui
1179 1999 1411 2053 amphoram
1432 2001 1627 2042 vinariam

164 2061 355 2112 fregerat,
382 2057 410 2096 l.
431 2055 458 2097 4
475 2057 606 2108 Epigr.
625 2062 731 2096 veta

328 2116 507 2168 percutit
525 2121 560 2151 et
573 2114 742 2164 frangit
760 2126 856 2162 vas,
895 2104 1036 2151 vinum
1056 2103 1220 2165 defluit,
1246 2127 1352 2151 ansa

384 2172 530 2208 stricta
538 2171 628 2220 fuit
640 2199 650 2218 ,
676 2170 774 2221 glut
788 2169 886 2222 glut
903 2177 1137 2207 murmurat
1158 2168 1273 2208 unda
1290 2184 1457 2209 sonans.

165 2241 307 2269 verum
332 2227 437 2265 itane
467 2239 506 2265 se
529 2239 592 2264 res
617 2225 786 2276 habeat,
815 2226 1060 2264 medicorum
1086 2225 1157 2264 filii
1182 2226 1416 2276 disquirant.
1473 2226 1570 2278 quid
1595 2228 1628 2267 si

165 2299 238 2338 per
267 2287 366 2325 κλοῦ
388 2286 490 2324 κλου
517 2275 656 2322 Graeci
673 2282 903 2334 posterioris
920 2282 1008 2321 aevi
1025 2282 1220 2321 vocabulo
1238 2284 1341 2321 forte
1360 2283 1468 2335 apud
1485 2283 1627 2334 vulgus

164 2347 323 2393 recepto
345 2354 418 2392 pio
441 2342 597 2389 κλῶθε,
626 2339 819 2391 spadones
839 2345 879 2377 et
898 2337 1100 2378 eunuchos
1116 2339 1369 2390 sugillarunt,
1401 2354 1493 2378 cum
1510 2354 1630 2392 prae-

166 2399 327 2451 cipuum
355 2397 516 2435 illorum
546 2396 667 2434 suerit
695 2409 839 2434 munus
859 2409 950 2434 cum
970 2396 1124 2434 seminis
1144 2396 1316 2447 versari,
1344 2397 1567 2449 puellarum
1587 2404 1629 2439 et

166 2461 382 2508 nuptarum
405 2452 611 2504 invigilare
629 2452 830 2491 custodiae
845 2450 885 2490 et
901 2458 948 2490 ut
965 2452 1022 2490 ait
1040 2452 1254 2504 Corippus:

333 2523 566 2549 conservare
587 2508 752 2547 domum
776 2516 1042 2560 sanctumque
1060 2511 1214 2547 intrare
1233 2509 1380 2560 cubile,

165 2568 224 2606 ita
253 2573 300 2607 ut
323 2566 532 2619 Byzantini
558 2566 751 2604 imbellem
780 2571 821 2604 et
847 2565 1111 2604 effeminatum
1137 2565 1258 2605 istum
1286 2566 1426 2605 ducem
1444 2566 1496 2605 ad
1511 2566 1627 2606 lana-

165 2638 257 2663 rum
283 2637 425 2675 pensa,
465 2629 512 2662 ut
539 2622 766 2661 eunuchum
795 2621 982 2671 decebat,
1021 2622 1256 2675 ablegarint,
1294 2623 1627 2674 quemadmodum

166 2681 260 2719 olim
285 2679 431 2733 Sophia
451 2681 628 2731 ‚Augusta
654 2680 690 2718 N
692 2685 855 2717 arsetem
892 2679 1108 2731 spadonem
1138 2680 1272 2719 ltaliae
1311 2682 1553 2734 praesectum
1585 2686 1627 2719 et

165 2737 402 2777 Claudianus
419 2737 609 2776 Rufinum
627 2735 853 2775 eunuchum
870 2734 932 2774 his
949 2736 1146 2775 versibus:
1651 2732 1656 2736 ’

380 2814 438 2823 -
468 2815 518 2823 —
549 2816 606 2824 —
635 2792 741 2846 quid
758 2800 795 2831 te
818 2794 1052 2845 turpissime
1068 2793 1185 2831 bellis

381 2851 547 2902 inseris,
576 2858 652 2889 aut
673 2852 786 2890 saevi
794 2857 998 2902 pertentas
1008 2849 1190 2903 pallada
1210 2850 1372 2901 campi?
