1878 3262
265 228 358 274 132
739 222 964 267 IOANNIS
1002 223 1230 268 CINNAMI

259 342 422 390 τελέσας
442 336 679 395 ἀναστρέφει
702 337 766 379 ἐπὶ
783 337 856 391 τὴν
883 334 1029 379 ἑαυτοῦ
1038 368 1053 388 ,
1087 336 1133 379 τὸ
1150 337 1424 392 ἀλκιμώτατον
1439 343 1511 395 τῆς
1531 339 1606 381 σὺν
1626 339 1701 381 αὗ-

258 414 318 467 τῷ
347 405 639 460 ἀπολεξάμενος
670 409 862 463 στρατιᾶς
891 406 1066 462 Βορίτζῃ
1094 407 1150 455 εἷς
1173 413 1310 462 χεῖρας
1348 409 1480 450 ἐλθεῖν
1508 407 1698 459 ἔστελλεν,

255 474 354 534 ἦρχε
385 476 428 517 δὲ
453 473 602 529 ταύτης
629 478 702 529 τῆς
726 478 917 531 στρατιᾶς
944 474 1178 526 Βασίλειος,
1221 469 1341 531 οὗπερ
1364 474 1442 530 ἤδη
1479 474 1698 531 ἐμνήσθην,

256 545 386 594 οἲκίας
406 544 480 598 μὲν
507 543 689 600 ἀφανοῦς
714 540 906 599 γεγονώς,
940 540 1231 599 χαρτουλάριος
1258 543 1300 584 δὲ
1327 547 1489 596 βασιλεῖ
1496 545 1699 601 χρηματί-

255 629 345 663 σας.
414 610 436 654 ὅ
457 612 500 654 δὲ
514 610 703 667 βασιλεὺς
722 609 889 653 κατόπιν
906 610 978 653 σὺν
999 614 1057 669 τῷ
1077 609 1402 669 ἄλλῳῬωμαίων
1425 617 1583 670 στρατῷ
1601 621 1731 667 ogo-5
1766 636 1769 642 ,

251 678 460 738 λαιότερον
481 679 594 734 ἔχων.
663 679 768 721 ἀλλὰ
795 680 1027 732 Βασίλειος,
1064 677 1195 736 ὥσπερ
1226 677 1338 733 οἶμαι
1361 677 1587 733 λαθόμενος
1605 679 1700 737 ὅτου

253 750 307 804 δὴ
332 748 453 807 χάριν
486 750 554 790 καὶ
588 748 664 790 τίνι
692 749 1002 803 πολεμησειόντα
1039 747 1230 801 βασιλεὺς
1261 747 1381 790 αὐτὸν
1410 747 1587 803 ἔπεμψε,
1631 748 1701 790 τὸν

251 815 409 875 δρόμον
437 814 721 871 καταταχήσας
747 815 905 872 ἔγγιστα
931 820 1004 858 τοῦ
1035 814 1196 858 Οῧννων
1216 817 1362 872 ἐγένετο
1371 814 1570 874 Ϊστρατοῦ,
1598 833 1702 873 προ-

252 884 419 943 δρόμοις
436 885 482 928 τέ
499 901 602 927 τισιν
619 883 792 938 ἐντυχών
801 917 816 937 ,
851 883 1058 941 ἐπειδήπερ
1083 885 1279 941 ἐτρέψατο
1310 884 1496 937 τούτους,
1533 883 1617 927 εἶτα
1633 885 1702 926 καὶ

252 954 293 1004 ἒς
322 954 448 1008 μέσην
474 953 547 1008 τὴν
579 952 741 995 Οὕννων
771 951 960 1010 φάλαγγα
985 954 1165 1006 ἐμπίπτει
1173 984 1187 1004 ,
1233 953 1336 1008 μέγα
1362 971 1400 996 τι
1423 951 1699 1010 κατορθώσειν
1711 961 1756 996 10

130 1024 160 1058 P
183 1024 229 1060 76
251 1020 432 1076 οἰόμενος
440 1053 454 1073 ,
491 1020 540 1063 ἂν
563 1019 668 1063 οὕτω
700 1022 993 1078 πεφοβημένοις
1022 1021 1158 1070 αὐτοῖς
1183 1021 1428 1078 προσβαλών
1458 1020 1703 1078 συνταράξῃ.

249 1094 318 1134 καὶ
342 1088 448 1143 τάχα
468 1088 515 1130 οὗ
536 1087 789 1131 παντάπασιν
804 1089 881 1131 ἄπο
902 1093 1096 1144 λογισμοῦ
1107 1093 1235 1131 ταῦτα
1253 1091 1386 1132 ἐποίει.
1459 1084 1605 1132 Οῧννοι
1622 1089 1702 1146 γὰρ

249 1158 297 1202 τὸ
315 1158 389 1211 μὲν
406 1161 564 1213 πρῶτον
587 1157 707 1199 αὐτὸν
737 1159 909 1211 βασιλέα
932 1162 1006 1200 τοῦ
1026 1158 1200 1211 πολέμου
1222 1160 1339 1200 τοῦδε
1361 1164 1595 1214 στρατηγεῖν
1612 1160 1702 1212 οἴη-

248 1226 389 1276 θέντες
419 1224 585 1283 ἔφευγον
613 1225 744 1267 οὗὸενὶ
769 1223 907 1284 κόσμῳ
915 1257 929 1278 ,
966 1228 1110 1267 πολλοί
1133 1243 1174 1267 τε
1197 1226 1330 1267 αὐτῶν
1355 1225 1422 1268 ἅτε
1446 1224 1602 1282 ἀθρόον
1616 1231 1701 1275 τοῖς

246 1293 422 1352 σκάφεσι
449 1292 754 1348 συμπιπτόντων
779 1298 838 1351 τῷ
865 1297 1036 1350 ποταμῷ
1067 1291 1316 1335 κατεδύοντο.
1385 1292 1440 1343 ὡς
1461 1294 1502 1335 ‹5’
1523 1293 1698 1349 ἔγνωσαν
1709 1299 1753 1336 15

244 1363 419 1417 βασιλέα
439 1363 512 1416 μὲν
527 1359 692 1404 κατόπιν
706 1367 866 1419 χωρεῖν,
902 1363 1116 1404 Βασίλειον
1137 1362 1180 1403 δὲ
1198 1366 1270 1403 τοῦ
1289 1359 1588 1418 στρατεύματος
1607 1363 1700 1417 ἐξη-

244 1434 431 1486 γεῖσθαι,
468 1428 753 1487 ἀνεθάρσησάν
781 1448 822 1472 τε
854 1432 922 1472 καὶ
950 1428 1245 1486 ὃπισθόρμητοι
1270 1428 1471 1485 γεγονότες
1486 1428 1701 1484 Ῥωμαίοις

245 1498 596 1541 ἀντικαθίσταντο.
658 1497 848 1552 Ῥωμαῖοι
877 1500 920 1540 δὲ
940 1500 1069 1540 καίτοι
1089 1498 1202 1554 παρὰ
1232 1498 1334 1539 πολὺ
1354 1496 1503 1552 πλήθει
1523 1502 1605 1540 τῶν
1621 1514 1699 1540 πο-

246 1567 394 1620 λεμίων
413 1564 710 1619 ε’λασσούμενοι,
745 1564 854 1619 ὅμως
870 1564 1090 1622 ὑφίσταντο
1109 1564 1287 1615 τούτους.
1356 1565 1479 1622 φόνος
1497 1583 1538 1608 τε
1559 1566 1699 1623 ἀμφο-

194 1636 226 1671 Β
247 1634 373 1690 τέρων
391 1633 516 1683 πολὺς
532 1628 582 1688 ἦν
591 1665 605 1685 ,
642 1634 716 1683 ἕως
745 1633 784 1675 οἳ
812 1635 902 1690 περὶ
933 1634 1141 1690 Στέφανον
1159 1633 1227 1675 τὸν
1246 1634 1379 1685 Ἰατζᾶ
1396 1636 1524 1675 παῖδα
1548 1629 1753 1678 ΟῧννοιΞΟ

238 1700 452 1755 Ῥωμαίοις
480 1700 809 1758 συστρατεύοντες
836 1699 1030 1758 πρότερον
1055 1705 1184 1758 φυγῆς
1208 1696 1348 1757 ἦρξαν.
1424 1701 1695 1758 παλιντρόπου

243 1769 322 1826 γὰρ
351 1770 398 1811 τὸ
422 1769 561 1811 λοιπὸν
587 1770 797 1825 γενομένης
824 1774 896 1824 τῆς
923 1767 1094 1819 διώξεως
1100 1801 1113 1820 ,
1153 1768 1315 1811 Οὕννων
1342 1769 1416 1823 μὲν
1443 1774 1524 1812 τῶν
1545 1769 1619 1812 σὺν
1638 1774 1698 1828 τῷ

244 1835 440 1896 Στεφάνῳ
469 1836 611 1891 σχεδόν
637 1854 676 1879 τι
704 1837 894 1890 ἅπαντες,
924 1835 1132 1892 Ῥωμαίων
1163 1837 1207 1879 δὲ
1233 1839 1374 1878 πολλοὶ
1393 1837 1554 1880 ἔπεσον·
1587 1838 1626 1880 οἳ
1647 1838 1697 1884 δῖ

336 1945 371 1979 6.
402 1942 517 1989 ἔχων]
553 1944 651 1980 Fort.
681 1943 760 1979 add.
789 1941 985 1990 ἐπορεύετο
1014 1931 1073 1979 rel
1104 1943 1212 1979 simile
1239 1944 1391 1979 verbum.
1434 1945 1496 1980 cfr.
1526 1956 1563 1991 p.
1588 1944 1646 1980 54.
1660 1955 1692 1980 c.

243 2034 303 2080 qui
317 2035 439 2069 auxilio
455 2038 598 2070 venerat
612 2035 808 2080 Hungariae
822 2036 916 2081 regi,
938 2037 972 2070 in
986 2047 1081 2070 suum
1095 2036 1206 2070 redire
1221 2035 1460 2081 principatum;
1493 2035 1692 2071 fortissimos

243 2081 383 2114 militum
399 2081 567 2123 delectos,
591 2082 648 2125 qui
671 2089 788 2116 manus
812 2094 885 2116 cum
900 2082 1023 2116 Borize
1047 2086 1280 2123 consererent,
1304 2082 1449 2117 dimittit.
1494 2082 1595 2127 copiis
1615 2081 1691 2115 istis

243 2126 391 2170 praefuit
405 2126 570 2166 Basilius,
594 2127 686 2160 cuius
711 2138 812 2172 supra
836 2128 982 2170 memini,
1006 2128 1148 2161 obscura
1171 2127 1303 2172 quidem
1319 2132 1417 2162 natus
1433 2127 1572 2168 familia,
1596 2130 1692 2160 cete-

243 2171 364 2215 roquin
386 2171 608 2204 chartularius
632 2173 802 2217 principis.
847 2173 921 2217 ipse
935 2174 1117 2218 imperator
1139 2184 1159 2206 a
1173 2178 1269 2216 tergo
1286 2184 1359 2206 cum
1375 2172 1502 2216 reliquo
1516 2172 1690 2207 Romano-

242 2227 316 2250 rum
334 2216 484 2249 exercitu
498 2216 588 2249 lento
604 2218 808 2260 sequebatur
822 2219 941 2262 gradu.
988 2230 1103 2252 verum
1119 2218 1261 2252 Basilius
1278 2218 1411 2261 oblitus,
1435 2217 1564 2261 opinor,
1594 2217 1689 2252 cuius

244 2261 355 2306 gratia
372 2266 408 2294 et
423 2272 488 2305 quo
505 2273 579 2294 cum
594 2262 690 2295 hoste
705 2269 926 2306 pugnaturum
941 2275 980 2298 se
995 2264 1157 2298 emisisset
1171 2264 1326 2308 princeps
1337 2289 1346 2305 ,
1378 2266 1542 2296 maturato
1566 2261 1689 2298 itinere

245 2307 290 2340 ad
304 2307 485 2350 Hungaros
501 2318 599 2350 quam
622 2308 771 2351 proxime
786 2310 957 2343 successit.
1004 2321 1144 2354 cumque
1157 2309 1191 2342 in
1208 2318 1441 2352 praecursores
1453 2307 1613 2352 quosdam
1633 2309 1689 2343 in-

246 2352 401 2393 cidisset,
425 2352 552 2395 fugatis
567 2352 608 2384 iis
620 2379 630 2394 ‚
654 2353 687 2385 in
704 2353 844 2387 mediam
859 2354 980 2388 deinde
997 2355 1095 2388 irruit
1116 2353 1257 2387 hostium
1272 2353 1468 2398 phalangem
1480 2378 1491 2394 ,
1513 2353 1687 2398 egregium

244 2409 283 2432 se
307 2397 436 2431 facinus
462 2397 626 2431 editurum
652 2398 791 2432 credens
802 2424 812 2441 ,
845 2399 873 2432 si
891 2411 930 2433 eo
947 2400 1146 2434 conterritos
1161 2404 1252 2432 metu
1266 2409 1442 2442 aggressus
1458 2397 1591 2432 ordines
1607 2411 1688 2444 per-

243 2443 425 2476 turbasset.
456 2454 565 2487 neque
579 2442 635 2476 illa
651 2454 725 2476 eum
741 2444 870 2477 omnino
887 2456 965 2490 spes
980 2447 1142 2479 frustrata
1156 2449 1218 2478 est.
1247 2454 1387 2488 namque
1403 2444 1559 2487 Hungari
1575 2445 1683 2489 primo

245 2488 379 2532 quidem
403 2489 510 2533 ipsum
526 2488 630 2533 copiis
640 2488 713 2522 istis
728 2500 888 2533 praeesse
901 2491 1135 2534 imperatorem
1149 2490 1236 2531 rati,
1262 2489 1349 2522 nullo
1367 2488 1483 2522 ordine
1497 2490 1611 2533 fugam
1625 2501 1683 2524 ar-

243 2533 382 2578 ripiunt:
411 2545 592 2578 eorumque
616 2534 711 2567 multi
733 2534 810 2568 dum
831 2535 865 2568 in
891 2537 1034 2580 scaphas
1061 2535 1201 2569 conferti
1226 2534 1392 2578 incidunt,
1416 2534 1550 2568 flumine
1565 2536 1685 2569 absor-

244 2579 378 2612 bentur.
424 2584 459 2612 at
473 2580 531 2612 ubi
547 2591 735 2623 cognovere
750 2581 909 2625 subsequi
924 2581 1105 2626 principem
1116 2607 1127 2623 ‚
1150 2580 1254 2614 aciem
1268 2590 1350 2613 vero
1365 2580 1463 2613 istam
1480 2591 1599 2624 regere
1613 2581 1683 2615 Ba-

245 2623 372 2666 silium3
396 2625 562 2658 sustulere
583 2627 709 2659 animos
734 2630 770 2659 et
793 2638 953 2660 converso
977 2627 1108 2671 agmine
1130 2627 1299 2659 Romanos
1322 2636 1506 2670 excepere:
1538 2626 1594 2670 qui
1619 2626 1684 2661 etsi

243 2669 442 2704 bellatorum
463 2681 598 2703 numero
614 2670 765 2704 hostibus
780 2671 880 2716 longe
901 2672 1096 2714 inferiores,
1120 2671 1304 2704 sustinuere
1319 2674 1431 2704 tamen
1448 2682 1516 2704 eos.
1561 2682 1684 2715 magna

244 2714 410 2759 utrimque
437 2715 530 2748 sacta
551 2720 603 2748 est
624 2716 763 2750 caedes:
787 2717 894 2750 donec
918 2717 1071 2761 Hungari
1093 2716 1149 2761 qui
1173 2726 1243 2749 cum
1267 2715 1438 2760 Stephano
1459 2715 1587 2750 Geizae
1611 2717 1681 2751 filio

245 2760 406 2794 Romanis
430 2760 632 2803 militabant,
658 2761 756 2805 primi
786 2763 899 2806 sugam
930 2774 1061 2807 cepere.
1104 2764 1231 2795 mutata
1253 2760 1379 2795 demum
1394 2766 1494 2806 atque
1515 2763 1558 2795 ab
1573 2762 1682 2798 altera

245 2810 343 2850 parte
368 2806 462 2839 facta
486 2805 713 2860 insecutione²
744 2807 899 2852 Hungari
922 2808 979 2851 qui
1003 2818 1075 2840 cum
1099 2807 1270 2851 Stephano
1286 2812 1380 2840 erant
1395 2807 1467 2840 fere
1482 2818 1614 2850 omnes,
1635 2819 1680 2842 ex

244 2851 405 2887 Romanis
426 2862 508 2888 vero
530 2851 623 2886 multi
642 2852 813 2888 cecidere:
842 2852 898 2887 alii
921 2853 1002 2897 fuga
1015 2863 1158 2891 ,evasere
1179 2852 1359 2887 incolumes
1375 2857 1476 2898 atque
1498 2852 1534 2888 in
1552 2853 1594 2888 iis
1609 2852 1680 2888 d'ux
