1878 3262
270 218 370 268 242
752 213 979 261 IOANNIS
1012 215 1244 262 CINNAMI

272 333 457 389 ἐξέπραξε
489 329 535 373 τὸ
565 327 819 387 ἐπιθύμημα.
887 329 926 372 οἱ
951 329 1030 388 γὰρ
1049 328 1290 388 προῦχοντες
1305 327 1386 375 τῶν
1402 333 1638 389 στρατηγῶν
1658 346 1731 373 πε-

221 409 252 446 Β
276 399 479 460 ριστάντες
508 398 618 458 αὐτῷ
647 398 893 458 ἰσχυρότατα
921 396 1181 442 διεκώλυσαν.
1247 397 1269 442 ὅ
1297 401 1341 442 δὲ
1370 399 1502 457 κύκλῳ
1526 399 1573 442 τὸ
1602 404 1733 453 τεῖχος

273 468 435 527 περιιὼν
466 466 565 510 αὐτό
594 484 635 510 τε
666 468 763 511 ὅθεν
789 468 984 522 ἐπίμαχον
1012 459 1267 522 μάλισταῦἦν
1296 469 1536 510 διεσκοπεῖτο
1567 469 1634 509 καὶ
1658 467 1734 516 τὰς

271 535 480 594 τάφρους,
511 535 562 578 αἳ
584 535 657 591 τὴν
687 535 804 579 πόλιν
830 533 1021 588 ἐζώννυον
1034 568 1047 588 ,
1074 534 1237 591 βάθους
1264 552 1306 578 τε
1333 537 1400 578 καὶ
1429 535 1570 592 εὔρους
1586 536 1733 584 ἱκανῶς

272 604 451 659 ἔχουσαι,
472 604 682 662 φακέλλων
692 609 811 648 τινῶν
828 606 895 647 καὶ
914 603 1129 662 φρυγάνων
1147 604 1296 663 ἀπορία
1315 605 1444 646 λίθων
1463 604 1611 647 ἐκέλευε
1629 607 1767 658 πλη-5

274 678 372 731 ροῦν
394 671 499 715 οὕτω
519 690 560 715 τε
583 671 829 728 διαβιβάζειν
846 672 897 715 τὰ
917 672 1210 727 μηχανήματα·
1245 672 1392 727 ἤνυστο
1413 672 1457 714 δὲ
1474 670 1584 726 ὅμως
1603 673 1666 714 ἐπὶ
1685 675 1735 728 τῇ

271 747 345 797 τῆς
365 740 518 791 πόλεως
537 739 682 784 ἁλώσει
704 741 815 784 οὔπω
837 741 965 783 οὐδέν.
1021 736 1167 783 Οὖννοι
1185 739 1287 798 γάρ,
1313 742 1443 783 καίτοι
1461 738 1617 796 μεγάλα
1634 740 1736 797 πρὸς

132 810 164 845 V
188 812 255 847 110
269 809 479 864 Ῥωμαίων
498 808 727 864 βιαζόμενοι
753 814 1033 867 στρατιωτῶν,
1067 807 1293 861 ἐπαιάνιζόν
1311 827 1351 851 τε
1371 813 1526 865 μᾶλλον
1545 807 1572 863 ἢ
1591 806 1737 866 πρότε-

273 896 345 936 ρον
372 880 441 920 καὶ
466 878 619 920 ἐλπίσιν
650 879 826 934 ὥχοῦντο
851 878 964 935 παρὰ
990 877 1120 929 πόδας
1151 878 1288 929 αὐτοῖς
1303 877 1373 921 τὸν
1395 877 1519 920 ἄλλον
1536 877 1635 920 ἰέναι
1657 879 1737 919 τῶν

276 946 440 989 Οῧννων
459 945 644 1003 στρατόν.
1748 949 1792 984 10

223 1023 255 1059 C
419 1015 494 1060 15.
557 1015 646 1056 Ἐπὶ
671 1012 869 1065 τοιούτοις
893 1018 974 1057 τῶν
993 1012 1242 1072 πραγμάτων
1264 1013 1518 1071 ἠρτημένων,
1547 1009 1738 1069 προσιόν-

272 1100 338 1133 τες
357 1083 394 1124 οἳ
407 1081 618 1136 Ῥωμαίων
637 1078 777 1126 σκοποὶ
795 1082 970 1139 μεγάλου
989 1083 1137 1140 ἔφοδον
1156 1081 1327 1137 ἐμήνυον
1343 1081 1643 1140 στρατεύματος
1661 1079 1738 1122 αι’·-

273 1158 370 1201 τ-οΐς.
404 1149 512 1192 κόνιν
531 1151 608 1207 γὰρ
627 1152 689 1192 ἐπὶ
707 1156 891 1194 πλεῖστον
910 1156 983 1194 τοῦ
999 1152 1115 1208 ἀέρος
1133 1150 1406 1208 ὄρθιάζουσαν
1423 1151 1597 1193 ἰδέσθαι.
1633 1148 1739 1190 ἀλλὰ

271 1221 341 1262 καὶ
373 1223 453 1261 τῶν
483 1235 544 1268 τις
570 1219 737 1262 Ὀὔννων
766 1218 890 1275 τύχης
919 1221 1139 1277 ἐπιφανοῦς
1157 1218 1351 1274 Βασάκης
1378 1218 1507 1272 ὄνομα
1525 1217 1740 1271 Ῥωμαίοις

273 1284 571 1345 προσχωρήσας
600 1287 646 1329 οὗ
676 1288 837 1344 μακρὰν
864 1287 1020 1330 ἄποθεν
1050 1285 1148 1330 εἶναι
1177 1287 1247 1330 τὸν
1277 1286 1469 1329 Παιόνων
1499 1287 1739 1343 ἰσχυρίζεται
1750 1289 1794 1325 15

271 1356 399 1413 ῥῆγα,
435 1355 582 1405 ἄλλους
610 1373 652 1398 τε
683 1356 866 1413 ἀριθμοῦ
886 1357 1093 1414 κρείσσους
1112 1357 1179 1397 καὶ
1200 1355 1250 1411 δὴ
1274 1357 1342 1397 καὶ
1364 1353 1532 1409 Σκύθην
1549 1352 1652 1408 ὅμοῦ
1671 1355 1741 1395 καὶ

275 1422 580 1479 Ταυροσκύθην
615 1423 764 1480 ἄγοντα
796 1423 991 1482 στρατόν,
1036 1424 1137 1481 πρὸς
1164 1421 1225 1474 οἷς
1251 1425 1317 1466 καὶ
1348 1423 1417 1466 τὸν
1447 1423 1608 1476 Τζέχων
1633 1421 1740 1477 ἔλεγε

272 1491 477 1547 δυνάστην
497 1495 721 1550 πανστρατὶ
744 1495 810 1535 καὶ
829 1491 948 1535 πάλιν
966 1492 1042 1535 σὺν
1062 1493 1173 1550 αὖτῷ
1191 1491 1312 1547 ἥκειν.
1359 1489 1513 1534 τούτων
1531 1488 1740 1547 ἐπειδήπερ

272 1558 297 1602 ὃ
318 1560 509 1614 βασιλεὺς
530 1560 676 1615 ἤκουσε
687 1592 699 1611 ,
724 1561 877 1615 βουλὴν
899 1562 973 1603 σὺν
995 1567 1079 1610 τοῖς
1099 1565 1308 1615 μεγιστᾶσι
1330 1561 1506 1611 καθίζει,
1534 1558 1643 1608 ὅπως
1663 1557 1741 1612 δή-

274 1645 371 1670 ποτε
391 1627 473 1685 χρὴ
494 1628 545 1670 τὰ
568 1626 750 1685 παρόντα
777 1630 1017 1671 διοικεῖσθαι
1046 1630 1185 1682 ζητῶν.
1247 1626 1430 1684 (εᾶνδρες
1456 1627 1623 1681 ἀμέλει”
1661 1625 1798 1684 ἕφηΞΟ

226 1704 260 1739 Ι)
274 1694 300 1711 ‘⁶
314 1695 505 1750 Ῥωμαῖοι
538 1696 585 1737 οὗ
618 1701 736 1739 τοῦτο
762 1695 886 1751 μόνον
908 1695 934 1751 ἦ
953 1701 1032 1738 τῶν
1048 1694 1296 1752 πραγμάτων
1318 1694 1399 1737 οἶδε
1420 1693 1562 1750 φύσις,
1585 1695 1655 1736 ἰ’να
1681 1712 1743 1745 τις

274 1763 399 1818 μόνον
429 1768 585 1823 τολμᾷ,
617 1765 719 1806 ἀλλ’
746 1763 806 1815 ὥς
833 1764 882 1807 ἂν
907 1769 957 1821 τῇ
986 1763 1114 1820 τόλμῃ
1144 1764 1204 1819 μὴ
1235 1762 1451 1818 ἇξύμβατα
1481 1764 1548 1805 καὶ
1571 1762 1622 1805 τὰ
1645 1762 1742 1820 ἔργα

273 1833 459 1890 ἕπιττθῇ,
497 1831 676 1886 μάλιστα
712 1831 831 1889 ἔγωγε
860 1837 917 1892 τῷ
944 1835 1011 1875 καὶ
1049 1832 1154 1875 κατὰ
1185 1832 1321 1890 βραχὺ
1350 1835 1628 1890 σωφρονοῦντι
1653 1833 1743 1889 περὶ

366 1941 420 1975 16.
445 1936 633 1986 ἀριθμοῦ]
660 1940 715 1975 Ita
735 1940 879 1975 Tollius.
926 1939 1012 1976 eod.
1037 1937 1201 1988 α’ρνθμῷ.

274 2030 448 2077 praecipui
470 2030 527 2076 qui
553 2042 628 2066 eum
655 2030 935 2077 circumstabant,
966 2031 1171 2077 pertinacius
1181 2030 1298 2066 obnixi
1312 2032 1404 2066 sant.
1448 2030 1505 2065 ille
1518 2029 1631 2076 itaque
1645 2028 1741 2064 urbis

275 2077 408 2111 moenia
423 2077 625 2122 obequitans
651 2082 687 2111 et
713 2089 778 2123 qua
806 2084 906 2123 parte
931 2083 1124 2123 expugnatu
1148 2078 1306 2112 facillima
1328 2077 1524 2112 viderentur
1548 2077 1741 2121 explorans,

275 2123 386 2156 fossas
398 2123 515 2155 urbem
531 2123 715 2157 ambientes
726 2151 736 2167 ‚
761 2124 944 2169 profundas
961 2123 1043 2157 satis
1054 2129 1094 2157 et
1106 2123 1214 2166 iatam,
1236 2123 1376 2157 fascium
1391 2128 1427 2157 et
1440 2122 1662 2167 virgultorum
1677 2133 1742 2167 pe—

277 2167 375 2202 nuria
385 2193 394 2210 ,
419 2166 587 2212 lapidibus
603 2169 762 2214 compleri
777 2169 895 2214 sic'que
910 2169 1134 2215 transportari
1149 2170 1317 2203 machinas
1330 2167 1518 2215 imperavit.
1555 2167 1614 2202 sed
1630 2178 1742 2212 neque

279 2224 322 2247 ea
351 2223 406 2246 res
434 2213 614 2258 quidquam
645 2215 801 2248 momenti
826 2215 871 2248 ad
895 2215 1088 2260 capiendam
1111 2216 1227 2249 urbem
1251 2214 1376 2249 attulit.
1421 2213 1575 2257 Hungari
1601 2212 1741 2258 quippe,

278 2258 431 2304 quamvis
447 2270 468 2292 a
483 2259 642 2293 Romanis
658 2260 814 2294 militibus
831 2261 950 2304 gravia
966 2266 1080 2294 essent
1094 2260 1202 2306 passi,
1227 2261 1372 2295 maiores
1387 2270 1486 2305 quam
1499 2263 1603 2292 antea
1616 2259 1742 2292 clamo-

278 2315 335 2339 res
359 2304 527 2348 edebant,
557 2316 685 2350 speque
707 2306 887 2340 alebantur
913 2306 1063 2352 proxime
1084 2306 1218 2340 venturi
1241 2306 1276 2340 in
1299 2316 1414 2340 eorum
1427 2304 1585 2338 auxilium
1600 2303 1742 2339 alterius

278 2350 518 2394 Hungarorum
539 2351 719 2384 exercitus.
1531 2383 1537 2389 ,

375 2395 428 2430 15.
472 2395 561 2429 Dum
575 2395 609 2429 in
621 2408 666 2430 eo
683 2399 796 2430 essent
810 2407 921 2430 rerum
935 2400 1028 2430 statu
1040 2424 1051 2440 ‚
1082 2396 1306 2431 Romanorum
1332 2394 1560 2440 speculatores
1583 2406 1741 2439 magnum

279 2439 432 2475 hostibus
446 2441 569 2475 auxilio
585 2442 768 2476 exercitum
780 2443 944 2476 advenire
958 2442 1128 2476 nuntiant:
1162 2443 1334 2488 pulverem
1353 2440 1439 2474 enim
1454 2451 1492 2474 se
1507 2441 1540 2474 in
1556 2444 1670 2475 aerem
1686 2441 1742 2475 al-

279 2486 348 2520 tius
373 2487 499 2520 elatum
523 2487 714 2522 advertisse
740 2489 886 2522 aiebant.
931 2488 995 2522 sed
1017 2491 1057 2521 et
1080 2488 1263 2532 Hungarus
1286 2486 1416 2532 quidam
1433 2497 1475 2520 ex
1488 2486 1741 2530 illustrioribus,

279 2532 412 2565 nomine
437 2532 607 2577 Basakes,
638 2533 696 2578 qui
719 2534 942 2567 Romanorum
964 2539 1081 2578 partes
1105 2534 1275 2578 amplexus
1297 2537 1395 2574 erat,
1422 2542 1489 2565 non
1505 2532 1604 2576 longe
1618 2533 1740 2567 abesse

279 2576 518 2620 Hungarorum
535 2590 649 2622 regem
664 2579 875 2621 affirmabat,
905 2584 940 2613 et
967 2584 1102 2625 praeter
1123 2578 1287 2612 infinitum
1307 2577 1503 2611 bellatorum
1519 2588 1687 2612 numerum
1702 2581 1741 2612 et

281 2622 487 2666 Scytharum
503 2624 599 2657 simul
614 2630 650 2658 et
671 2626 984 2670 Tauroscytharum
1003 2624 1126 2667 aciem,
1156 2624 1292 2669 insuper
1305 2623 1406 2657 etiam
1420 2623 1632 2658 Tzechorum
1648 2623 1740 2668 prin-

280 2667 388 2712 cipem
405 2679 478 2702 cum
493 2669 658 2704 universis
677 2671 801 2704 viribus
818 2682 947 2705 rursum
962 2682 1036 2704 cum
1051 2670 1124 2715 ipso
1140 2669 1264 2703 venire.
1306 2673 1482 2713 postquam
1498 2669 1580 2703 haec
1594 2668 1739 2715 principi

281 2717 456 2757 comperta
479 2718 579 2755 sunt,
616 2721 807 2760 magnatum
830 2716 1002 2750 concilium
1028 2715 1121 2759 cogit
1144 2715 1252 2759 deque
1276 2714 1374 2748 modo
1398 2725 1510 2748 rerum
1534 2714 1738 2760 agendarum

282 2757 466 2793 sententias
482 2771 594 2793 eorum
611 2765 722 2805 rogat.
769 2763 866 2795 “non
881 2761 962 2795 iliud
976 2761 1100 2801 solum,
1132 2759 1195 2793 viri
1214 2759 1382 2793 Romani”
1411 2760 1563 2805 inquiens
1594 2761 1739 2794 “rerum

282 2803 388 2848 exigit
409 2807 548 2848 natura,
579 2809 617 2839 ut
632 2807 706 2851 quis
728 2807 825 2841 modo
842 2806 1014 2841 audaciam
1031 2817 1112 2850 prae
1127 2816 1165 2839 se
1182 2806 1292 2847 ferat,
1322 2805 1384 2839 sed
1400 2811 1438 2839 ut
1452 2805 1615 2840 audaciae
1629 2805 1738 2839 minus

280 2854 507 2887 consentanea
528 2861 596 2887 non
621 2852 763 2899 arripiat
786 2851 1047 2898 aggrediaturve
1063 2862 1187 2898 opera,
1217 2850 1360 2888 maxime
1375 2851 1529 2898 equidem
1542 2852 1599 2887 vel
1614 2850 1737 2887 leviter
