1878 3262
542 223 1085 269 COMMENTARIORUM
1118 226 1169 271 L.'
1183 225 1255 270 311.
1561 227 1627 274 69

304 336 380 383 11.
450 338 584 381 Ταῦτ’
616 335 696 383 εἶπε
724 339 791 381 καὶ
824 335 970 390 πάντες
1003 339 1227 384 ἐπείθοντο.
1293 341 1359 384 καὶ
1397 340 1435 383 οἷ
1462 341 1536 395 μὲν
1565 340 1629 382 ἐπὶ

162 406 258 457 τοὺς
278 405 457 464 ὄρόφους
476 406 649 464 ἀνῄεσαν
669 409 736 451 καὶ
756 407 809 449 τὰ
831 409 931 462 βέλη
955 409 1232 465 προέπεμπον,
1268 409 1307 451 οἳ
1331 410 1375 452 δέ
1398 409 1474 460 τὰς
1499 408 1629 460 πύλας

162 474 451 518 ἀνεπετάννυον
481 479 548 519 καὶ
583 478 748 535 σφοδρᾷ
773 480 826 532 τῇ
853 475 961 533 ῥύμῃ
987 478 1091 519 κατὰ
1114 482 1196 520 τῶν
1219 480 1420 532 πολεμίων
1444 477 1629 535 ἐπῄεσαν.

162 544 201 585 οἱ
223 539 295 586 οὖν
314 546 496 599 πολέμιοι
518 549 577 603 τῷ
597 546 787 602 αἰφνιδίῳ
809 547 1127 601 καταπλαγέντες
1148 547 1274 602 ἀλκῆς
1290 545 1535 590 ἐπελάθοντο
1560 549 1624 590 καὶ
1647 553 1681 589 D

127 612 266 669 5πρὸς
285 614 416 670 φυγὴν
434 613 666 671 ἐτράποντο.
734 614 874 664 ἀδείας
904 609 975 657 οῧν
996 614 1238 671 δραξάμενοι
1266 617 1304 658 οἱ
1325 616 1436 666 ἐντὸς
1457 615 1631 668 ἅπαντες

160 681 326 738 ἐξῄεσάν
350 700 391 726 τε
411 685 478 725 καὶ
500 688 573 740 τῆς
599 681 697 725 ὅδοῦ
715 682 910 738 ἥπτοντο,
947 686 1003 734 εἷς
1023 682 1136 734 τάξιν
1157 686 1232 738 μὲν
1253 685 1303 740 δὴ
1328 683 1536 742 φάλαγγος
1553 703 1629 727 κα·-

158 750 419 805 θιστάμενοι,
453 753 677 809 ταχυτέραν
703 753 746 794 δὲ
768 751 796 807 ’ἢ
820 753 940 809 ἐχρῆν
959 752 1032 807 τὴν
1053 755 1218 810 πορείαν
1241 753 1483 808 ποιούμενοι.
1533 754 1627 796 ἀλλ’

160 820 198 861 οἱ
219 819 425 877 βάρβαροι
446 819 585 877 πόρρω
616 825 690 863 τοῦ
719 820 904 863 κινδύνου
931 820 1135 877 γενόμενοι
1166 822 1291 876 ἀλκῆς
1320 839 1360 864 τε
1391 817 1515 875 αὖθις
1536 822 1628 876 ἑμί-

158 906 308 943 μνηντο
342 891 410 931 καὶ
438 888 701 946 προύπεμπον
734 888 934 944 ἀλλήλους
962 888 1228 948 ὑποστρέφειν
1261 907 1302 932 τε
1327 893 1395 932 καὶ
1419 891 1523 933 κατὰ
1548 895 1628 933 τῶν

104 968 149 1002 10
160 959 340 1000 διωκτῶν
367 965 538 1015 χωρεῖν,
583 961 649 1001 καὶ
671 956 851 1013 μάλισθ’
873 958 934 1001 ὅτι
958 958 1096 1016 ἑώρων
1118 960 1165 1001 οὗ
1187 961 1347 1010 πλείους
1369 958 1396 1014 ἢ
1413 959 1538 1001 εἴκοσι
1559 958 1629 1000 ὅν-

157 1044 244 1076 τας.
313 1025 633 1085 ὑποστρέφοντες
655 1022 727 1070 οὗν
758 1032 932 1070 κυκλοῦν
955 1028 1104 1079 αὐτοὺς
1125 1027 1329 1071 ἔσπευδον.
1400 1028 1439 1069 οἱ
1462 1029 1506 1069 δὲ
1526 1044 1628 1084 προ-

157 1093 365 1151 τροπάδην
389 1095 602 1153 φεύγοντές
629 1113 671 1139 τε
698 1098 766 1139 καὶ
797 1094 1001 1148 ἀπιόντες,
1043 1099 1125 1140 ἐπεὶ
1158 1097 1274 1153 ἐγγὺς
1303 1101 1383 1139 τῶν
1409 1098 1521 1138 ἰδίων
1544 1096 1630 1151 ἐγέ-

156 1181 272 1206 νοντο
286 1197 300 1216 ,
335 1163 507 1220 ἐπῄεσαν
531 1160 655 1216 αὖθις
677 1168 842 1225 σφοδρᾷ
863 1171 914 1223 τῇ
935 1165 1067 1223 ῥύμῃ,
1111 1169 1178 1210 καὶ
1210 1165 1248 1207 οἶ
1277 1163 1484 1221 βάρβαροι
1509 1165 1629 1221 ἔφευ-

155 1249 239 1288 γον.
309 1228 433 1284 αὖθις
462 1228 571 1276 οὗτοι
603 1233 866 1291 ὑπέστρεφον,
942 1237 1009 1276 καὶ
1043 1233 1149 1277 οὕτω
1180 1234 1298 1290 μέχρι
1320 1237 1474 1275 πολλοῦ
1501 1232 1627 1289 ἀλλή-
1650 1239 1679 1274 Ρ
1704 1240 1749 1277 49

102 1310 145 1345 15
157 1305 239 1343 λων
274 1302 558 1363 ἀπεπειρῶντο,
628 1303 724 1345 ἀλλ’
761 1303 800 1344 οἱ
832 1306 1009 1360 Τοῦρκοι
1051 1302 1206 1353 πάντας
1249 1303 1408 1358 ὀλίγους
1444 1300 1628 1359 ὁρῶντες,

156 1375 267 1427 σφᾶς
291 1371 334 1413 δὲ
358 1372 688 1421 πολλαπλασίους
713 1366 783 1428 (ἦν
803 1371 880 1428 γὰρ
904 1370 970 1414 ναὶ
989 1372 1035 1416 τὸ
1059 1374 1115 1422 εἷς
1139 1370 1347 1430 φάλαγγος
1368 1369 1482 1421 τάξιν
1502 1375 1628 1413 καθι-

155 1437 355 1492 στάμενον
376 1441 507 1481 ἐνδέον
530 1440 679 1482 ἱππέων
700 1439 989 1495 πεντήκοντα),
1024 1439 1193 1493 τούτους
1217 1441 1383 1496 ἀφέντες
1404 1441 1499 1482 κατ’
1527 1442 1628 1482 ἐκεί-

154 1523 243 1549 νων·
275 1507 474 1564 ἐχώρουν,
522 1510 591 1551 καὶ
620 1509 875 1567 βαρβαρικὸν
909 1508 1182 1560 ἀλαλάξαντες
1219 1507 1437 1563 ἓξήλαυνόν
1477 1526 1520 1550 τε
1546 1511 1628 1551 ’καὶ

154 1575 395 1631 τοξεύμασιν
417 1576 601 1631 ἔβαλλον.
672 1580 872 1628 δείσαντες
906 1573 977 1620 οὖν
1003 1579 1077 1632 τὴν
1105 1576 1218 1628 τάξιν
1251 1575 1428 1620 διαλύειν
1453 1574 1563 1627 εῗξάν
1584 1595 1626 1620 τε
1651 1627 1654 1629 ,

99 1646 224 1688 Quam}
246 1646 348 1703 πρὸς
370 1646 502 1703 φυγὴν
524 1645 716 1701 ἐξώρμων
739 1646 841 1702 ἤδη,
890 1649 957 1690 καὶ
989 1646 1150 1696 πάντως
1184 1645 1394 1692 ἀπώλοντο
1430 1645 1478 1687 ἂν
1510 1648 1544 1688 εἰ
1567 1645 1626 1701 μὴ

153 1716 307 1768 ταχέως
341 1714 468 1772 ἄμφω
501 1715 558 1757 τώ
591 1715 755 1772 ἀδελφὼ
790 1716 860 1766 ξὺν
893 1716 1040 1772 ὀλίγοις
1072 1713 1400 1772 καταδραμόντες
1421 1713 1626 1768 ἐβοήθουν

247 1799 280 1833 5.
298 1797 418 1843 ἐντὸς]
442 1800 497 1834 Ita
518 1801 560 1835 P.
583 1811 648 1846 pro
664 1798 783 1841 ἐκτός.
854 1802 907 1835 12.
927 1798 1116 1845 ᾇπιόντες]
1140 1801 1185 1837 V.
1207 1798 1388 1839 ἐπιόντες.
1460 1800 1513 1835 15.
1530 1797 1625 1833 πάν-

246 1845 335 1925 ἒᾱςλ]
366 1843 498 1882 πείνυὶν
667 1847 725 1886 16.
746 1844 790 1882 τὸ
816 1846 891 1891 εἰς]
923 1847 968 1882 V.
993 1847 1045 1887 εἰς
1065 1845 1124 1886 τό,
1231 1849 1233 1853 ⁴
1280 1847 1335 1885 19,
1359 1843 1548 1889 διαλύειν]
1583 1846 1626 1881 P.

272 1903 304 1925 ιδ
326 1902 406 1925 vov-

250 1961 304 1994 11.
351 1959 449 1994 Haec
474 1959 561 1993 dixit
588 1963 625 1994 et
652 1958 821 2006 probavit.
869 1959 1023 1995 omnibus
1051 1959 1260 2005 singulisque
1281 1970 1343 2014 pro
1365 1971 1404 1994 se
1426 1971 1560 2005 quoque
1581 1958 1625 1994 ad

157 2006 275 2051 partes
299 2004 363 2039 sibi
387 2005 578 2050 descriptas
604 2006 775 2048 euntibus,
807 2005 863 2039 alii
879 2010 971 2039 tecto
989 2017 1172 2043 conscenso
1187 2006 1269 2040 iude
1282 2006 1539 2048 iaculabantur,
1571 2005 1627 2042 alii

155 2051 266 2097 portis
292 2051 475 2096 patefactis
498 2051 625 2095 ingenti
650 2051 686 2085 vi
711 2055 833 2087 contra
848 2052 963 2085 hostes
978 2052 1198 2094 ferebantur,
1228 2051 1287 2097 qui
1303 2063 1344 2085 eo
1361 2052 1493 2096 gemino
1509 2052 1625 2086 subito

156 2097 294 2130 admoto
311 2097 457 2142 perculsi
472 2102 564 2130 metu
580 2097 709 2131 ferocia
725 2097 849 2131 omissa
861 2097 897 2132 in
913 2098 1028 2141 fugam
1043 2097 1134 2131 versi
1149 2101 1238 2134 sunt.
1269 2098 1360 2134 unde
1373 2098 1515 2131 audacia
1531 2109 1625 2131 sum:-

155 2149 218 2190 pta
241 2143 299 2187 qui
325 2148 422 2177 erant
443 2143 534 2176 intus
558 2143 715 2176 exierunt
733 2143 885 2176 universi
911 2143 1068 2188 viamque
1081 2143 1226 2177 inierunt
1240 2143 1275 2177 in
1293 2144 1432 2178 formam
1448 2144 1626 2188 phalangis

154 2188 347 2222 militariter
362 2189 542 2230 instructi,
575 2189 638 2222 nisi
660 2188 751 2234 quod
775 2188 992 2223 festinantius
1017 2186 1222 2227 incedebant
1242 2189 1344 2234 paulo
1354 2216 1364 2232 ,
1396 2201 1496 2234 quam
1520 2189 1624 2223 disci-

154 2234 267 2289 plinae
283 2246 324 2268 ac
338 2235 480 2281 periculi
494 2245 575 2273 usus
591 2235 766 2279 poscebat,
815 2239 965 2273 ceterum
990 2234 1024 2268 in
1051 2239 1157 2268 tutum
1183 2235 1339 2269 subducti
1356 2236 1493 2269 barbari
1509 2236 1625 2279 fugam

115 2278 119 2285 “
154 2281 358 2316 mcusabant
377 2292 472 2318 suam
498 2286 681 2329 mutuoque
696 2292 735 2314 se
748 2280 919 2319 adhortati
935 2286 974 2314 ut
987 2280 1197 2315 insecutores
1212 2293 1289 2315 suos
1304 2281 1448 2314 vicissim
1464 2282 1624 2325 inseque„

155 2330 274 2360 rentur
286 2327 443 2360 feruntur
457 2327 491 2360 in
506 2331 640 2360 nostros
656 2337 774 2360 rursus
787 2352 798 2368 ‚
827 2330 864 2360 et
889 2326 980 2371 quod
1004 2338 1064 2360 eos
1087 2338 1154 2360 non
1169 2326 1283 2371 plures
1297 2327 1419 2371 viginti
1435 2338 1511 2361 esse
1527 2327 1624 2360 vide—

154 2372 258 2414 bant,
289 2372 532 2407 circumvenire
546 2377 650 2417 atque
665 2371 754 2407 omni
772 2383 815 2410 ex
830 2377 929 2418 parte
944 2372 1102 2409 claudere
1118 2373 1341 2406 conabantur.
1386 2373 1434 2406 im
1450 2373 1623 2406 concitato

156 2429 257 2452 cursu
273 2419 358 2462 fuga
370 2429 492 2452 versus
507 2430 642 2451 suorum
659 2418 858 2462 phalangem
872 2418 956 2453 inita
971 2418 1066 2452 simul
1082 2430 1123 2452 eo
1141 2421 1369 2461 pervenerant
1386 2418 1529 2455 collecta
1543 2429 1622 2451 rur÷

155 2474 214 2497 sus
239 2475 339 2499 manu
363 2464 542 2509 versisque
565 2463 716 2497 animose
736 2463 903 2498 frontibus
924 2464 960 2498 in
974 2463 1110 2498 'rurcos
1131 2465 1249 2507 ibant,
1281 2463 1522 2508 fugiebantque
1543 2474 1622 2497 mox

154 2509 311 2552 barbari,
341 2510 452 2555 quoad
477 2510 546 2543 suis
572 2512 608 2546 et
633 2508 701 2555 ipsi
726 2509 822 2549 mixti
844 2521 977 2549 rursum
999 2510 1161 2544 cedentes
1188 2517 1351 2553 urgerent
1366 2515 1512 2544 nostros.
1559 2521 1623 2554 per

155 2554 221 2589 bas
233 2556 400 2600 sequendi·
422 2556 642 2601 fugiendique
655 2555 750 2591 vices
765 2567 839 2590 cum
855 2556 992 2591 multum
1010 2560 1101 2589 esset
1114 2555 1217 2600 spatii
1233 2555 1423 2589 confectum
1438 2555 1546 2591 Turni
1561 2567 1623 2589 ae-

156 2601 291 2642 stimato
317 2602 509 2646 diligentius
535 2602 641 2636 totius
666 2606 852 2635 nostrorum
876 2601 1018 2646 agminis
1040 2612 1177 2638 numero
1191 2626 1202 2643 ‚
1236 2612 1310 2634 cum
1336 2612 1375 2634 se
1389 2601 1491 2646 longe
1507 2602 1622 2647 plures

157 2657 234 2679 esse
248 2647 564 2686 animadvertissent
580 2649 674 2692 (nam
689 2648 789 2681 turba
802 2647 861 2681 iila
876 2659 963 2692 quae
977 2647 1153 2693 phalangis
1168 2647 1347 2681 exhibebat
1361 2648 1506 2693 speciem
1523 2647 1621 2692 quin-

157 2691 319 2737 quaginta
327 2693 474 2738 equitum
491 2701 650 2732 summam
666 2705 733 2731 non
749 2693 940 2739 explebat),
955 2693 1083 2729 omissis
1097 2692 1136 2726 iis
1152 2696 1274 2727 contra
1288 2703 1374 2738 quos
1386 2705 1429 2727 ne
1441 2694 1621 2738 quidquam

156 2738 321 2771 hactenus
337 2739 466 2773 velitati
482 2745 596 2782 erant,
625 2740 660 2773 in
683 2740 884 2784 phalangem
907 2740 1015 2785 ipsam
1037 2750 1159 2782 magno
1176 2738 1306 2786 impetu
1330 2741 1527 2784 magnisque
1551 2739 1621 2772 cla-

156 2783 305 2817 moribus
320 2795 361 2817 ac
375 2784 478 2822 densa.
491 2786 693 2830 sagittarum
704 2785 904 2824 immissione
917 2786 1085 2820 feruntur.
1131 2784 1186 2820 hic
1200 2784 1309 2819 nostri
1323 2786 1480 2820 servandi
1496 2784 1622 2818 ordinis

159 2840 242 2862 cura
256 2833 348 2863 metu
364 2830 485 2869 omissa,
495 2859 506 2875 ‚
537 2832 705 2867 cedebant
726 2831 791 2866 iam
813 2831 901 2868 baud
917 2831 1019 2865 dubie
1033 2831 1067 2867 in
1083 2831 1266 2876 fugamque
1281 2842 1355 2866 cum
1370 2835 1464 2865 certa
1479 2830 1621 2864 omnium

160 2874 309 2920 pernicie
324 2877 528 2922 vergebant,
543 2878 606 2917 uisi
620 2877 778 2915 celeriter
791 2878 888 2916 ambo
903 2878 1029 2918 fratres
1045 2888 1120 2915 cum
1134 2877 1250 2924 paucis
1265 2881 1481 2912 accurrentes
1495 2885 1621 2921 oppor-
