1878 3262
241 216 339 263 288
718 213 943 260 IOANNIS
977 215 1204 261 CINNAMI
1230 228 1233 230 ·

242 329 312 387 ἐφ’
340 325 399 378 οἶς
422 326 616 383 οῗκτείρας
637 325 758 369 αὐτὸν
780 326 909 384 ἀφῆκε
934 326 979 370 τὸ
1005 326 1192 383 ἔγκλημα.
1257 334 1384 374 ταῦτα
1404 331 1687 389 κατωρθωκὼς

241 396 430 451 βασιλεὺς
451 394 552 452 ἐξῄει
577 400 648 450 τῆς
673 399 868 451 Σερβικῆς
881 428 893 448 ,
919 394 1107 450 ἑπόμενον
1130 397 1240 453 αὐτῷ
1263 401 1328 440 καὶ
1351 400 1419 442 τὸν
1439 399 1686 456 ἀρχιζουπά-

241 477 309 507 νον
332 464 444 517 ἔχων.
514 463 577 506 ὅτε
613 464 663 518 δὴ
694 466 761 506 καὶ
790 463 968 521 Ἀαρών,
1004 459 1051 506 οὗ
1087 469 1218 524 μικρῷ
1252 464 1429 523 πρόσθεν
1462 466 1682 523 ἐμνήσθην,

241 532 309 589 ἐφ’
329 529 398 581 ,οἷς
424 531 575 588 εἴρηται
597 530 718 582 ἁλοὺς
740 531 901 587 ἐξεκόπη
921 533 992 582 τὰς
1016 531 1143 587 ὄψεις.

382 599 455 643 12.
525 600 592 642 Τὰ
614 601 687 654 μὲν
713 601 762 655 δὴ
789 601 892 643 κατὰ
910 602 981 655 τὴν
999 600 1168 656 ἑσπέραν
1187 599 1313 651 οὕτως
1333 601 1519 658 ἐφέροντο
1526 635 1539 655 ,
1568 603 1714 646 Molas

191 676 222 711 C
246 668 287 710 δὲ
309 666 447 710 ὤδινεν
470 662 604 718 αὖθις.
672 671 879 725 Νουραδὶν
902 669 979 726 γὰρ
1001 673 1074 711 τοῦ
1096 671 1333 726 Βερροιαίου
1357 669 1585 726 σατράπου,
1614 674 1683 714 καὶ

239 741 315 778 τοῦ
338 737 575 786 Λυκαονίας
600 735 904 792 ἡγεμονεύοντος
931 736 1126 789 σουλτάν,
1173 739 1332 780 Meum>
1365 755 1406 780 τε
1437 742 1509 780 τοῦ
1539 739 1684 796 Ἀρμε-

239 806 334 847 νίων
357 803 568 856 δυνάστου,
594 807 659 847 καὶ
684 810 756 847 τοῦ
774 807 1024 861 Ἀγκυρανιῦν
1047 805 1236 861 ἄρχοντος
1254 804 1323 860 τῆς
1343 823 1384 848 τε
1403 805 1527 861 ἄλλης
1543 808 1584 847 Γ
1581 811 1683 849 αλα-

239 878 351 928 τικῆς
374 874 414 923 ἒς
435 873 556 915 ταῦτὸ
579 872 851 925 πνευσάντων,
888 874 956 931 ἐφ’
984 868 1017 931 ᾧ
1038 874 1140 916 κατὰ
1154 873 1361 927 Ῥωμαίων
1390 873 1683 931 στρατεύσειαν.

241 942 299 984 δι’
339 940 365 983 ιῖ
399 941 587 995 βασιλεὺς
620 943 797 983 ἐνταῦθα
836 944 991 998 σπουδῇ
1023 943 1064 983 ἐκ
1096 947 1167 996 τῆς
1197 941 1365 998 ἑσπέρας
1397 944 1529 998 διέβη·
1560 945 1626 985 καὶ
1657 941 1739 985 ὅ10

238 1010 312 1064 μὲν
349 1011 441 1065 περί
471 1027 546 1051 που
582 1010 653 1064 τὴν
679 1011 935 1066 Φιλαδέλφου
969 1009 1231 1063 αὐλισάμενος
1258 1010 1358 1067 πρὸς
1384 1009 1538 1060 τούτοις
1556 1010 1682 1065 ἠσχό-

239 1082 355 1132 λητο,
373 1078 589 1131 Ἀλαμανοὶ
604 1079 724 1119 δὲκαὶ
750 1079 952 1120 Οὐέννετοι
978 1079 1038 1119 ἐπὶ
1054 1079 1230 1134 Ἀγκῶνα
1254 1079 1290 1120 οἳ
1316 1079 1388 1132 μὲν
1415 1079 1492 1121 ἀπὸ
1518 1078 1682 1121 θαλάσ-

239 1162 314 1200 σης
350 1146 388 1187 οἳ
427 1147 468 1188 δὲ
492 1144 689 1202 ἧπειρώτῃ
716 1151 875 1203 στρατῷ
895 1146 1220 1202 πολιορκήσοντες
1243 1141 1385 1201 ἦλθον.
1453 1146 1682 1203 ἐστρατήγει

240 1216 283 1256 δὲ
302 1215 537 1267 Ἀλαμανῶν
562 1218 641 1255 τῶν
668 1232 728 1264 τις
753 1215 853 1271 παρ’
883 1215 1018 1264 αὐτοῖς
1040 1215 1233 1270 ἱερατικὸν
1254 1213 1404 1271 θρόνον
1425 1214 1682 1268 κοσμούντων

236 1283 407 1338 ἀνδρῶν.
468 1280 617 1338 χρόνου
652 1284 782 1324 τοίνυν
814 1286 864 1338 τῇ
895 1285 1131 1340 προσεδρείᾳ
1157 1283 1375 1338 τριβέντος,
1410 1282 1460 1324 τά
1486 1300 1526 1325 τε
1554 1283 1677 1338 ἀναγ-
1691 1289 1734 1326 15

236 1358 331 1392 καῖα
356 1351 607 1406 Ἀγκωνίταις
641 1352 874 1392 ἐπιλελοίπει
888 1383 900 1401 ,
935 1353 1000 1392 καὶ
1027 1349 1052 1404 ἡ
1079 1349 1191 1400 πόλις
1217 1349 1310 1392 ὅσον
1332 1351 1402 1392 οὒκ
1427 1351 1504 1405 ἤδη
1528 1349 1679 1393 ἁλῶναι

181 1424 214 1460 1)
237 1417 558 1475 προσδοκήσιμος
583 1413 643 1473 ἦν.
709 1413 758 1474 ἦν
794 1419 840 1460 δέ
872 1437 931 1468 τις
955 1417 1076 1474 γυνή,
1105 1418 1237 1473 Ἰταλὴ
1261 1419 1333 1472 μὲν
1357 1419 1402 1461 τὸ
1426 1420 1535 1474 γένος
1553 1436 1679 1474 μεγα-

218 1486 398 1544 λόφρων
436 1488 478 1529 δὲ
504 1488 610 1543 εἴπερ
641 1505 701 1537 τις
732 1489 797 1529 καὶ
825 1487 1052 1543 ἀρρενωπὸς
1075 1486 1276 1541 μάλιστα,
1311 1486 1444 1541 ἐπειδή
1467 1504 1508 1529 τε
1535 1486 1680 1543 ἀνδρὸς

233 1554 357 1597 πάλαι
381 1557 610 1611 χηρωθειή,
653 1556 901 1611 σωφρονικὸν
924 1557 964 1605 ἒξ
990 1557 1136 1597 ἐκείνου
1159 1555 1228 1596 τὸν
1251 1556 1340 1608 βίον
1366 1554 1505 1611 ἐτήρει.
1575 1554 1676 1609 αὕτη

233 1623 366 1678 ἐπειδὴ
397 1623 448 1665 τὰ
473 1624 573 1665 κατὰ
596 1622 664 1665 τὸν
683 1624 859 1678 Ἀγκῶνα
884 1622 1054 1665 ἐπύθετο
1081 1625 1146 1664 καὶ
1169 1621 1223 1672 ὡς
1245 1625 1286 1664 ἐν
1307 1621 1489 1676 ἐσχάτοις
1513 1622 1571 1677 εἴη
1595 1629 1676 1673 τοῖς
1687 1629 1733 1664 20

231 1699 392 1743 κακοῖς,
427 1690 529 1748 ζήλῳ
555 1694 901 1748 διαθερμανθεῖσα
937 1690 1152 1747 (ἐτύγχανε
1175 1691 1251 1747 γὰρ
1265 1689 1476 1744 Ῥωμαίοις
1500 1684 1678 1746 τηροῦᾶα

230 1760 276 1802 τὸ
301 1759 460 1817 φίλιον)
494 1760 669 1815 ἠπείγετο
708 1767 794 1810 ταῖς
826 1760 985 1801 οἴκοθεν
1016 1758 1212 1808 δαπάναις
1234 1763 1283 1815 τῇ
1304 1758 1415 1800 πόλει
1439 1760 1676 1814 ἐπαρκέσαι*

230 1828 288 1882 μὴ
324 1827 553 1870 παντάπασι
593 1829 635 1870 δὲ
673 1835 760 1878 ταῖς
796 1832 868 1870 τοῦ
898 1828 1070 1881 πολέμου
1103 1829 1256 1884 χρείαις
1288 1827 1478 1869 {nami-oa
1504 1826 1574 1880 ἥδε
1607 1829 1675 1869 καὶ

323 1914 357 1948 6.
381 1912 574 1956 Νουροιδὶν
596 1910 688 1956 γὰρ]
712 1908 781 1956 γοὶρ
803 1911 976 1945 delendum
1001 1911 1155 1957 videtur,
1185 1915 1335 1958 puncto,
1358 1911 1447 1958 quod
1471 1916 1551 1946 ante
1573 1912 1676 1947 Nov-

324 1959 431 2003 ραδὶν
451 1959 593 2002 legitur,
619 1959 742 1992 deleto.

234 2040 272 2062 se
286 2027 442 2073 principi,
466 2031 504 2060 ut
519 2026 606 2071 quod
623 2026 724 2059 vellet
739 2025 781 2059 de
795 2026 852 2060 illo
868 2028 1045 2060 statueret.
1094 2025 1212 2071 quibus
1227 2025 1283 2059 ille
1298 2028 1480 2060 commotus
1497 2024 1596 2058 errati
1614 2036 1674 2060 ve-

234 2074 320 2108 niam
343 2073 518 2106 concessit.
566 2072 615 2105 his
639 2083 801 2117 prospere
828 2073 990 2106 confectis
1014 2072 1196 2116 imperator
1221 2083 1262 2105 ex
1279 2072 1402 2106 Servia
1418 2071 1674 2115 subsequentem

233 2118 502 2162 Archizupanum
518 2118 644 2151 habens
660 2118 816 2151 excessit.
856 2129 921 2162 quo
938 2117 1037 2151 etiam
1053 2122 1203 2163 tempore
1218 2119 1348 2161 Aaron,
1374 2117 1464 2151 cuius
1479 2116 1577 2162 paulo
1593 2120 1674 2150 ante

233 2163 436 2200 meminimus
446 2189 456 2205 ‚
480 2164 523 2196 ob
540 2174 580 2196 ea
595 2174 682 2206 quae
696 2163 836 2196 diximus
851 2163 956 2197 oculis
972 2163 1129 2196 multatus
1143 2168 1205 2197 est.

324 2211 378 2244 12.
425 2209 477 2242 Ita
498 2208 689 2252 compositis
710 2209 742 2242 in
768 2209 955 2242 Occidente
975 2210 1074 2242 rebus
1091 2209 1169 2242 Asia
1184 2219 1310 2242 rursum
1326 2206 1405 2240 novi
1419 2205 1540 2251 aliquid
1556 2206 1673 2241 molita

233 2259 294 2290 est.
339 2254 535 2288 Nuradinus
563 2253 688 2299 quippe
712 2255 902 2288 Berrhoeae
931 2259 1086 2299 satrapa,
1121 2254 1316 2299 Lycaoniae
1337 2253 1515 2294 Summus,
1551 2251 1673 2288 Melias

231 2300 461 2336 Armeniorum
500 2299 667 2341 dominus„
704 2304 739 2333 et
768 2301 1019 2343 Ancyranorum
1053 2300 1258 2345 aliorumque
1283 2298 1440 2332 Galatiae
1471 2296 1672 2342 oppidorum

231 2346 398 2392 princeps,
420 2346 514 2379 facta
527 2344 669 2378 invicem
684 2345 939 2389 conspiratione,
963 2345 1083 2379 bellum
1098 2346 1133 2379 in
1148 2346 1316 2379 Romanos
1332 2342 1482 2387 aggressi
1497 2343 1583 2376 sunt.
1613 2354 1674 2376 ea·-

234 2396 381 2438 propter-
399 2391 503 2435 igitur
519 2402 561 2424 ex
578 2390 764 2424 Occidente
790 2390 972 2435 imperator
996 2396 1066 2425 tum
1089 2391 1208 2433 movit,
1233 2389 1416 2433 castrisque
1437 2388 1479 2421 ad
1501 2388 1672 2422 Philadel-

233 2438 344 2483 phiam
359 2437 496 2482 positis,
521 2437 624 2470 rebus
638 2436 713 2469 istis
731 2436 869 2469 animum
887 2436 1049 2470 adiunxit.
1097 2435 1265 2470 Alemanni
1280 2435 1407 2468 interea
1421 2438 1457 2467 et
1475 2433 1613 2476 Veneti,
1638 2434 1670 2468 hi

230 2483 314 2518 mari
336 2483 384 2517 illi
404 2482 623 2516 terrestribus
650 2481 757 2526 copiis
770 2481 823 2515 ad
842 2482 1095 2526 oppugnandam
1110 2483 1280 2516 Anconam
1293 2483 1476 2513 venerunt:
1498 2485 1671 2524 praeerat-

231 2540 296 2573 que
311 2528 502 2562 Alemannis
517 2527 647 2573 quidam
664 2527 846 2572 episcopali
861 2528 949 2572 apud
963 2527 1040 2561 illos
1057 2528 1200 2572 fungens
1214 2525 1387 2570 dignitate.
1431 2524 1535 2559 multo
1555 2525 1670 2570 itaque

230 2574 266 2608 in
288 2575 379 2608 urbis
401 2573 574 2607 obsidione
592 2573 759 2618 insumpto
782 2579 951 2618 tempore,
975 2584 1126 2607 annonae
1140 2583 1314 2616 rerumque
1329 2575 1513 2604 ceterarum
1531 2571 1670 2615 penun'a

229 2619 459 2654 laborantibus
474 2618 691 2653 Anconitanis
715 2618 778 2652 iam
794 2630 902 2663 prope
918 2623 992 2652 erat
1008 2623 1046 2652 ut
1060 2620 1137 2652 urbs
1152 2622 1339 2672 caperetur.
1383 2616 1441 2650 sed
1453 2616 1538 2649 enim
1555 2616 1671 2651 mulier

231 2665 416 2710 quaedam,
439 2665 575 2699 natione
589 2664 720 2708 quidem
735 2664 839 2706 Itala,
861 2656 1006 2708 ingentis
1031 2664 1148 2706 animi,
1172 2675 1202 2697 si
1223 2673 1310 2707 quae
1330 2661 1413 2704 alia,
1439 2666 1474 2695 et
1490 2661 1592 2695 virilis
1607 2673 1669 2696 au·

233 2711 369 2753 daciae,
392 2721 478 2755 quae
495 2710 610 2744 marito
626 2711 746 2743 orbata
761 2714 885 2743 castam
901 2709 1055 2754 deinceps
1073 2711 1173 2743 vitam
1189 2712 1402 2749 servaverat,
1427 2707 1482 2741 ubi
1498 2718 1584 2752 quae
1601 2711 1669 2742 An-

233 2767 339 2791 eonae
352 2757 574 2800 gerebantur,
598 2760 634 2788 et
658 2760 695 2788 ut
719 2756 754 2788 in
778 2755 926 2789 ultimum
947 2754 1138 2788 devenisset
1151 2753 1344 2794 discrimen,
1366 2753 1523 2796 rescivit,
1546 2753 1669 2788 ardore

234 2813 358 2836 summo
373 2801 577 2836 inflammata
593 2802 686 2845 (erat
700 2801 785 2835 enim
799 2800 949 2845 partibus
966 2799 1188 2834 Romanorum
1204 2798 1353 2841 addicta)
1373 2798 1511 2843 privatis
1525 2798 1668 2844 sumpti·-

232 2849 296 2884 bus
311 2847 386 2883 urbi
399 2846 579 2883 subvenire
589 2845 746 2881 instituit.
791 2845 853 2880 sed
867 2856 941 2880 cum
955 2844 978 2878 ii
993 2844 1124 2880 omnino
1141 2845 1176 2878 in
1191 2844 1270 2879 belli
1285 2855 1364 2878 usus
1378 2855 1444 2878 non
1459 2845 1666 2887 sufficerent,
