<?xml version="1.0" encoding="UTF-8"?>
<!DOCTYPE html PUBLIC "-//W3C//DTD XHTML 1.0 Transitional//EN"
    "http://www.w3.org/TR/xhtml1/DTD/xhtml1-transitional.dtd">
<html xmlns="http://www.w3.org/1999/xhtml" xml:lang="en" lang="en">
 <head>
  <title>
</title>
<meta http-equiv="Content-Type" content="text/html;charset=utf-8" />
  <meta name='ocr-system' content='tesseract 3.04.00' />
  <meta name='ocr-capabilities' content='ocr_page ocr_carea ocr_par ocr_line ocrx_word'/>
</head>
<body>
  <div class='ocr_page' id='page_1' title='image "./corpusscriptorum26niebuoft_0230.png"; bbox 0 0 1878 3262; ppageno 0'>
   <div class='ocr_carea' id='block_1_1' title="bbox 240 234 1222 288">
    <p class='ocr_par' dir='ltr' id='par_1_1' title="bbox 240 234 1222 288">
     <span class='ocr_line' id='line_1_1' title="bbox 240 234 1222 288; baseline -0.008 0"><span class='ocrx_word' id='word_1_1' title='bbox 240 235 335 288; x_wconf 82' lang='lat'>198</span> <span class='ocrx_word' id='word_1_2' title='bbox 726 236 954 281; x_wconf 87' lang='lat' dir='ltr'><strong>IOANNIS</strong></span> <span class='ocrx_word' id='word_1_3' title='bbox 989 234 1222 281; x_wconf 80' lang='lat' dir='ltr'><strong>CINNAMI</strong></span> 
     </span>
    </p>
   </div>
   <div class='ocr_carea' id='block_1_2' title="bbox 101 347 1775 1846">
    <p class='ocr_par' dir='ltr' id='par_1_2' title="bbox 189 347 1771 1230">
     <span class='ocr_line' id='line_1_2' title="bbox 234 347 1708 412; baseline -0.003 -14"><span class='ocrx_word' id='word_1_4' title='bbox 234 353 377 412; x_wconf 83' lang='grc' dir='ltr'><em>θυφίει</em></span> <span class='ocrx_word' id='word_1_5' title='bbox 411 348 615 407; x_wconf 73' lang='grc' dir='ltr'><em>λήματος,</em></span> <span class='ocrx_word' id='word_1_6' title='bbox 652 349 757 394; x_wconf 78' lang='grc' dir='ltr'><em>ἀλλὰ</em></span> <span class='ocrx_word' id='word_1_7' title='bbox 792 351 861 394; x_wconf 85' lang='grc' dir='ltr'>καὶ</span> <span class='ocrx_word' id='word_1_8' title='bbox 885 349 956 393; x_wconf 84' lang='grc' dir='ltr'><em>τὸν</em></span> <span class='ocrx_word' id='word_1_9' title='bbox 980 349 1167 406; x_wconf 82' lang='grc' dir='ltr'><em>γαμβρὸν</em></span> <span class='ocrx_word' id='word_1_10' title='bbox 1191 349 1304 410; x_wconf 75' lang='grc' dir='ltr'>αῧτῷ</span> <span class='ocrx_word' id='word_1_11' title='bbox 1328 348 1547 409; x_wconf 80' lang='grc' dir='ltr'><em>προσιόντα</em></span> <span class='ocrx_word' id='word_1_12' title='bbox 1567 347 1708 394; x_wconf 70' lang='grc' dir='ltr'><em>Ἰωάν-</em></span> 
     </span>
     <span class='ocr_line' id='line_1_3' title="bbox 235 415 1710 478; baseline -0.001 -14"><span class='ocrx_word' id='word_1_13' title='bbox 235 441 332 478; x_wconf 75' lang='grc' dir='ltr'><em>νην,</em></span> <span class='ocrx_word' id='word_1_14' title='bbox 372 415 422 462; x_wconf 69' lang='grc' dir='ltr'>οὗ</span> <span class='ocrx_word' id='word_1_15' title='bbox 459 418 654 472; x_wconf 82' lang='grc' dir='ltr'><em>πολλάκις</em></span> <span class='ocrx_word' id='word_1_16' title='bbox 692 418 924 475; x_wconf 78' lang='grc' dir='ltr'><em>ἐμνήσθην,</em></span> <span class='ocrx_word' id='word_1_17' title='bbox 963 419 1037 474; x_wconf 85' lang='grc' dir='ltr'><em>τὴν</em></span> <span class='ocrx_word' id='word_1_18' title='bbox 1077 419 1229 462; x_wconf 79' lang='grc' dir='ltr'><em>ἀσπίδα</em></span> <span class='ocrx_word' id='word_1_19' title='bbox 1254 437 1296 463; x_wconf 86' lang='grc' dir='ltr'>τε</span> <span class='ocrx_word' id='word_1_20' title='bbox 1319 419 1564 477; x_wconf 78' lang='grc' dir='ltr'><em>προβάλλειν</em></span> <span class='ocrx_word' id='word_1_21' title='bbox 1598 419 1710 478; x_wconf 79' lang='grc' dir='ltr'><em>αὐτῷ</em></span> 
     </span>
     <span class='ocr_line' id='line_1_4' title="bbox 236 486 1706 547; baseline -0.001 -15"><span class='ocrx_word' id='word_1_22' title='bbox 236 489 597 547; x_wconf 82' lang='grc' dir='ltr'><em>προτεθυμημένον</em></span> <span class='ocrx_word' id='word_1_23' title='bbox 633 488 774 546; x_wconf 64' lang='grc' dir='ltr'><em>(ἔτυχε</em></span> <span class='ocrx_word' id='word_1_24' title='bbox 798 489 875 546; x_wconf 80' lang='grc' dir='ltr'>γὰρ</span> <span class='ocrx_word' id='word_1_25' title='bbox 903 486 1153 545; x_wconf 81' lang='grc' dir='ltr'><em>ὅπλοφορίας</em></span> <span class='ocrx_word' id='word_1_26' title='bbox 1178 487 1272 531; x_wconf 79' lang='grc' dir='ltr'><em>ἄνευ</em></span> <span class='ocrx_word' id='word_1_27' title='bbox 1297 493 1356 546; x_wconf 77' lang='grc' dir='ltr'><em>τῷ</em></span> <span class='ocrx_word' id='word_1_28' title='bbox 1380 493 1597 544; x_wconf 84' lang='grc' dir='ltr'><em>τηνικαῦτα</em></span> <span class='ocrx_word' id='word_1_29' title='bbox 1624 488 1706 542; x_wconf 81' lang='grc' dir='ltr'>ὢν)</span> 
     </span>
     <span class='ocr_line' id='line_1_5' title="bbox 235 555 1709 613; baseline -0.001 -12"><span class='ocrx_word' id='word_1_30' title='bbox 235 558 532 613; x_wconf 82' lang='grc' dir='ltr'><em>ἀπεπέμψατο,</em></span> <span class='ocrx_word' id='word_1_31' title='bbox 569 556 779 613; x_wconf 82' lang='grc' dir='ltr'><em>ἀμήχανον</em></span> <span class='ocrx_word' id='word_1_32' title='bbox 816 555 914 600; x_wconf 78' lang='grc' dir='ltr'><em>εἶναι</em></span> <span class='ocrx_word' id='word_1_33' title='bbox 950 556 1071 599; x_wconf 80' lang='grc' dir='ltr'><em>εῗπιὺν</em></span> <span class='ocrx_word' id='word_1_34' title='bbox 1108 557 1261 599; x_wconf 79' lang='grc' dir='ltr'><em>ἀσπίδα</em></span> <span class='ocrx_word' id='word_1_35' title='bbox 1299 558 1398 611; x_wconf 88' lang='grc' dir='ltr'><em>μίαν</em></span> <span class='ocrx_word' id='word_1_36' title='bbox 1429 559 1535 600; x_wconf 78' lang='grc' dir='ltr'><em>δυεῖν</em></span> <span class='ocrx_word' id='word_1_37' title='bbox 1573 562 1709 607; x_wconf 76' lang='grc' dir='ltr'><em>καλῶς</em></span> 
     </span>
     <span class='ocr_line' id='line_1_6' title="bbox 235 623 1742 685; baseline 0.001 -15"><span class='ocrx_word' id='word_1_38' title='bbox 235 629 494 685; x_wconf 85' lang='grc' dir='ltr'><em>προασπίζειν</em></span> <span class='ocrx_word' id='word_1_39' title='bbox 521 626 738 681; x_wconf 82' lang='grc' dir='ltr'><em>σωμάτοιν.</em></span> <span class='ocrx_word' id='word_1_40' title='bbox 805 627 848 669; x_wconf 86' lang='grc' dir='ltr'>ἐν</span> <span class='ocrx_word' id='word_1_41' title='bbox 872 623 1092 683; x_wconf 79' lang='grc' dir='ltr'><em>τηλικαύτῃ</em></span> <span class='ocrx_word' id='word_1_42' title='bbox 1120 627 1330 685; x_wconf 70' lang='grc' dir='ltr'><em>δυσχερείᾳ</em></span> <span class='ocrx_word' id='word_1_43' title='bbox 1354 624 1424 668; x_wconf 85' lang='grc' dir='ltr'><em>τὸν</em></span> <span class='ocrx_word' id='word_1_44' title='bbox 1444 630 1580 683; x_wconf 80' lang='grc' dir='ltr'><em>χῶρον</em></span> <span class='ocrx_word' id='word_1_45' title='bbox 1604 627 1742 672; x_wconf 79' lang='grc' dir='ltr'><em>ἐκεῖ-5</em></span> 
     </span>
     <span class='ocr_line' id='line_1_7' title="bbox 236 693 1710 752; baseline 0 -14"><span class='ocrx_word' id='word_1_46' title='bbox 236 713 307 738; x_wconf 77' lang='grc' dir='ltr'>νον</span> <span class='ocrx_word' id='word_1_47' title='bbox 334 694 562 746; x_wconf 68' lang='grc' dir='ltr'><em>διελθόντες</em></span> <span class='ocrx_word' id='word_1_48' title='bbox 581 694 797 749; x_wconf 79' lang='grc' dir='ltr'><em>Ῥωμαῖοι,</em></span> <span class='ocrx_word' id='word_1_49' title='bbox 838 693 1049 751; x_wconf 76' lang='grc' dir='ltr'><em>ἐπειδήπερ</em></span> <span class='ocrx_word' id='word_1_50' title='bbox 1086 695 1128 737; x_wconf 84' lang='grc' dir='ltr'>ἐν</span> <span class='ocrx_word' id='word_1_51' title='bbox 1162 695 1388 752; x_wconf 78' lang='grc' dir='ltr'><em>εὐρυτέροις</em></span> <span class='ocrx_word' id='word_1_52' title='bbox 1412 693 1491 749; x_wconf 77' lang='grc' dir='ltr'><em>ἤδη</em></span> <span class='ocrx_word' id='word_1_53' title='bbox 1518 694 1710 750; x_wconf 81' lang='grc' dir='ltr'><em>ἐγένοντο,</em></span> 
     </span>
     <span class='ocr_line' id='line_1_8' title="bbox 233 761 1712 821; baseline -0.001 -14"><span class='ocrx_word' id='word_1_54' title='bbox 233 766 371 807; x_wconf 71' lang='grc' dir='ltr'><em>ἵππων</em></span> <span class='ocrx_word' id='word_1_55' title='bbox 408 782 450 807; x_wconf 87' lang='grc' dir='ltr'>τε</span> <span class='ocrx_word' id='word_1_56' title='bbox 490 762 636 820; x_wconf 83' lang='grc' dir='ltr'><em>ἀρετὴν</em></span> <span class='ocrx_word' id='word_1_57' title='bbox 674 765 742 805; x_wconf 81' lang='grc' dir='ltr'>καὶ</span> <span class='ocrx_word' id='word_1_58' title='bbox 781 761 920 821; x_wconf 84' lang='grc' dir='ltr'><em>ῥώμην</em></span> <span class='ocrx_word' id='word_1_59' title='bbox 960 764 1120 820; x_wconf 82' lang='grc' dir='ltr'><em>ἀνδρῶν</em></span> <span class='ocrx_word' id='word_1_60' title='bbox 1159 764 1312 819; x_wconf 77' lang='grc' dir='ltr'><em>ἐλέγξαι</em></span> <span class='ocrx_word' id='word_1_61' title='bbox 1339 763 1600 817; x_wconf 77' lang='grc' dir='ltr'><em>δυναμένοις,</em></span> <span class='ocrx_word' id='word_1_62' title='bbox 1638 763 1712 819; x_wconf 82' lang='grc' dir='ltr'><em>τὴν</em></span> 
     </span>
     <span class='ocr_line' id='line_1_9' title="bbox 239 830 1714 886; baseline 0 -12"><span class='ocrx_word' id='word_1_63' title='bbox 239 831 422 875; x_wconf 83' lang='grc' dir='ltr'><em>ἐνυάλιον</em></span> <span class='ocrx_word' id='word_1_64' title='bbox 447 832 551 886; x_wconf 74' lang='grc' dir='ltr'><em>ἠχὴν</em></span> <span class='ocrx_word' id='word_1_65' title='bbox 578 830 852 883; x_wconf 80' lang='grc' dir='ltr'><em>ἀλαλάξαντες</em></span> <span class='ocrx_word' id='word_1_66' title='bbox 877 831 982 874; x_wconf 79' lang='grc' dir='ltr'><em>κατὰ</em></span> <span class='ocrx_word' id='word_1_67' title='bbox 1007 836 1088 874; x_wconf 84' lang='grc' dir='ltr'><em>τῶν</em></span> <span class='ocrx_word' id='word_1_68' title='bbox 1113 834 1314 886; x_wconf 88' lang='grc' dir='ltr'><em>πολεμίων</em></span> <span class='ocrx_word' id='word_1_69' title='bbox 1338 831 1412 882; x_wconf 77' lang='grc' dir='ltr'>τὰς</span> <span class='ocrx_word' id='word_1_70' title='bbox 1438 831 1590 886; x_wconf 76' lang='grc' dir='ltr'><em>αἰχμὰς</em></span> <span class='ocrx_word' id='word_1_71' title='bbox 1615 831 1714 874; x_wconf 74' lang='grc' dir='ltr'>ἰθυ-</span> 
     </span>
     <span class='ocr_line' id='line_1_10' title="bbox 189 898 1715 957; baseline 0.002 -17"><span class='ocrx_word' id='word_1_72' title='bbox 189 904 223 940; x_wconf 84' lang='lat' dir='ltr'>D</span> <span class='ocrx_word' id='word_1_73' title='bbox 244 918 338 952; x_wconf 90' lang='grc' dir='ltr'><em>ναν,</em></span> <span class='ocrx_word' id='word_1_74' title='bbox 365 898 616 957; x_wconf 83' lang='grc' dir='ltr'><em>τρεψάμενοί</em></span> <span class='ocrx_word' id='word_1_75' title='bbox 637 918 679 943; x_wconf 89' lang='grc' dir='ltr'>τε</span> <span class='ocrx_word' id='word_1_76' title='bbox 703 901 877 951; x_wconf 73' lang='grc' dir='ltr'><em>πολλοὺς</em></span> <span class='ocrx_word' id='word_1_77' title='bbox 902 900 1076 943; x_wconf 66' lang='grc' dir='ltr'><em>ἔκτειναν</em></span> <span class='ocrx_word' id='word_1_78' title='bbox 1101 903 1168 942; x_wconf 85' lang='grc' dir='ltr'>καὶ</span> <span class='ocrx_word' id='word_1_79' title='bbox 1191 904 1326 942; x_wconf 78' lang='grc' dir='ltr'><em>πᾶσαν</em></span> <span class='ocrx_word' id='word_1_80' title='bbox 1337 899 1387 955; x_wconf 75' lang='grc' dir='ltr'>ἢν</span> <span class='ocrx_word' id='word_1_81' title='bbox 1400 899 1589 956; x_wconf 79' lang='grc' dir='ltr'><em>ἐπήγοντο</em></span> <span class='ocrx_word' id='word_1_82' title='bbox 1603 901 1715 943; x_wconf 84' lang='grc' dir='ltr'><em>λείαν</em></span> 
     </span>
     <span class='ocr_line' id='line_1_11' title="bbox 239 967 1771 1026; baseline -0.001 -14"><span class='ocrx_word' id='word_1_83' title='bbox 239 967 498 1026; x_wconf 78' lang='grc' dir='ltr'><em>ἀνειληφότες</em></span> <span class='ocrx_word' id='word_1_84' title='bbox 524 968 797 1026; x_wconf 83' lang='grc' dir='ltr'><em>ἀνεχώρησαν.</em></span> <span class='ocrx_word' id='word_1_85' title='bbox 845 968 909 1011; x_wconf 82' lang='grc' dir='ltr'>ὅτε</span> <span class='ocrx_word' id='word_1_86' title='bbox 931 969 980 1024; x_wconf 85' lang='grc' dir='ltr'><em>δὴ</em></span> <span class='ocrx_word' id='word_1_87' title='bbox 995 973 1155 1012; x_wconf 80' lang='grc' dir='ltr'><em>πολλῶν</em></span> <span class='ocrx_word' id='word_1_88' title='bbox 1170 969 1596 1026; x_wconf 86' lang='grc' dir='ltr'><em>ἀνδραγαθησαμένων</em></span> <span class='ocrx_word' id='word_1_89' title='bbox 1609 968 1712 1011; x_wconf 84' lang='grc' dir='ltr'>πάν-</span> <span class='ocrx_word' id='word_1_90' title='bbox 1724 974 1771 1010; x_wconf 88' lang='grc'>10</span> 
     </span>
     <span class='ocr_line' id='line_1_12' title="bbox 239 1036 1717 1095; baseline 0 -15"><span class='ocrx_word' id='word_1_91' title='bbox 239 1055 315 1087; x_wconf 86' lang='grc' dir='ltr'>τας</span> <span class='ocrx_word' id='word_1_92' title='bbox 351 1037 542 1091; x_wconf 77' lang='grc' dir='ltr'><em>βασιλεὺς</em></span> <span class='ocrx_word' id='word_1_93' title='bbox 578 1036 788 1095; x_wconf 71' lang='grc' dir='ltr'><em>ὑπερῆρεν.</em></span> <span class='ocrx_word' id='word_1_94' title='bbox 857 1037 948 1080; x_wconf 77' lang='grc' dir='ltr'><em>οὕτε</em></span> <span class='ocrx_word' id='word_1_95' title='bbox 985 1038 1063 1095; x_wconf 81' lang='grc' dir='ltr'>γὰρ</span> <span class='ocrx_word' id='word_1_96' title='bbox 1105 1038 1235 1088; x_wconf 74' lang='grc' dir='ltr'><em>οὐδεὶς</em></span> <span class='ocrx_word' id='word_1_97' title='bbox 1260 1036 1455 1094; x_wconf 85' lang='grc' dir='ltr'><em>πρότερος</em></span> <span class='ocrx_word' id='word_1_98' title='bbox 1479 1038 1606 1080; x_wconf 72' lang='grc' dir='ltr'><em>αὐτοῦ’</em></span> <span class='ocrx_word' id='word_1_99' title='bbox 1630 1044 1717 1088; x_wconf 76' lang='grc' dir='ltr'><em>τοῖς</em></span> 
     </span>
     <span class='ocr_line' id='line_1_13' title="bbox 240 1103 1717 1164; baseline 0.001 -16"><span class='ocrx_word' id='word_1_100' title='bbox 240 1103 407 1162; x_wconf 66' lang='grc' dir='ltr'><em>ἴχθροις</em></span> <span class='ocrx_word' id='word_1_101' title='bbox 433 1104 655 1161; x_wconf 81' lang='grc' dir='ltr'><em>ξυνεπλάκη</em></span> <span class='ocrx_word' id='word_1_102' title='bbox 669 1139 682 1157; x_wconf 95' lang='grc'><em>,</em></span> <span class='ocrx_word' id='word_1_103' title='bbox 709 1108 778 1148; x_wconf 87' lang='grc' dir='ltr'>καὶ</span> <span class='ocrx_word' id='word_1_104' title='bbox 803 1104 1048 1160; x_wconf 78' lang='grc' dir='ltr'><em>τηλικούτων</em></span> <span class='ocrx_word' id='word_1_105' title='bbox 1074 1107 1205 1156; x_wconf 72' lang='grc' dir='ltr'><em>οὐδεὶς</em></span> <span class='ocrx_word' id='word_1_106' title='bbox 1231 1104 1415 1162; x_wconf 76' lang='grc' dir='ltr'><em>αὐτόχειρ</em></span> <span class='ocrx_word' id='word_1_107' title='bbox 1442 1107 1596 1162; x_wconf 82' lang='grc' dir='ltr'><em>γέγονεν</em></span> <span class='ocrx_word' id='word_1_108' title='bbox 1623 1106 1717 1164; x_wconf 83' lang='grc' dir='ltr'><em>ἀρι-</em></span> 
     </span>
     <span class='ocr_line' id='line_1_14' title="bbox 241 1169 1602 1230; baseline 0 -13"><span class='ocrx_word' id='word_1_109' title='bbox 241 1178 397 1217; x_wconf 81' lang='grc' dir='ltr'><em>στειῶν.</em></span> <span class='ocrx_word' id='word_1_110' title='bbox 465 1178 595 1216; x_wconf 81' lang='grc' dir='ltr'><em>ταῦτα</em></span> <span class='ocrx_word' id='word_1_111' title='bbox 621 1175 907 1230; x_wconf 79' lang='grc' dir='ltr'><em>κατωρθωκώς</em></span> <span class='ocrx_word' id='word_1_112' title='bbox 930 1176 1120 1228; x_wconf 81' lang='grc' dir='ltr'><em>βασιλεὺς</em></span> <span class='ocrx_word' id='word_1_113' title='bbox 1146 1176 1208 1217; x_wconf 82' lang='grc' dir='ltr'><em>ἐπὶ</em></span> <span class='ocrx_word' id='word_1_114' title='bbox 1235 1174 1458 1227; x_wconf 83' lang='grc' dir='ltr'><em>Βυζάντιον</em></span> <span class='ocrx_word' id='word_1_115' title='bbox 1482 1169 1602 1229; x_wconf 72' lang='grc' dir='ltr'><em>ἦλθε.</em></span> 
     </span>
    </p>

    <p class='ocr_par' dir='ltr' id='par_1_3' title="bbox 236 1238 1772 1440">
     <span class='ocr_line' id='line_1_15' title="bbox 381 1238 1718 1299; baseline 0 -14"><span class='ocrx_word' id='word_1_116' title='bbox 381 1238 460 1286; x_wconf 80' lang='lat'>24.</span> <span class='ocrx_word' id='word_1_117' title='bbox 528 1242 691 1299; x_wconf 78' lang='grc' dir='ltr'><em>Πέρσαι</em></span> <span class='ocrx_word' id='word_1_118' title='bbox 715 1243 761 1288; x_wconf 60' lang='grc' dir='ltr'>,δὲ</span> <span class='ocrx_word' id='word_1_119' title='bbox 787 1241 930 1285; x_wconf 77' lang='grc' dir='ltr'><em>ὤδινον</em></span> <span class='ocrx_word' id='word_1_120' title='bbox 955 1250 1039 1294; x_wconf 80' lang='grc' dir='ltr'><em>τοῖς</em></span> <span class='ocrx_word' id='word_1_121' title='bbox 1067 1245 1410 1298; x_wconf 78' lang='grc' dir='ltr'><em>συμπεσοῦσικαὶ</em></span> <span class='ocrx_word' id='word_1_122' title='bbox 1437 1241 1718 1298; x_wconf 78' lang='grc' dir='ltr'><em>ἀντιλυπήσειν</em></span> 
     </span>
     <span class='ocr_line' id='line_1_16' title="bbox 236 1307 1772 1368; baseline 0.001 -15"><span class='ocrx_word' id='word_1_123' title='bbox 236 1307 463 1364; x_wconf 84' lang='grc' dir='ltr'><em>Ῥωμαίους</em></span> <span class='ocrx_word' id='word_1_124' title='bbox 503 1312 747 1363; x_wconf 79' lang='grc' dir='ltr'><em>διενοοῦντο,</em></span> <span class='ocrx_word' id='word_1_125' title='bbox 787 1315 932 1368; x_wconf 82' lang='grc' dir='ltr'><em>καιροῦ</em></span> <span class='ocrx_word' id='word_1_126' title='bbox 964 1329 1006 1354; x_wconf 88' lang='grc' dir='ltr'>τε</span> <span class='ocrx_word' id='word_1_127' title='bbox 1042 1311 1259 1366; x_wconf 76' lang='grc' dir='ltr'><em>λαβόμενοι</em></span> <span class='ocrx_word' id='word_1_128' title='bbox 1269 1344 1283 1364; x_wconf 90' lang='grc'><em>,</em></span> <span class='ocrx_word' id='word_1_129' title='bbox 1326 1309 1507 1366; x_wconf 82' lang='grc' dir='ltr'><em>Φιλητάν</em></span> <span class='ocrx_word' id='word_1_130' title='bbox 1532 1329 1574 1354; x_wconf 86' lang='grc' dir='ltr'>τε</span> <span class='ocrx_word' id='word_1_131' title='bbox 1600 1309 1772 1355; x_wconf 83' lang='grc' dir='ltr'><em>πόλιν15</em></span> 
     </span>
     <span class='ocr_line' id='line_1_17' title="bbox 243 1376 1718 1440; baseline 0.002 -20"><span class='ocrx_word' id='word_1_132' title='bbox 243 1376 351 1436; x_wconf 66' lang='grc' dir='ltr'><em>ἑῴαν</em></span> <span class='ocrx_word' id='word_1_133' title='bbox 391 1377 620 1435; x_wconf 79' lang='grc' dir='ltr'><em>διήρπασαν</em></span> <span class='ocrx_word' id='word_1_134' title='bbox 659 1381 726 1421; x_wconf 82' lang='grc' dir='ltr'>καὶ</span> <span class='ocrx_word' id='word_1_135' title='bbox 765 1379 839 1434; x_wconf 76' lang='grc' dir='ltr'><em>τὴν</em></span> <span class='ocrx_word' id='word_1_136' title='bbox 878 1379 979 1436; x_wconf 88' lang='grc' dir='ltr'><em>πρὸς</em></span> <span class='ocrx_word' id='word_1_137' title='bbox 1017 1384 1068 1436; x_wconf 83' lang='grc' dir='ltr'><em>τῇ</em></span> <span class='ocrx_word' id='word_1_138' title='bbox 1105 1385 1232 1440; x_wconf 75' lang='grc' dir='ltr'><em>μικρᾷ</em></span> <span class='ocrx_word' id='word_1_139' title='bbox 1273 1381 1433 1439; x_wconf 71' lang='grc' dir='ltr'><em>Φρυγία</em></span> <span class='ocrx_word' id='word_1_140' title='bbox 1462 1381 1718 1423; x_wconf 84' lang='grc' dir='ltr'><em>Λαοδίκειαν</em></span> 
     </span>
    </p>

    <p class='ocr_par' dir='ltr' id='par_1_4' title="bbox 101 1445 1775 1846">
     <span class='ocr_line' id='line_1_18' title="bbox 101 1445 1720 1506; baseline 0.006 -24"><span class='ocrx_word' id='word_1_141' title='bbox 101 1446 131 1482; x_wconf 81' lang='grc' dir='ltr'>Ρ</span> <span class='ocrx_word' id='word_1_142' title='bbox 160 1449 227 1485; x_wconf 84' lang='grc'>116</span> <span class='ocrx_word' id='word_1_143' title='bbox 251 1445 442 1502; x_wconf 84' lang='grc' dir='ltr'><em>ἀδόκητοι</em></span> <span class='ocrx_word' id='word_1_144' title='bbox 469 1446 705 1499; x_wconf 72' lang='grc' dir='ltr'><em>ἐπελθόντες</em></span> <span class='ocrx_word' id='word_1_145' title='bbox 729 1452 862 1498; x_wconf 83' lang='grc' dir='ltr'><em>κακῶς</em></span> <span class='ocrx_word' id='word_1_146' title='bbox 888 1450 1089 1501; x_wconf 72' lang='grc' dir='ltr'><em>διέθεντο,</em></span> <span class='ocrx_word' id='word_1_147' title='bbox 1116 1449 1292 1499; x_wconf 78' lang='grc' dir='ltr'><em>πολλοὺς</em></span> <span class='ocrx_word' id='word_1_148' title='bbox 1316 1453 1395 1491; x_wconf 81' lang='grc' dir='ltr'><em>τῶν</em></span> <span class='ocrx_word' id='word_1_149' title='bbox 1409 1450 1609 1506; x_wconf 72' lang='grc' dir='ltr'><em>ἐγχωρίων</em></span> <span class='ocrx_word' id='word_1_150' title='bbox 1622 1446 1720 1492; x_wconf 82' lang='grc' dir='ltr'><em>στό-</em></span> 
     </span>
     <span class='ocr_line' id='line_1_19' title="bbox 244 1516 1719 1575; baseline 0.002 -18"><span class='ocrx_word' id='word_1_151' title='bbox 244 1533 344 1571; x_wconf 90' lang='grc' dir='ltr'><em>ματι</em></span> <span class='ocrx_word' id='word_1_152' title='bbox 369 1518 578 1573; x_wconf 88' lang='grc' dir='ltr'><em>μαχαίρας</em></span> <span class='ocrx_word' id='word_1_153' title='bbox 602 1516 758 1572; x_wconf 75' lang='grc' dir='ltr'><em>ἡβηδὸν</em></span> <span class='ocrx_word' id='word_1_154' title='bbox 782 1518 1129 1574; x_wconf 80' lang='grc' dir='ltr'><em>παραπέμψαντες</em></span> <span class='ocrx_word' id='word_1_155' title='bbox 1138 1550 1151 1569; x_wconf 90' lang='grc'><em>,</em></span> <span class='ocrx_word' id='word_1_156' title='bbox 1192 1517 1263 1567; x_wconf 72' lang='grc' dir='ltr'><em>οὓς</em></span> <span class='ocrx_word' id='word_1_157' title='bbox 1296 1518 1339 1559; x_wconf 82' lang='grc' dir='ltr'><em>δὲ</em></span> <span class='ocrx_word' id='word_1_158' title='bbox 1374 1519 1442 1559; x_wconf 85' lang='grc' dir='ltr'>καὶ</span> <span class='ocrx_word' id='word_1_159' title='bbox 1469 1518 1719 1575; x_wconf 86' lang='grc' dir='ltr'><em>ἀνδραποδι-</em></span> 
     </span>
     <span class='ocr_line' id='line_1_20' title="bbox 244 1582 1719 1642; baseline 0.001 -17"><span class='ocrx_word' id='word_1_160' title='bbox 244 1582 436 1637; x_wconf 83' lang='grc' dir='ltr'><em>σάμενοι,</em></span> <span class='ocrx_word' id='word_1_161' title='bbox 476 1583 579 1626; x_wconf 81' lang='grc' dir='ltr'><em>πολύ</em></span> <span class='ocrx_word' id='word_1_162' title='bbox 618 1602 657 1627; x_wconf 90' lang='grc' dir='ltr'>τι</span> <span class='ocrx_word' id='word_1_163' title='bbox 695 1587 763 1627; x_wconf 85' lang='grc' dir='ltr'>καὶ</span> <span class='ocrx_word' id='word_1_164' title='bbox 789 1585 862 1627; x_wconf 76' lang='grc' dir='ltr'>οὐκ</span> <span class='ocrx_word' id='word_1_165' title='bbox 888 1586 1162 1642; x_wconf 75' lang='grc' dir='ltr'><em>εὐαρίθμητον</em></span> <span class='ocrx_word' id='word_1_166' title='bbox 1187 1589 1358 1640; x_wconf 81' lang='grc' dir='ltr'><em>πλῆθος.</em></span> <span class='ocrx_word' id='word_1_167' title='bbox 1427 1590 1557 1628; x_wconf 76' lang='grc' dir='ltr'><em>ταῦτα</em></span> <span class='ocrx_word' id='word_1_168' title='bbox 1582 1583 1719 1627; x_wconf 88' lang='grc' dir='ltr'><em>πυθό-</em></span> 
     </span>
     <span class='ocr_line' id='line_1_21' title="bbox 246 1649 1775 1711; baseline 0.003 -18"><span class='ocrx_word' id='word_1_169' title='bbox 246 1669 367 1706; x_wconf 87' lang='grc' dir='ltr'><em>μενος</em></span> <span class='ocrx_word' id='word_1_170' title='bbox 391 1653 583 1706; x_wconf 72' lang='grc' dir='ltr'><em>βασιλεὺς</em></span> <span class='ocrx_word' id='word_1_171' title='bbox 607 1652 783 1708; x_wconf 72' lang='grc' dir='ltr'><em>ἤσχαλλε</em></span> <span class='ocrx_word' id='word_1_172' title='bbox 809 1654 882 1708; x_wconf 75' lang='grc' dir='ltr'>μὲν</span> <span class='ocrx_word' id='word_1_173' title='bbox 907 1655 975 1695; x_wconf 84' lang='grc' dir='ltr'>καὶ</span> <span class='ocrx_word' id='word_1_174' title='bbox 1001 1652 1237 1711; x_wconf 75' lang='grc' dir='ltr'><em>ἐδυσφόρει,</em></span> <span class='ocrx_word' id='word_1_175' title='bbox 1265 1655 1332 1695; x_wconf 86' lang='grc' dir='ltr'>καὶ</span> <span class='ocrx_word' id='word_1_176' title='bbox 1359 1653 1400 1696; x_wconf 79' lang='grc' dir='ltr'>εἶ’</span> <span class='ocrx_word' id='word_1_177' title='bbox 1413 1670 1455 1709; x_wconf 87' lang='grc' dir='ltr'>γε</span> <span class='ocrx_word' id='word_1_178' title='bbox 1484 1654 1655 1696; x_wconf 84' lang='grc' dir='ltr'><em>δυνατὸν</em></span> <span class='ocrx_word' id='word_1_179' title='bbox 1668 1649 1775 1709; x_wconf 55' lang='grc' dir='ltr'>ἦνῆ)</span> 
     </span>
     <span class='ocr_line' id='line_1_22' title="bbox 249 1721 1720 1779; baseline 0.001 -17"><span class='ocrx_word' id='word_1_180' title='bbox 249 1721 460 1778; x_wconf 80' lang='grc' dir='ltr'><em>εὖθυωρὸν</em></span> <span class='ocrx_word' id='word_1_181' title='bbox 486 1723 550 1763; x_wconf 83' lang='grc' dir='ltr'><em>ἐπὶ</em></span> <span class='ocrx_word' id='word_1_182' title='bbox 575 1722 649 1777; x_wconf 85' lang='grc' dir='ltr'><em>τὴν</em></span> <span class='ocrx_word' id='word_1_183' title='bbox 667 1722 806 1765; x_wconf 83' lang='grc' dir='ltr'><em>Ἀσίαν</em></span> <span class='ocrx_word' id='word_1_184' title='bbox 833 1725 1023 1777; x_wconf 74' lang='grc' dir='ltr'><em>διαβῆναι</em></span> <span class='ocrx_word' id='word_1_185' title='bbox 1061 1722 1211 1777; x_wconf 76' lang='grc' dir='ltr'><em>ἤθελε,</em></span> <span class='ocrx_word' id='word_1_186' title='bbox 1250 1722 1353 1778; x_wconf 83' lang='grc' dir='ltr'><em>πρὸς</em></span> <span class='ocrx_word' id='word_1_187' title='bbox 1372 1722 1523 1778; x_wconf 80' lang='grc' dir='ltr'><em>Ἰκονίῳ</em></span> <span class='ocrx_word' id='word_1_188' title='bbox 1549 1723 1720 1779; x_wconf 85' lang='grc' dir='ltr'><em>ἐνστρα-</em></span> 
     </span>
     <span class='ocr_line' id='line_1_23' title="bbox 245 1788 1721 1846; baseline -0.002 -15"><span class='ocrx_word' id='word_1_189' title='bbox 245 1789 665 1846; x_wconf 82' lang='grc' dir='ltr'><em>τοπεδευθησόμενος·</em></span> <span class='ocrx_word' id='word_1_190' title='bbox 705 1791 788 1834; x_wconf 79' lang='grc' dir='ltr'><em>ἐπεὶ</em></span> <span class='ocrx_word' id='word_1_191' title='bbox 827 1792 872 1832; x_wconf 80' lang='grc' dir='ltr'><em>δὲ</em></span> <span class='ocrx_word' id='word_1_192' title='bbox 908 1795 1027 1832; x_wconf 81' lang='grc' dir='ltr'><em>τοῦτο</em></span> <span class='ocrx_word' id='word_1_193' title='bbox 1063 1794 1208 1846; x_wconf 78' lang='grc' dir='ltr'><em>καιροῦ</em></span> <span class='ocrx_word' id='word_1_194' title='bbox 1231 1807 1273 1831; x_wconf 88' lang='grc' dir='ltr'>τε</span> <span class='ocrx_word' id='word_1_195' title='bbox 1295 1788 1457 1845; x_wconf 82' lang='grc' dir='ltr'><em>χρῄζειν</em></span> <span class='ocrx_word' id='word_1_196' title='bbox 1482 1789 1581 1844; x_wconf 70' lang='grc' dir='ltr'><em>ἔγνω</em></span> <span class='ocrx_word' id='word_1_197' title='bbox 1604 1794 1721 1845; x_wconf 74' lang='grc' dir='ltr'><em>τηλι-</em></span> 
     </span>
    </p>
   </div>
   <div class='ocr_carea' id='block_1_3' title="bbox 339 1904 1721 2046">
    <p class='ocr_par' dir='ltr' id='par_1_5' title="bbox 339 1904 1721 2046">
     <span class='ocr_line' id='line_1_24' title="bbox 339 1904 1720 1953; baseline 0.001 -12"><span class='ocrx_word' id='word_1_198' title='bbox 339 1909 374 1944; x_wconf 83' lang='grc'>3.</span> <span class='ocrx_word' id='word_1_199' title='bbox 396 1907 750 1953; x_wconf 73' lang='grc' dir='ltr'><em>προτεθυμημένον]</em></span> <span class='ocrx_word' id='word_1_200' title='bbox 774 1908 829 1942; x_wconf 88' lang='lat' dir='ltr'>Ita</span> <span class='ocrx_word' id='word_1_201' title='bbox 843 1907 985 1942; x_wconf 85' lang='lat' dir='ltr'>Tollius.</span> <span class='ocrx_word' id='word_1_202' title='bbox 1009 1907 1096 1943; x_wconf 79' lang='lat' dir='ltr'>eod.</span> <span class='ocrx_word' id='word_1_203' title='bbox 1113 1904 1458 1953; x_wconf 76' lang='grc' dir='ltr'><em>προτεθυμημένου.</em></span> <span class='ocrx_word' id='word_1_204' title='bbox 1574 1910 1628 1947; x_wconf 90' lang='grc'>10.</span> <span class='ocrx_word' id='word_1_205' title='bbox 1654 1905 1720 1944; x_wconf 80' lang='grc' dir='ltr'>οἷν-</span> 
     </span>
     <span class='ocr_line' id='line_1_25' title="bbox 340 1950 1721 2000; baseline 0.002 -13"><span class='ocrx_word' id='word_1_206' title='bbox 340 1953 709 2000; x_wconf 77' lang='grc' dir='ltr'><em>δραγαθησαμένων]</em></span> <span class='ocrx_word' id='word_1_207' title='bbox 735 1954 822 1992; x_wconf 83' lang='lat' dir='ltr'>cod.</span> <span class='ocrx_word' id='word_1_208' title='bbox 845 1950 1200 1998; x_wconf 72' lang='grc' dir='ltr'><em>ἅνδραγαθημὲνων.</em></span> <span class='ocrx_word' id='word_1_209' title='bbox 1245 1960 1426 1999; x_wconf 82' lang='lat' dir='ltr'>praeterea.</span> <span class='ocrx_word' id='word_1_210' title='bbox 1446 1953 1555 1991; x_wconf 79' lang='lat' dir='ltr'>malim</span> <span class='ocrx_word' id='word_1_211' title='bbox 1579 1951 1721 2000; x_wconf 76' lang='grc' dir='ltr'><em>ἄνδρα·</em></span> 
     </span>
     <span class='ocr_line' id='line_1_26' title="bbox 339 1996 1286 2046; baseline 0.004 -13"><span class='ocrx_word' id='word_1_212' title='bbox 339 1998 613 2044; x_wconf 64' lang='grc' dir='ltr'><em>γαθισαμένων.</em></span> <span class='ocrx_word' id='word_1_213' title='bbox 750 2002 808 2038; x_wconf 78' lang='lat'>20.</span> <span class='ocrx_word' id='word_1_214' title='bbox 830 1997 1004 2046; x_wconf 79' lang='grc' dir='ltr'><em>ἤσχαλλε]</em></span> <span class='ocrx_word' id='word_1_215' title='bbox 1029 1999 1117 2037; x_wconf 88' lang='lat' dir='ltr'>Cod.</span> <span class='ocrx_word' id='word_1_216' title='bbox 1139 1996 1286 2046; x_wconf 80' lang='grc' dir='ltr'><em>ἤσχαλε.</em></span> 
     </span>
    </p>
   </div>
   <div class='ocr_carea' id='block_1_4' title="bbox 1578 2051 1605 2063">
    <p class='ocr_par' dir='ltr' id='par_1_6' title="bbox 1578 2051 1605 2063">
     <span class='ocr_line' id='line_1_27' title="bbox 1578 2051 1605 2063; baseline 0 -5"><span class='ocrx_word' id='word_1_217' title='bbox 1578 2051 1605 2063; x_wconf 42' lang='lat' dir='ltr'>,a</span> 
     </span>
    </p>
   </div>
   <div class='ocr_carea' id='block_1_5' title="bbox 250 2099 1722 2926">
    <p class='ocr_par' dir='ltr' id='par_1_7' title="bbox 250 2099 1722 2605">
     <span class='ocr_line' id='line_1_28' title="bbox 250 2099 1718 2158; baseline 0.003 -25"><span class='ocrx_word' id='word_1_218' title='bbox 250 2099 402 2135; x_wconf 82' lang='lat' dir='ltr'>deflexit.</span> <span class='ocrx_word' id='word_1_219' title='bbox 450 2103 510 2137; x_wconf 89' lang='lat' dir='ltr'>sed</span> <span class='ocrx_word' id='word_1_220' title='bbox 543 2105 578 2137; x_wconf 92' lang='lat' dir='ltr'>et</span> <span class='ocrx_word' id='word_1_221' title='bbox 601 2102 814 2139; x_wconf 78' lang='lat' dir='ltr'><strong>accedentem</strong></span> <span class='ocrx_word' id='word_1_222' title='bbox 835 2103 970 2138; x_wconf 83' lang='lat' dir='ltr'>affinem</span> <span class='ocrx_word' id='word_1_223' title='bbox 983 2103 1162 2147; x_wconf 81' lang='lat' dir='ltr'>Ioannem,</span> <span class='ocrx_word' id='word_1_224' title='bbox 1192 2103 1286 2138; x_wconf 84' lang='lat' dir='ltr'>cuius</span> <span class='ocrx_word' id='word_1_225' title='bbox 1301 2114 1369 2138; x_wconf 90' lang='lat' dir='ltr'>non</span> <span class='ocrx_word' id='word_1_226' title='bbox 1385 2103 1487 2138; x_wconf 89' lang='lat' dir='ltr'>semel</span> <span class='ocrx_word' id='word_1_227' title='bbox 1502 2102 1718 2158; x_wconf 72' lang='lat' dir='ltr'>meminimus²</span> 
     </span>
     <span class='ocr_line' id='line_1_29' title="bbox 252 2146 1719 2228; baseline 0.003 -49"><span class='ocrx_word' id='word_1_228' title='bbox 252 2146 394 2191; x_wconf 87' lang='lat' dir='ltr'>clipeum</span> <span class='ocrx_word' id='word_1_229' title='bbox 417 2147 465 2181; x_wconf 85' lang='lat' dir='ltr'>illi</span> <span class='ocrx_word' id='word_1_230' title='bbox 486 2149 675 2183; x_wconf 81' lang='lat' dir='ltr'>obtendere</span> <span class='ocrx_word' id='word_1_231' title='bbox 697 2150 867 2184; x_wconf 84' lang='lat' dir='ltr'>volentem</span> <span class='ocrx_word' id='word_1_232' title='bbox 897 2150 994 2193; x_wconf 88' lang='lat' dir='ltr'>(nam</span> <span class='ocrx_word' id='word_1_233' title='bbox 1021 2155 1055 2184; x_wconf 89' lang='lat' dir='ltr'>et</span> <span class='ocrx_word' id='word_1_234' title='bbox 1078 2154 1149 2184; x_wconf 88' lang='lat' dir='ltr'>tum</span> <span class='ocrx_word' id='word_1_235' title='bbox 1172 2149 1307 2184; x_wconf 90' lang='lat' dir='ltr'>inermis</span> <span class='ocrx_word' id='word_1_236' title='bbox 1332 2151 1433 2228; x_wconf 51' lang='lat' dir='ltr'>erat?</span> <span class='ocrx_word' id='word_1_237' title='bbox 1465 2149 1610 2191; x_wconf 79' lang='lat' dir='ltr'>remisit,</span> <span class='ocrx_word' id='word_1_238' title='bbox 1640 2149 1719 2183; x_wconf 87' lang='lat' dir='ltr'>fien</span> 
     </span>
     <span class='ocr_line' id='line_1_30' title="bbox 250 2194 1719 2241; baseline 0.003 -16"><span class='ocrx_word' id='word_1_239' title='bbox 250 2202 319 2226; x_wconf 87' lang='lat' dir='ltr'>non</span> <span class='ocrx_word' id='word_1_240' title='bbox 337 2204 437 2237; x_wconf 88' lang='lat' dir='ltr'>posse</span> <span class='ocrx_word' id='word_1_241' title='bbox 451 2194 604 2239; x_wconf 88' lang='lat' dir='ltr'>inquiens</span> <span class='ocrx_word' id='word_1_242' title='bbox 615 2221 622 2233; x_wconf 88' lang='lat'><strong>‚</strong></span> <span class='ocrx_word' id='word_1_243' title='bbox 647 2200 686 2228; x_wconf 88' lang='lat' dir='ltr'>ut</span> <span class='ocrx_word' id='word_1_244' title='bbox 700 2196 779 2229; x_wconf 88' lang='lat' dir='ltr'>bina</span> <span class='ocrx_word' id='word_1_245' title='bbox 793 2207 937 2240; x_wconf 85' lang='lat' dir='ltr'>corpora</span> <span class='ocrx_word' id='word_1_246' title='bbox 954 2194 1068 2229; x_wconf 87' lang='lat' dir='ltr'>unicus</span> <span class='ocrx_word' id='word_1_247' title='bbox 1084 2197 1171 2230; x_wconf 90' lang='lat' dir='ltr'>bene</span> <span class='ocrx_word' id='word_1_248' title='bbox 1186 2201 1384 2241; x_wconf 82' lang='lat' dir='ltr'>protegeret</span> <span class='ocrx_word' id='word_1_249' title='bbox 1398 2208 1416 2229; x_wconf 93' lang='lat' dir='ltr'>c</span> <span class='ocrx_word' id='word_1_250' title='bbox 1429 2196 1537 2240; x_wconf 79' lang='lat' dir='ltr'>ipeus.</span> <span class='ocrx_word' id='word_1_251' title='bbox 1574 2195 1610 2228; x_wconf 85' lang='lat' dir='ltr'>in</span> <span class='ocrx_word' id='word_1_252' title='bbox 1625 2195 1719 2229; x_wconf 85' lang='lat' dir='ltr'>eius-</span> 
     </span>
     <span class='ocr_line' id='line_1_31' title="bbox 252 2238 1719 2287; baseline 0.002 -16"><span class='ocrx_word' id='word_1_253' title='bbox 252 2238 343 2272; x_wconf 83' lang='lat' dir='ltr'>modi</span> <span class='ocrx_word' id='word_1_254' title='bbox 358 2241 523 2283; x_wconf 83' lang='lat' dir='ltr'>angustiis</span> <span class='ocrx_word' id='word_1_255' title='bbox 538 2266 547 2280; x_wconf 85' lang='lat'>‚</span> <span class='ocrx_word' id='word_1_256' title='bbox 578 2240 686 2274; x_wconf 91' lang='lat' dir='ltr'>locum</span> <span class='ocrx_word' id='word_1_257' title='bbox 699 2241 800 2275; x_wconf 86' lang='lat' dir='ltr'>istum</span> <span class='ocrx_word' id='word_1_258' title='bbox 816 2241 940 2275; x_wconf 84' lang='lat' dir='ltr'>emensi</span> <span class='ocrx_word' id='word_1_259' title='bbox 955 2241 1119 2282; x_wconf 85' lang='lat' dir='ltr'>Romani,</span> <span class='ocrx_word' id='word_1_260' title='bbox 1150 2245 1325 2287; x_wconf 83' lang='lat' dir='ltr'>postquam</span> <span class='ocrx_word' id='word_1_261' title='bbox 1341 2241 1384 2274; x_wconf 82' lang='lat' dir='ltr'>ad</span> <span class='ocrx_word' id='word_1_262' title='bbox 1399 2241 1606 2286; x_wconf 75' lang='lat' dir='ltr'>patentiores</span> <span class='ocrx_word' id='word_1_263' title='bbox 1627 2251 1719 2274; x_wconf 77' lang='lat' dir='ltr'>eam·-</span> 
     </span>
     <span class='ocr_line' id='line_1_32' title="bbox 252 2285 1720 2332; baseline 0.001 -15"><span class='ocrx_word' id='word_1_264' title='bbox 252 2294 315 2328; x_wconf 87' lang='lat' dir='ltr'>pos</span> <span class='ocrx_word' id='word_1_265' title='bbox 341 2296 548 2330; x_wconf 85' lang='lat' dir='ltr'>pervenere,</span> <span class='ocrx_word' id='word_1_266' title='bbox 572 2285 607 2320; x_wconf 90' lang='lat' dir='ltr'>in</span> <span class='ocrx_word' id='word_1_267' title='bbox 630 2287 752 2330; x_wconf 90' lang='lat' dir='ltr'>quibus</span> <span class='ocrx_word' id='word_1_268' title='bbox 777 2291 812 2320; x_wconf 87' lang='lat' dir='ltr'>et</span> <span class='ocrx_word' id='word_1_269' title='bbox 836 2299 998 2332; x_wconf 87' lang='lat' dir='ltr'>equorum</span> <span class='ocrx_word' id='word_1_270' title='bbox 1020 2288 1130 2322; x_wconf 81' lang='lat' dir='ltr'>virtus</span> <span class='ocrx_word' id='word_1_271' title='bbox 1153 2292 1188 2321; x_wconf 87' lang='lat' dir='ltr'>et</span> <span class='ocrx_word' id='word_1_272' title='bbox 1213 2287 1410 2321; x_wconf 79' lang='lat' dir='ltr'>bellatorum</span> <span class='ocrx_word' id='word_1_273' title='bbox 1438 2287 1543 2320; x_wconf 91' lang='lat' dir='ltr'>robur</span> <span class='ocrx_word' id='word_1_274' title='bbox 1560 2286 1720 2330; x_wconf 76' lang='lat' dir='ltr'><strong>cognosci</strong></span> 
     </span>
     <span class='ocr_line' id='line_1_33' title="bbox 250 2332 1720 2376; baseline 0.002 -13"><span class='ocrx_word' id='word_1_275' title='bbox 250 2334 411 2374; x_wconf 79' lang='lat' dir='ltr'>possent,</span> <span class='ocrx_word' id='word_1_276' title='bbox 439 2332 575 2365; x_wconf 82' lang='lat' dir='ltr'>sublato</span> <span class='ocrx_word' id='word_1_277' title='bbox 592 2336 662 2365; x_wconf 89' lang='lat' dir='ltr'>tum</span> <span class='ocrx_word' id='word_1_278' title='bbox 678 2332 810 2366; x_wconf 84' lang='lat' dir='ltr'>demum</span> <span class='ocrx_word' id='word_1_279' title='bbox 824 2333 946 2366; x_wconf 89' lang='lat' dir='ltr'>bellico</span> <span class='ocrx_word' id='word_1_280' title='bbox 962 2334 1127 2375; x_wconf 86' lang='lat' dir='ltr'>clamore,</span> <span class='ocrx_word' id='word_1_281' title='bbox 1154 2332 1358 2376; x_wconf 70' lang='lat' dir='ltr'>directisque</span> <span class='ocrx_word' id='word_1_282' title='bbox 1370 2332 1405 2365; x_wconf 91' lang='lat' dir='ltr'>in</span> <span class='ocrx_word' id='word_1_283' title='bbox 1419 2332 1532 2365; x_wconf 76' lang='lat' dir='ltr'>hostes</span> <span class='ocrx_word' id='word_1_284' title='bbox 1547 2332 1720 2366; x_wconf 85' lang='lat' dir='ltr'>hastarum</span> 
     </span>
     <span class='ocr_line' id='line_1_34' title="bbox 254 2375 1722 2423; baseline 0.003 -15"><span class='ocrx_word' id='word_1_285' title='bbox 254 2375 466 2420; x_wconf 82' lang='lat' dir='ltr'><strong>cuspidibus,</strong></span> <span class='ocrx_word' id='word_1_286' title='bbox 500 2377 661 2422; x_wconf 87' lang='lat' dir='ltr'>plurimos</span> <span class='ocrx_word' id='word_1_287' title='bbox 685 2379 804 2421; x_wconf 83' lang='lat' dir='ltr'>fugant</span> <span class='ocrx_word' id='word_1_288' title='bbox 818 2389 858 2411; x_wconf 90' lang='lat' dir='ltr'>ac</span> <span class='ocrx_word' id='word_1_289' title='bbox 874 2379 1039 2422; x_wconf 83' lang='lat' dir='ltr'>caedunt,</span> <span class='ocrx_word' id='word_1_290' title='bbox 1070 2390 1111 2412; x_wconf 87' lang='lat' dir='ltr'>ac</span> <span class='ocrx_word' id='word_1_291' title='bbox 1136 2383 1276 2423; x_wconf 85' lang='lat' dir='ltr'>recepta</span> <span class='ocrx_word' id='word_1_292' title='bbox 1292 2377 1378 2411; x_wconf 90' lang='lat' dir='ltr'>omni</span> <span class='ocrx_word' id='word_1_293' title='bbox 1393 2389 1491 2421; x_wconf 88' lang='lat' dir='ltr'>quam</span> <span class='ocrx_word' id='word_1_294' title='bbox 1508 2377 1722 2412; x_wconf 75' lang='lat' dir='ltr'>abstulerant</span> 
     </span>
     <span class='ocr_line' id='line_1_35' title="bbox 253 2421 1722 2468; baseline 0.003 -14"><span class='ocrx_word' id='word_1_295' title='bbox 253 2421 384 2465; x_wconf 83' lang='lat' dir='ltr'>praeda</span> <span class='ocrx_word' id='word_1_296' title='bbox 408 2427 639 2457; x_wconf 87' lang='lat' dir='ltr'>revertuntur.</span> <span class='ocrx_word' id='word_1_297' title='bbox 687 2435 753 2468; x_wconf 92' lang='lat' dir='ltr'>quo</span> <span class='ocrx_word' id='word_1_298' title='bbox 778 2423 911 2468; x_wconf 92' lang='lat' dir='ltr'>quidem</span> <span class='ocrx_word' id='word_1_299' title='bbox 934 2424 965 2458; x_wconf 91' lang='lat' dir='ltr'>in</span> <span class='ocrx_word' id='word_1_300' title='bbox 992 2424 1172 2458; x_wconf 81' lang='lat' dir='ltr'>certamine</span> <span class='ocrx_word' id='word_1_301' title='bbox 1187 2423 1249 2458; x_wconf 83' lang='lat' dir='ltr'>etsi</span> <span class='ocrx_word' id='word_1_302' title='bbox 1264 2423 1353 2457; x_wconf 89' lang='lat' dir='ltr'>haud</span> <span class='ocrx_word' id='word_1_303' title='bbox 1376 2422 1475 2468; x_wconf 88' lang='lat' dir='ltr'>pauci</span> <span class='ocrx_word' id='word_1_304' title='bbox 1491 2423 1667 2468; x_wconf 79' lang='lat' dir='ltr'>praeclare</span> <span class='ocrx_word' id='word_1_305' title='bbox 1682 2434 1722 2458; x_wconf 79' lang='lat' dir='ltr'>se</span> 
     </span>
     <span class='ocr_line' id='line_1_36' title="bbox 253 2468 1721 2515; baseline 0.003 -16"><span class='ocrx_word' id='word_1_306' title='bbox 253 2472 456 2510; x_wconf 80' lang='lat' dir='ltr'>gesserunt,</span> <span class='ocrx_word' id='word_1_307' title='bbox 482 2480 565 2514; x_wconf 87' lang='lat' dir='ltr'>prae</span> <span class='ocrx_word' id='word_1_308' title='bbox 580 2469 702 2503; x_wconf 87' lang='lat' dir='ltr'>ceteris</span> <span class='ocrx_word' id='word_1_309' title='bbox 721 2473 834 2503; x_wconf 84' lang='lat' dir='ltr'>tamen</span> <span class='ocrx_word' id='word_1_310' title='bbox 851 2469 986 2502; x_wconf 85' lang='lat' dir='ltr'>emicuit</span> <span class='ocrx_word' id='word_1_311' title='bbox 999 2469 1208 2515; x_wconf 85' lang='lat' dir='ltr'>imperatoris</span> <span class='ocrx_word' id='word_1_312' title='bbox 1221 2468 1483 2513; x_wconf 75' lang='lat' dir='ltr'>magnanimitas.</span> <span class='ocrx_word' id='word_1_313' title='bbox 1520 2480 1616 2502; x_wconf 86' lang='lat' dir='ltr'>nemo</span> <span class='ocrx_word' id='word_1_314' title='bbox 1633 2469 1721 2503; x_wconf 88' lang='lat' dir='ltr'>enim</span> 
     </span>
     <span class='ocr_line' id='line_1_37' title="bbox 252 2510 1721 2562; baseline 0.004 -18"><span class='ocrx_word' id='word_1_315' title='bbox 252 2510 312 2544; x_wconf 88' lang='lat' dir='ltr'>illo</span> <span class='ocrx_word' id='word_1_316' title='bbox 333 2513 426 2557; x_wconf 84' lang='lat' dir='ltr'>prior</span> <span class='ocrx_word' id='word_1_317' title='bbox 439 2514 564 2548; x_wconf 84' lang='lat' dir='ltr'>invasit</span> <span class='ocrx_word' id='word_1_318' title='bbox 579 2515 695 2548; x_wconf 84' lang='lat' dir='ltr'>hostes</span> <span class='ocrx_word' id='word_1_319' title='bbox 706 2542 716 2558; x_wconf 83' lang='lat'>‚</span> <span class='ocrx_word' id='word_1_320' title='bbox 748 2519 869 2560; x_wconf 87' lang='lat' dir='ltr'>totque</span> <span class='ocrx_word' id='word_1_321' title='bbox 884 2515 1023 2559; x_wconf 79' lang='lat' dir='ltr'>egregia</span> <span class='ocrx_word' id='word_1_322' title='bbox 1035 2527 1135 2551; x_wconf 88' lang='lat' dir='ltr'>manu</span> <span class='ocrx_word' id='word_1_323' title='bbox 1149 2515 1296 2550; x_wconf 74' lang='lat' dir='ltr'>racinom</span> <span class='ocrx_word' id='word_1_324' title='bbox 1317 2514 1433 2549; x_wconf 86' lang='lat' dir='ltr'>edidit.</span> <span class='ocrx_word' id='word_1_325' title='bbox 1479 2513 1532 2548; x_wconf 84' lang='lat' dir='ltr'>his</span> <span class='ocrx_word' id='word_1_326' title='bbox 1555 2525 1721 2562; x_wconf 78' lang='lat' dir='ltr'>prospere</span> 
     </span>
     <span class='ocr_line' id='line_1_38' title="bbox 252 2557 992 2605; baseline 0.003 -14"><span class='ocrx_word' id='word_1_327' title='bbox 252 2557 388 2592; x_wconf 78' lang='lat' dir='ltr'>tandem</span> <span class='ocrx_word' id='word_1_328' title='bbox 405 2560 567 2594; x_wconf 75' lang='lat' dir='ltr'>confectis</span> <span class='ocrx_word' id='word_1_329' title='bbox 582 2560 785 2605; x_wconf 80' lang='lat' dir='ltr'>Byzantium</span> <span class='ocrx_word' id='word_1_330' title='bbox 799 2561 992 2594; x_wconf 86' lang='lat' dir='ltr'>revertitur.</span> 
     </span>
    </p>

    <p class='ocr_par' dir='ltr' id='par_1_8' title="bbox 250 2604 1721 2926">
     <span class='ocr_line' id='line_1_39' title="bbox 346 2604 1720 2652; baseline 0.001 -14"><span class='ocrx_word' id='word_1_331' title='bbox 346 2604 400 2638; x_wconf 73' lang='lat'>24.</span> <span class='ocrx_word' id='word_1_332' title='bbox 447 2608 494 2638; x_wconf 86' lang='lat' dir='ltr'>At</span> <span class='ocrx_word' id='word_1_333' title='bbox 520 2617 593 2639; x_wconf 89' lang='lat' dir='ltr'>cum</span> <span class='ocrx_word' id='word_1_334' title='bbox 617 2607 745 2640; x_wconf 82' lang='lat' dir='ltr'>Persae</span> <span class='ocrx_word' id='word_1_335' title='bbox 760 2618 828 2640; x_wconf 90' lang='lat' dir='ltr'>non</span> <span class='ocrx_word' id='word_1_336' title='bbox 843 2607 974 2640; x_wconf 88' lang='lat' dir='ltr'>modice</span> <span class='ocrx_word' id='word_1_337' title='bbox 990 2618 1032 2640; x_wconf 83' lang='lat' dir='ltr'>ex</span> <span class='ocrx_word' id='word_1_338' title='bbox 1046 2606 1085 2640; x_wconf 79' lang='lat' dir='ltr'>iis</span> <span class='ocrx_word' id='word_1_339' title='bbox 1101 2618 1188 2652; x_wconf 88' lang='lat' dir='ltr'>quae</span> <span class='ocrx_word' id='word_1_340' title='bbox 1202 2605 1394 2640; x_wconf 83' lang='lat' dir='ltr'>acciderant</span> <span class='ocrx_word' id='word_1_341' title='bbox 1407 2605 1582 2649; x_wconf 76' lang='lat' dir='ltr'>dolerent,</span> <span class='ocrx_word' id='word_1_342' title='bbox 1614 2604 1720 2640; x_wconf 79' lang='lat' dir='ltr'>vicis-</span> 
     </span>
     <span class='ocr_line' id='line_1_40' title="bbox 253 2646 1720 2697; baseline 0.003 -16"><span class='ocrx_word' id='word_1_343' title='bbox 253 2646 315 2682; x_wconf 84' lang='lat' dir='ltr'>sim</span> <span class='ocrx_word' id='word_1_344' title='bbox 331 2648 502 2684; x_wconf 87' lang='lat' dir='ltr'>Romanos</span> <span class='ocrx_word' id='word_1_345' title='bbox 516 2651 629 2685; x_wconf 84' lang='lat' dir='ltr'>ulcisci</span> <span class='ocrx_word' id='word_1_346' title='bbox 644 2656 847 2687; x_wconf 84' lang='lat' dir='ltr'>statuerunt.</span> <span class='ocrx_word' id='word_1_347' title='bbox 895 2656 1033 2697; x_wconf 84' lang='lat' dir='ltr'>captata</span> <span class='ocrx_word' id='word_1_348' title='bbox 1057 2652 1172 2697; x_wconf 79' lang='lat' dir='ltr'>itaque</span> <span class='ocrx_word' id='word_1_349' title='bbox 1195 2651 1371 2686; x_wconf 81' lang='lat' dir='ltr'>occasione</span> <span class='ocrx_word' id='word_1_350' title='bbox 1386 2652 1571 2693; x_wconf 83' lang='lat' dir='ltr'>Philetam,</span> <span class='ocrx_word' id='word_1_351' title='bbox 1602 2651 1720 2685; x_wconf 85' lang='lat' dir='ltr'>urbem</span> 
     </span>
     <span class='ocr_line' id='line_1_41' title="bbox 250 2692 1721 2743; baseline 0.003 -16"><span class='ocrx_word' id='word_1_352' title='bbox 250 2692 286 2727; x_wconf 87' lang='lat' dir='ltr'>in</span> <span class='ocrx_word' id='word_1_353' title='bbox 311 2694 451 2729; x_wconf 80' lang='lat' dir='ltr'>Oriente</span> <span class='ocrx_word' id='word_1_354' title='bbox 462 2722 471 2738; x_wconf 78' lang='lat'>‚</span> <span class='ocrx_word' id='word_1_355' title='bbox 503 2696 674 2741; x_wconf 84' lang='lat' dir='ltr'>diripiunt.</span> <span class='ocrx_word' id='word_1_356' title='bbox 721 2698 799 2732; x_wconf 91' lang='lat' dir='ltr'>hinc</span> <span class='ocrx_word' id='word_1_357' title='bbox 816 2698 1018 2732; x_wconf 84' lang='lat' dir='ltr'>Laodiceam</span> <span class='ocrx_word' id='word_1_358' title='bbox 1042 2698 1075 2731; x_wconf 89' lang='lat' dir='ltr'>in</span> <span class='ocrx_word' id='word_1_359' title='bbox 1092 2698 1242 2742; x_wconf 82' lang='lat' dir='ltr'>Phrygia</span> <span class='ocrx_word' id='word_1_360' title='bbox 1256 2697 1385 2733; x_wconf 86' lang='lat' dir='ltr'>minore</span> <span class='ocrx_word' id='word_1_361' title='bbox 1402 2709 1443 2731; x_wconf 87' lang='lat' dir='ltr'>ex</span> <span class='ocrx_word' id='word_1_362' title='bbox 1457 2697 1640 2743; x_wconf 83' lang='lat' dir='ltr'>improviso</span> <span class='ocrx_word' id='word_1_363' title='bbox 1655 2707 1721 2741; x_wconf 80' lang='lat' dir='ltr'>ag·-</span> 
     </span>
     <span class='ocr_line' id='line_1_42' title="bbox 250 2740 1720 2797; baseline 0.003 -25"><span class='ocrx_word' id='word_1_364' title='bbox 250 2740 361 2783; x_wconf 85' lang='lat' dir='ltr'>gressi</span> <span class='ocrx_word' id='word_1_365' title='bbox 387 2745 534 2775; x_wconf 84' lang='lat' dir='ltr'>tractant</span> <span class='ocrx_word' id='word_1_366' title='bbox 561 2743 736 2785; x_wconf 86' lang='lat' dir='ltr'>acerbius,</span> <span class='ocrx_word' id='word_1_367' title='bbox 765 2743 914 2788; x_wconf 85' lang='lat' dir='ltr'>plurimis</span> <span class='ocrx_word' id='word_1_368' title='bbox 938 2742 1055 2777; x_wconf 90' lang='lat' dir='ltr'>incolis</span> <span class='ocrx_word' id='word_1_369' title='bbox 1077 2743 1187 2787; x_wconf 82' lang='lat' dir='ltr'>gladio</span> <span class='ocrx_word' id='word_1_370' title='bbox 1210 2754 1273 2788; x_wconf 89' lang='lat' dir='ltr'>per</span> <span class='ocrx_word' id='word_1_371' title='bbox 1287 2754 1416 2777; x_wconf 89' lang='lat' dir='ltr'>omnem</span> <span class='ocrx_word' id='word_1_372' title='bbox 1432 2743 1640 2777; x_wconf 79' lang='lat' dir='ltr'>detruncatis</span> <span class='ocrx_word' id='word_1_373' title='bbox 1654 2753 1720 2797; x_wconf 76' lang='lat' dir='ltr'>pu-</span> 
     </span>
     <span class='ocr_line' id='line_1_43' title="bbox 251 2785 1720 2833; baseline 0.002 -14"><span class='ocrx_word' id='word_1_374' title='bbox 251 2785 350 2827; x_wconf 86' lang='lat' dir='ltr'>bem,</span> <span class='ocrx_word' id='word_1_375' title='bbox 381 2786 621 2831; x_wconf 83' lang='lat' dir='ltr'>innumeraque</span> <span class='ocrx_word' id='word_1_376' title='bbox 647 2788 858 2823; x_wconf 83' lang='lat' dir='ltr'>multitudine</span> <span class='ocrx_word' id='word_1_377' title='bbox 881 2789 916 2822; x_wconf 90' lang='lat' dir='ltr'>in</span> <span class='ocrx_word' id='word_1_378' title='bbox 939 2788 1166 2833; x_wconf 77' lang='lat' dir='ltr'>captivitatem</span> <span class='ocrx_word' id='word_1_379' title='bbox 1189 2788 1347 2823; x_wconf 85' lang='lat' dir='ltr'>abducta.</span> <span class='ocrx_word' id='word_1_380' title='bbox 1395 2801 1435 2823; x_wconf 88' lang='lat' dir='ltr'>ea</span> <span class='ocrx_word' id='word_1_381' title='bbox 1450 2792 1490 2823; x_wconf 89' lang='lat' dir='ltr'>ut</span> <span class='ocrx_word' id='word_1_382' title='bbox 1505 2788 1720 2823; x_wconf 79' lang='lat' dir='ltr'>rescivituu-</span> 
     </span>
     <span class='ocr_line' id='line_1_44' title="bbox 250 2831 1720 2880; baseline 0.003 -16"><span class='ocrx_word' id='word_1_383' title='bbox 250 2836 412 2876; x_wconf 75' lang='lat' dir='ltr'>perator,</span> <span class='ocrx_word' id='word_1_384' title='bbox 441 2832 638 2876; x_wconf 82' lang='lat' dir='ltr'>indignatus</span> <span class='ocrx_word' id='word_1_385' title='bbox 664 2838 717 2867; x_wconf 90' lang='lat' dir='ltr'>est</span> <span class='ocrx_word' id='word_1_386' title='bbox 740 2845 880 2878; x_wconf 81' lang='lat' dir='ltr'>remque</span> <span class='ocrx_word' id='word_1_387' title='bbox 903 2845 1007 2878; x_wconf 80' lang='lat' dir='ltr'>aegre</span> <span class='ocrx_word' id='word_1_388' title='bbox 1032 2833 1127 2867; x_wconf 82' lang='lat' dir='ltr'>tulit:</span> <span class='ocrx_word' id='word_1_389' title='bbox 1159 2833 1242 2867; x_wconf 88' lang='lat' dir='ltr'>adeo</span> <span class='ocrx_word' id='word_1_390' title='bbox 1268 2842 1326 2879; x_wconf 83' lang='lat' dir='ltr'>ut,</span> <span class='ocrx_word' id='word_1_391' title='bbox 1357 2834 1387 2870; x_wconf 82' lang='lat' dir='ltr'>si</span> <span class='ocrx_word' id='word_1_392' title='bbox 1402 2835 1434 2868; x_wconf 89' lang='lat' dir='ltr'>id</span> <span class='ocrx_word' id='word_1_393' title='bbox 1451 2834 1620 2880; x_wconf 78' lang='lat' dir='ltr'>potuisset</span> <span class='ocrx_word' id='word_1_394' title='bbox 1634 2831 1720 2874; x_wconf 75' lang='lat' dir='ltr'>fieri,</span> 
     </span>
     <span class='ocr_line' id='line_1_45' title="bbox 252 2876 1719 2926; baseline 0.003 -15"><span class='ocrx_word' id='word_1_395' title='bbox 252 2876 442 2913; x_wconf 79' lang='lat' dir='ltr'>traiecisset</span> <span class='ocrx_word' id='word_1_396' title='bbox 457 2877 544 2914; x_wconf 85' lang='lat' dir='ltr'>illico</span> <span class='ocrx_word' id='word_1_397' title='bbox 560 2878 596 2914; x_wconf 84' lang='lat' dir='ltr'>in</span> <span class='ocrx_word' id='word_1_398' title='bbox 610 2878 725 2915; x_wconf 83' lang='lat' dir='ltr'>Asiam</span> <span class='ocrx_word' id='word_1_399' title='bbox 741 2883 776 2914; x_wconf 86' lang='lat' dir='ltr'>et</span> <span class='ocrx_word' id='word_1_400' title='bbox 791 2880 835 2915; x_wconf 84' lang='lat' dir='ltr'>ad</span> <span class='ocrx_word' id='word_1_401' title='bbox 850 2879 999 2914; x_wconf 87' lang='lat' dir='ltr'>Iconium</span> <span class='ocrx_word' id='word_1_402' title='bbox 1013 2883 1125 2914; x_wconf 78' lang='lat' dir='ltr'>castra</span> <span class='ocrx_word' id='word_1_403' title='bbox 1146 2879 1326 2926; x_wconf 82' lang='lat' dir='ltr'>posuisset.</span> <span class='ocrx_word' id='word_1_404' title='bbox 1372 2892 1490 2916; x_wconf 80' lang='lat' dir='ltr'>verum</span> <span class='ocrx_word' id='word_1_405' title='bbox 1511 2879 1569 2916; x_wconf 85' lang='lat' dir='ltr'>ubi</span> <span class='ocrx_word' id='word_1_406' title='bbox 1591 2887 1719 2924; x_wconf 79' lang='lat' dir='ltr'>oppor-</span> 
     </span>
    </p>
   </div>
  </div>
 </body>
</html>
