1878 3262
358 194 418 237 IN
434 192 749 271 HISTOIJIAM
766 193 992 238 IOANNIS
1014 195 1248 239 CINNAMI
1265 196 1467 239 NOTAE.
1547 195 1647 243 365

289 305 414 355 p.211
427 315 467 343 v.
480 301 543 344 14.
561 301 769 354 Στέφανος
780 300 837 354 δὲ]
854 302 898 342 V.
907 302 1082 342 Nicetam
1098 305 1123 343 l.
1135 303 1161 345 4
1172 319 1210 344 n.
1224 307 1262 346 1.
1289 304 1397 344 cadit
1407 306 1645 346 autemhaec

179 359 368 400 Manuelis
389 359 589 412 expeditio
608 359 650 397 in
668 360 714 399 A.
739 362 860 402 1173.
915 373 1008 398 nam
1034 367 1074 399 et
1092 361 1170 399 hoc
1193 375 1298 399 anno
1319 375 1394 401 rex
1414 363 1542 403 dictus
1567 365 1646 404 suit

179 416 400 469 Stephanus
429 422 470 454 et
500 416 672 467 interiit,
709 417 742 454 si
761 415 1007 466 Hungaricos
1026 418 1236 469 scriptores
1257 419 1455 459 audimus.

289 477 422 526 p.213
441 472 559 514 v.24.
600 473 644 515 ἓν
663 475 719 528 τῷ
739 468 926 525 ἀσφαλεῖ]
946 474 1099 513 Bellum
1119 475 1198 513 hoc
1214 477 1419 515 Servicum
1435 476 1644 530 prosequi-

177 537 245 570 tur
263 531 381 568 etiam
393 531 546 568 Nicetas
562 530 589 568 l.
607 529 634 570 4
656 544 694 568 n.
711 528 754 572 4.

287 601 329 639 p.
346 589 427 629 215
455 601 496 626 v.
514 591 552 629 2.
613 585 804 639 ἕτερείας]
834 586 924 638 Leg.
955 585 1172 641 ἑταιρείας,
1214 588 1291 626 fuit
1319 589 1424 627 enim
1450 589 1646 642 Georgius

175 644 426 695 Palaeologus
441 656 604 695 magnus
623 642 907 684 hetaeriarcha.

288 714 329 744 v.
349 705 415 743 11.
474 696 692 752 δεσπότης]
722 701 984 752 Despotarum
1005 699 1217 752 appellatio
1230 731 1242 751 ‚
1272 714 1374 752 quae
1388 702 1508 741 solius
1523 702 1647 754 impe-

174 757 319 796 ratoris
344 756 555 809 Byzantini
581 758 757 808 primum
790 757 886 807 fuit,
928 763 977 795 ut
1006 757 1115 809 apud
1150 758 1312 797 Latinos
1348 772 1418 798 seu
1447 760 1648 798 Romanos

174 814 372 866 Augustos
402 813 573 863 domini,
613 828 731 865 quam
758 820 890 852 tamen
913 813 1135 865 Augustum
1161 821 1202 853 et
1225 815 1426 854 Tiberium
1452 816 1648 867 respuisse

174 877 344 910 testatur
354 871 580 919 Suetonius,
599 871 640 909 in
658 871 894 923 peculiarem
914 871 1051 922 palatii
1073 872 1300 922 dignitatem
1320 879 1457 924 postea
1476 874 1645 914 transiit.

173 928 278 967 hanc
311 928 486 981 primus,
528 928 569 966 ni
601 928 739 978 fallor,
788 927 950 966 induxit
979 927 1149 966 Michael
1177 929 1431 981 Calaphates,
1473 930 1564 980 qui,
1601 936 1649 967 ut

173 986 308 1024 scribit
333 986 530 1034 Zonaras,
574 985 816 1024 avunculum
840 981 1037 1036 δεσπότην
1061 985 1320 1025 renuntiavit.
1377 987 1500 1024 ceteri
1531 986 1647 1023 dein-

174 1056 266 1094 ceps
300 1042 369 1093 qui
403 1042 603 1080 subsecuti
629 1048 724 1080 sunt
752 1043 1011 1094 imperatores
1039 1055 1120 1080 non
1146 1048 1229 1081 tam
1268 1043 1500 1094 praecipuos
1533 1043 1646 1080 aulae

173 1112 267 1137 suae
295 1111 479 1150 proceres
508 1111 627 1149 quam
661 1098 797 1137 affines
829 1105 868 1137 et
894 1100 1204 1150 consanguineos
1234 1105 1272 1137 et
1297 1101 1480 1151 proxima
1506 1112 1646 1138 neces-

173 1156 344 1194 situdine
376 1156 609 1194 coniunctos
637 1156 773 1194 eadem
806 1156 1031 1205 donarunt,
1083 1156 1225 1206 quibus
1252 1157 1502 1208 imperatorii
1526 1156 1646 1208 apicis

173 1214 330 1252 culmen
346 1218 387 1251 et
405 1212 632 1264 dignitatem
645 1212 722 1251 hac
740 1213 893 1251 ratione
910 1213 957 1251 iis
975 1213 1268 1264 quodammodo
1285 1213 1646 1262 communicabant,

173 1283 265 1309 cum
292 1269 552 1321 imperatores
578 1269 652 1321 ipsi
681 1269 758 1308 hac
787 1270 871 1308 sola
901 1270 1158 1321 despotarum
1189 1271 1449 1323 appellatione
1481 1271 1523 1309 in
1563 1270 1646 1309 suis

172 1340 272 1378 quos
293 1327 494 1364 cudebant
523 1326 693 1364 nummis
715 1326 864 1366 vellent
890 1327 1091 1377 insigniri,
1135 1333 1180 1366 ut
1199 1341 1249 1366 cx
1266 1328 1395 1366 Alexii
1415 1334 1455 1367 et
1474 1327 1645 1366 Manne-

171 1384 219 1422 lis
245 1383 417 1422 nummis
449 1383 576 1421 aureis
606 1397 705 1434 quos
729 1384 772 1422 in
798 1385 904 1422 notis
934 1385 987 1422 ad
1004 1384 1233 1423 Alexiadem
1253 1385 1529 1437 descripsimffls
1559 1384 1646 1423 col-

170 1441 320 1492 ligitur.
383 1440 438 1478 sic
456 1440 616 1478 Manu‘el
635 1441 768 1478 Belam
798 1441 1034 1492 Hungarum
1064 1447 1104 1479 et
1130 1442 1292 1480 Alexius
1315 1443 1487 1494 Angelus
1510 1441 1645 1480 Theo-

173 1497 318 1536 dorum
339 1498 535 1536 Lascarim
565 1503 605 1535 et
622 1497 806 1536 Alexium
821 1498 1096 1549 Palaeologum
1111 1528 1122 1545 ‚
1149 1499 1322 1537 filiarum
1340 1513 1504 1538 suarum
1521 1498 1648 1537 mari-

171 1560 235 1592 tos
254 1554 454 1607 despotica
478 1554 741 1606 appellatione
765 1561 996 1604 ornarunt,
1029 1568 1106 1605 qua
1135 1556 1208 1594 sub
1235 1555 1475 1606 Palaeologis
1501 1555 1649 1606 passim

170 1611 298 1662 legere
333 1617 392 1650 est
421 1611 624 1662 insignitos
655 1611 943 1663 imperatorum
969 1611 1071 1650 filios
1102 1618 1172 1650 aut
1205 1613 1361 1651 fratres.
1419 1625 1521 1662 quae
1547 1625 1648 1651 vero

170 1667 322 1706 suerint
351 1669 478 1707 eiusce
508 1668 709 1719 dignitatis
740 1668 909 1720 insignia
939 1669 1053 1708 docet
1076 1674 1235 1721 praeter
1260 1669 1459 1708 Codinum
1489 1668 1647 1722 Pachy-

170 1737 297 1763 meres
312 1724 340 1763 l.
361 1724 389 1766 4
410 1738 442 1763 c.
461 1725 532 1763 ult.
556 1731 596 1763 et
614 1725 642 1765 l.
667 1725 692 1767 5
715 1739 748 1764 c.
772 1728 810 1766 1.

284 1793 328 1822 v.
348 1783 416 1824 21.
473 1777 749 1832 Ἰατζουλῖνος]
783 1782 839 1819 De
865 1781 1041 1820 Iosselini
1070 1781 1225 1820 comitis
1254 1782 1443 1821 Edessani
1472 1781 1646 1834 captivi-

171 1843 256 1876 tate
279 1842 318 1875 et
333 1843 464 1876 morte
492 1838 728 1876 consulendi
744 1839 888 1891 Tyrius
905 1839 934 1880 l.
953 1842 1005 1881 16
1025 1852 1058 1878 c.
1080 1838 1133 1881 14
1155 1845 1195 1877 et
1214 1851 1318 1890 seq„
1348 1841 1544 1889 sanutus,
1573 1852 1648 1878 au-

171 1900 258 1934 ctor
278 1893 333 1932 M.
355 1894 501 1933 Cliton.
522 1895 664 1946 Belgici
686 1901 761 1934 etc.

283 1965 323 2001 p.
342 1954 425 1994 216
447 1964 487 1990 v.
505 1955 544 1992 2.
602 1951 874 2001 Βαλὸουῖνον]
912 1951 1000 1989 Non
1021 1950 1241 1990 Balduinus
1263 1951 1384 1990 modo
1398 1981 1410 2000 ‚
1440 1952 1552 1991 cuius
1574 1965 1647 1991 su-

170 2019 244 2059 pra
265 2006 445 2044 meminit
461 2007 688 2056 Cinnamus,
719 2022 741 2046 a
759 2007 961 2046 Noradino
983 2020 1118 2046 caesus
1135 2009 1225 2058 fuit,
1253 2010 1296 2046 in
1314 2009 1509 2048 Edessena
1527 2009 1644 2047 vide-

169 2064 262 2102 licet
282 2063 498 2113 obsidione,
529 2064 600 2102 sed
623 2070 664 2103 et
683 2064 886 2103 Renaldus
902 2064 1087 2103 Balduini
1101 2064 1207 2103 filius
1225 2065 1384 2104 biennio
1408 2072 1500 2118 post
1518 2064 1644 2102 vitam

171 2120 301 2159 amisit
325 2134 370 2158 eo
394 2120 436 2158 in
457 2121 605 2172 praelio
631 2127 771 2160 contra
790 2121 960 2160 eundem
979 2121 1247 2171 Noradinum,
1279 2123 1333 2160 in-
1349 2131 1428 2170 quo
1447 2120 1643 2159 Raimun-

172 2177 247 2216 dus
270 2176 544 2216 Antiochenus
575 2178 769 2231 princeps.
791 2185 1020 2231 peremptus
1049 2184 1108 2216 est
1143 2180 1201 2217 27
1231 2174 1322 2214 Iun·
1355 2175 1401 2214 A·
1426 2179 1556 2227 1148,
1595 2183 1642 2215 ut

170 2239 233 2273 est
251 2234 359 2286 apud
370 2234 536 2286 Tyrium
554 2235 584 2276 l.
610 2239 661 2278 17
681 2249 715 2275 c,
737 2237 802 2278 19.
827 2235 1015 2274 Balduini
1032 2232 1197 2274 caedem
1208 2232 1333 2271 refert
1347 2231 1454 2271 idem
1468 2233 1642 2286 scriptor

167 2290 195 2330 L
222 2290 332 2391 145..
345 2295 422 2390 ἑὸ.
443 2324 761 2398 Κωνσταῷτίνῳ]
791 2342 967 2382 Redacto
985 2343 1027 2383 in
1047 2343 1228 2383 ordinem
1249 2358 1275 2383 a
1294 2344 1477 2384 Manuele
1488 2346 1644 2385 Toroso

169 2400 378 2440 Armeniae
407 2400 543 2452 regulo
572 2399 776 2451 captisque
804 2400 946 2450 Tarso,
991 2400 1218 2451 Mamistra,
1257 2402 1497 2454 Longiniade
1533 2409 1643 2441 cete-

169 2457 300 2508 risque
320 2457 477 2495 Ciliciae
497 2457 665 2509 oppidis,
687 2456 736 2494 ab
750 2457 990 2510 imperatore
1009 2458 1056 2497 iis
1070 2459 1292 2510 praefectus
1313 2466 1379 2498 est⁴
1392 2459 1645 2510 calamanus,

171 2514 240 2564 qui
259 2514 420 2564 Boritii,
460 2514 509 2552 de
537 2528 616 2564 quo
645 2513 792 2565 egimus
825 2514 878 2552 ad
906 2528 991 2566 pag.
1013 2518 1116 2564 118,
1155 2515 1260 2554 filius
1282 2515 1429 2554 diserte
1453 2516 1601 2555 dicitur
1619 2530 1643 2554 a

171 2569 405 2609 Thwroczio
425 2571 453 2612 l.
473 2574 499 2612 2
519 2585 551 2609 c.
571 2574 637 2614 61.
694 2570 790 2608 hinc
808 2573 1110 2609 Mamistrensis
1130 2570 1216 2609 dux
1244 2573 1467 2625 appellatur
1490 2574 1534 2612 in
1556 2573 1645 2626 epi·-

171 2626 281 2664 stulis
299 2627 490 2667 Ludovici
506 2628 649 2667 Franc.
671 2640 750 2679 reg.
779 2635 818 2666 et
839 2627 1028 2667 Gaufredi
1046 2627 1246 2667 Fulcherii
1262 2629 1644 2683 Hierosolymitanae

171 2682 323 2722 domus.
342 2685 609 2738 praeceptoris
635 2685 679 2723 in
706 2685 812 2723 Gest.
842 2685 912 2723 Dei
935 2698 1008 2737 per
1036 2685 1179 2725 Franc.
1210 2699 1249 2738 p.
1271 2689 1380 2730 1179
1410 2694 1451 2727 et
1470 2690 1579 2730 1182
1602 2693 1645 2725 et

174 2739 347 2778 Ciliciae
356 2756 545 2794 praeses,
575 2741 732 2780 domini
748 2744 1006 2794 imperatoria
1027 2744 1355 2795 consanguineus
1383 2752 1421 2782 et
1453 2745 1643 2795 imperia-

168 2796 271 2834 lium
287 2798 331 2835 in
352 2798 430 2836 illa
438 2801 658 2850 provincia
679 2807 927 2852 procurator
945 2801 1221 2852 negotiorum,
1265 2801 1374 2853 apud
1398 2800 1641 2840 Willelmum

169 2853 336 2905 Tyrium
357 2853 384 2894 l.
407 2858 460 2900 19
483 2869 517 2896 c.
537 2859 578 2908 9,
609 2856 752 2909 quibus
776 2857 818 2897 in
849 2857 952 2897 locis
977 2858 1150 2898 refertur
1181 2858 1374 2910 praelium
1391 2857 1639 2897 Noradinum

1669 1503 1790 1539 P469
