1878 3262
633 211 1032 258 HISTORIARUM
1063 214 1115 258 1..
1146 214 1206 258 V.
1548 214 1648 261 205

186 325 447 384 δεησόμενος,
477 329 646 384 πρᾶγμα
662 324 825 383 ὑψηλόν
846 345 889 371 τε
910 330 978 371 καὶ
998 328 1217 383 δαιμονίως
1242 325 1464 387 ὑπέρογκον
1485 331 1554 373 καὶ
1571 328 1649 374 ὅσα

183 399 253 453 ἐμὲ
279 398 425 440 εἰδέναι
452 396 596 439 οὕποτε
630 396 772 440 ἄλλοτε
790 395 1004 450 Ῥωμαίοις
1026 398 1247 453 εὖτυχηθέν
1267 397 1475 456 πρότερον.
1542 401 1651 451 τίνος

183 467 261 524 γὰρ
279 468 346 508 καὶ
367 470 447 509 τῶν
467 466 895 523 μεγαλοπρεπεστέρων
911 465 987 519 οὐχ
1006 464 1235 523 ὑπέρκειται
1260 467 1392 525 ἅνᾷρα
1408 467 1651 524 τηλικαύτης

181 534 474 592 ’ἡγεμονεύοντα
497 539 572 591 γῆς
606 537 674 577 καὶ
699 533 904 577 τοσούτων
939 533 1174 590 κυριεύοντα
1206 537 1338 579 ἐθνῶν
1363 541 1531 591 βασιλεῖ
1548 535 1652 580 Ῥω-

147 612 170 647 5
179 606 314 659 μαίων
339 606 381 646 ἓν
410 605 563 646 οἰκέτου
591 602 838 661 παρεστάναι
869 601 1046 658 σχήματι
1055 622 1070 657 ,·
1105 606 1174 645 καὶ
1202 603 1260 654 ὥς
1275 622 1319 660 γε
1335 612 1421 656 τοῖς
1442 604 1651 663 φιληκόοις

178 673 491 726 τὰτελεσθέντα
520 671 610 715 τότε
635 673 903 727 διηγησαίμην
912 703 926 724 ,
961 666 1061 729 ἦρτο
1087 673 1162 725 μὲν
1185 676 1303 727 βῆμα
1333 673 1548 732 λαμπρόν,
1583 677 1652 717 καὶ

180 744 327 800 δίφρος
347 744 410 784 ἐπὶ
429 745 614 784 πλεῖστον
635 745 762 797 γῆθεν
784 739 997 797 αῗρόμενος
1015 740 1139 783 ἔκειτο
1148 773 1162 793 ,
1197 741 1339 795 θέαμα
1358 741 1479 799 λόγου
1497 747 1652 786 πολλοῦ

178 810 304 862 ἄξιον.
374 811 558 867 εἴργαστο
577 810 651 863 μὲν
667 809 776 860 ἅπας
791 814 974 866 χρυσοῦ,
1012 811 1144 852 λίθων
1165 810 1209 852 δὲ
1231 808 1452 866 ἀνθράκων
1474 815 1542 854 καὶ
1566 811 1646 855 ὖα-
1669 819 1702 855 C

178 882 331 923 κίνθων
367 876 554 936 ἄφθονόν
590 895 628 921 τι
667 877 954 932 ἁπανταχόθεν
983 876 1129 920 τούτου
1172 880 1452 933 διεστοίβαστο
1491 885 1651 936 χρῆμα.

126 947 415 1006 ῙΟμαργάρους
442 949 486 990 δὲ
511 947 605 988 οὐδ’
628 945 679 989 ἂν
708 947 899 1004 ἀριθμεῖν
921 946 1024 1001 ἴσχε.
1094 947 1199 990 καθ’
1224 948 1295 990 ἵνα
1319 947 1398 1005 γὰρ
1415 951 1497 990 τῶν
1515 949 1649 1006 ἠρέμα

178 1018 284 1060 κατὰ
315 1018 486 1071 ὁ“ιέχειαν
514 1014 748 1072 πεπηγότων
778 1018 910 1058 λίθων
934 1015 1145 1072 περιέθεον
1171 1016 1313 1059 ἱκανοί.
1391 1017 1646 1074 ε’σφαίρωντο

177 1087 252 1141 μὲν
272 1087 313 1136 ἐς
332 1086 378 1128 τὸ
399 1085 562 1141 ἀκριβές
570 1116 584 1136 ,
618 1082 875 1127 λελεῦκανται
899 1086 943 1127 δὲ
963 1082 1063 1142 ὖπὲρ
1080 1084 1214 1140 χιόνα.
1267 1085 1440 1142 τηλίκων
1463 1084 1484 1128 ὅ
1502 1088 1650 1144 δίφρος

177 1153 414 1211 πεπλήρωτο
438 1151 598 1210 φώτων.
666 1151 714 1195 τό
736 1170 780 1209 γε
799 1154 881 1209 μὴν
900 1152 1108 1196 ἀνώτατον
1130 1157 1198 1196 καὶ
1219 1154 1294 1210 τὴν
1322 1154 1503 1211 κεφαλὴν
1520 1154 1648 1214 ὓπερ-

174 1230 303 1266 τεῖνον
322 1223 449 1265 αὐτοῦ
464 1222 589 1279 μέρος
614 1221 796 1280 τοσούτῳ
826 1227 908 1265 τῶν
935 1223 1070 1265 ἄλλων
1088 1222 1244 1280 ἐκράτει
1263 1221 1545 1280 λαμπρότησιν
1561 1223 1647 1283 ὅσῳ

122 1300 166 1337 15
176 1294 243 1335 καὶ
263 1290 288 1347 ἦ
313 1293 355 1333 ἓν
375 1289 562 1348 γειτόνων
585 1291 699 1349 αὐτῷ
715 1296 795 1333 τῶν
815 1294 968 1334 λοιπῶν
986 1296 1120 1345 μελῶν
1138 1291 1341 1350 προῦφερε
1362 1291 1534 1350 κεφαλή.
1572 1293 1646 1351 ἐφ’

174 1355 224 1404 οὗ
250 1365 436 1416 καθῆστο
461 1359 654 1413 βασιλεὺς
679 1360 842 1416 μεγέθει
870 1359 1061 1414 σώματος
1088 1360 1398 1417 ἄναλογωτάτου
1423 1361 1494 1404 τὸν
1513 1360 1648 1406 πάντα

173 1434 353 1487 πληρῶν.
422 1428 550 1483 ἐσθὴς
568 1430 611 1470 δὲ
627 1429 750 1471 αὐτὸν
765 1430 969 1486 περιέθεεν
990 1427 1180 1486 ἁλουργίς
1189 1462 1203 1482 ,
1239 1427 1415 1480 ἐξαίσιόν
1433 1447 1472 1472 τι
1488 1435 1648 1487 χρῆμα.

174 1498 336 1541 ἄνωθεν
361 1496 456 1555 ἄχρι
486 1499 552 1539 καὶ
578 1498 619 1548 ἒς
647 1497 722 1548 τὰς
745 1496 889 1552 βάσεις
918 1498 1046 1548 αὐτὰς
1070 1499 1294 1555 ε’πυρσοῦτο
1322 1499 1398 1552 μὲν
1429 1498 1646 1556 ἄνθραξιν,

172 1567 351 1624 ηὖγίζετο
381 1568 425 1609 δὲ
453 1565 702 1623 μαργάροις,
738 1567 811 1608 οὐκ
840 1566 1085 1624 ἀπεριέργως
1100 1568 1259 1622 μέντοι,
1296 1567 1402 1609 ἀλλὰ
1421 1570 1642 1622 θαυμασιά
1663 1576 1698 1612 Β

116 1644 235 1687 2οτις
254 1636 403 1686 αὐτοὺς
425 1636 621 1678 ε’ποίκιλλε
648 1633 853 1693 γραφική,
889 1634 1092 1694 ἀκήρατον
1123 1635 1252 1691 δήπου
1282 1640 1459 1690 λειμῶνα
1481 1639 1647 1691 σχεδια-

174 1703 320 1760 ζούσης
339 1709 398 1762 τῷ
419 1704 556 1761 πέπλῳ
574 1709 645 1759 τῆς
667 1705 820 1760 τέχνης.
890 1704 970 1747 ἀπὸ
992 1706 1128 1759 μέντοι
1149 1703 1354 1762 τραχήλου
1383 1704 1478 1763 ἄχρι
1496 1708 1563 1748 καὶ
1581 1707 1648 1749 ἐπὶ

173 1774 320 1831 στέρνα
352 1771 560 1829 ὖπερφυὴς
584 1773 746 1828 μεγέθει
777 1775 844 1816 καὶ
868 1779 994 1835 χροιᾷ
1020 1776 1140 1825 λίθος
1169 1775 1248 1817 ἀπὸ
1266 1774 1453 1833 χρυσέων
1474 1779 1645 1818 καθεῖτο

265 1892 301 1927 3.
322 1889 726 1936 μεγαλοπρεπεστέρων]
748 1892 848 1927 Fort.
869 1889 1279 1937 μεγαλοπρεπεστάτων.
1421 1893 1458 1929 5.
1481 1891 1647 1940 οἰκέτου]

264 1938 363 1972 Fort.
389 1935 524 1972 ἱκέτου.
664 1940 717 1974 10.
741 1936 937 1984 ἀριθμεῖν]
961 1938 1059 1973 Fort.
1088 1937 1167 1972 add.
1186 1949 1254 1977 τις.
1371 1939 1427 1974 12.
1450 1938 1644 1974 λελεύκαν-

266 1985 349 2028 ται]
375 1983 492 2017 Malim
513 1980 741 2018 λελεύκαντο.
849 1984 906 2020 19.
929 1980 1121 2029 ηὐγίζετο]
1146 1981 1325 2028 ηὕγοὶζετο
1338 1982 1359 2019 7
1456 1986 1514 2020 20.
1539 1982 1644 2022 ἐποί-

263 2030 383 2075 κιλλε]
408 2029 542 2065 Tollius
562 2026 734 2064 ἐποίκιλε.

173 2134 303 2181 gloriae
314 2162 323 2177 ‚
345 2133 452 2180 qualis
466 2143 633 2178 nunquam
647 2134 750 2168 antea
761 2158 773 2176 ‚
797 2134 958 2178 quantum
971 2131 1133 2167 memoria
1146 2131 1282 2178 assequi
1294 2143 1432 2187 possum
1441 2158 1453 2177 ‚
1477 2133 1642 2171 Romanis

174 2181 329 2225 contigit.
377 2180 468 2226 quod
486 2180 573 2214 enim
589 2179 644 2213 vel
660 2179 1001 2224 praeclarissimorum
1014 2178 1199 2213 facinorum
1214 2190 1279 2212 non
1293 2180 1387 2214 istud
1403 2185 1564 2225 superat,
1586 2182 1641 2216 vi-

172 2238 248 2262 rum
275 2230 391 2261 tantae
414 2226 561 2271 regionis
588 2225 773 2270 principem
799 2230 920 2270 totque
941 2225 1160 2270 imperantem
1182 2224 1369 2260 nationibus
1390 2226 1587 2272 imperatori
1601 2239 1641 2263 se

172 2274 327 2308 Romano
343 2272 459 2307 servili
484 2272 610 2306 stitisse
626 2271 742 2306 habitu
753 2271 773 2305 ’ἐ
796 2276 899 2316 atque
924 2277 963 2306 ut
983 2282 1095 2305 rerum
1108 2270 1222 2305 talium
1238 2271 1396 2306 studiosis
1409 2283 1451 2306 ea
1466 2284 1556 2318 quae
1568 2278 1640 2309 tum

173 2325 253 2354 acta
273 2319 321 2354 ibi
347 2320 504 2361 fuerunt,
526 2319 671 2352 referam
683 2343 694 2359 ‚
717 2317 927 2363 splendidum
943 2317 1076 2363 quidem
1092 2322 1300 2352 exstructum
1315 2322 1391 2352 erat
1406 2318 1556 2353 tribunal
1567 2345 1578 2362 ‚
1604 2321 1642 2354 et

173 2365 257 2400 sella
271 2377 294 2399 a
307 2371 402 2400 terra
417 2365 517 2409 longe
534 2374 718 2407 exsurgens
729 2365 839 2409 posita
851 2368 936 2404 erat,
947 2363 1177 2408 spectaculum
1191 2375 1275 2398 sane
1290 2369 1475 2399 memoratu
1488 2365 1639 2409 dignum.

174 2415 249 2446 tota
265 2423 308 2445 ex
323 2422 407 2445 auro
432 2415 507 2444 erat
530 2409 699 2448 conflata,
723 2409 937 2444 carbunculis
952 2415 988 2444 et
1005 2409 1195 2454 hyacinthis
1210 2409 1342 2444 infinito
1358 2411 1484 2455 ubique
1499 2422 1639 2445 numero

175 2456 342 2492 distincta.
389 2457 590 2501 margaritas
614 2456 704 2490 haud
727 2456 829 2490 facile
851 2455 926 2501 quis
949 2460 1176 2490 numerasset:
1217 2467 1294 2490 nam
1317 2456 1470 2500 singulos
1496 2456 1643 2501 lapillos,

176 2503 235 2558 qui
253 2503 394 2549 sparsim
406 2513 469 2549 per
483 2502 665 2537 intervalla
680 2502 845 2548 compacti
860 2507 977 2545 erant,
1009 2502 1200 2536 ambiebant
1220 2501 1428 2546 complures,
1453 2502 1642 2537 accuratis—

176 2558 281 2583 sunae
296 2549 503 2584 orbiculatae
514 2575 526 2591 ‚
549 2549 694 2593 niveque
710 2548 931 2583 candidiores.
977 2547 1165 2583 huiusmodi
1181 2559 1222 2581 ea
1235 2547 1319 2581 sella
1334 2547 1512 2581 luminibus
1525 2548 1641 2594 reple-

175 2593 291 2629 batur.
329 2607 409 2641 pars
425 2600 536 2629 autem
554 2595 626 2629 eius
644 2606 818 2639 suprema,
837 2605 926 2640 quae
940 2593 1091 2628 nimiunn
1106 2604 1209 2638 supra
1224 2598 1326 2638 caput
1342 2593 1548 2636 extenditur,
1561 2598 1641 2628 tan-

176 2641 249 2673 tum
272 2645 461 2676 ceterorum
487 2646 758 2675 ornamentorum
779 2641 960 2686 superabat
973 2639 1206 2687 splendorem,
1238 2643 1365 2684 quanto
1381 2639 1518 2684 reliquis
1534 2651 1640 2675 mem-

175 2684 248 2719 bris
263 2687 478 2722 excellentius
494 2693 548 2722 est
561 2692 675 2733 caput.
721 2687 787 2722 hac
801 2687 881 2722 sede
894 2687 1079 2732 imperator
1094 2683 1303 2728 considebat,
1327 2685 1544 2731 amplitudine
1558 2697 1640 2720 cor-

176 2730 271 2775 poris
287 2733 499 2768 convenienti
522 2738 628 2768 totam
653 2732 809 2778 implens.
861 2733 968 2767 vestis
993 2743 1068 2766 eum
1099 2730 1328 2766 circumdabat
1360 2742 1531 2777 purpurea
1541 2758 1552 2775 ,
1581 2742 1639 2766 res

177 2776 329 2812 miranda
352 2789 502 2824 prorsus.
549 2791 571 2814 a
594 2779 762 2825 superiori
785 2778 870 2814 enim
886 2790 994 2824 usque
1018 2778 1062 2812 ad
1076 2777 1172 2811 imam
1187 2782 1318 2822 partem
1333 2781 1410 2811 tota
1426 2777 1639 2812 carbunculis

179 2822 392 2866 collucebat,
413 2825 632 2870 fulgebatque
657 2825 868 2871 margaritis,
900 2837 967 2860 non
981 2824 1114 2870 quidem
1155 2823 1320 2857 romiscue
1333 2823 1475 2868 positis,
1498 2823 1557 2857 sed
1573 2822 1638 2856 ad-

178 2867 322 2903 mirabili
341 2869 473 2915 pictura
486 2870 536 2905 sie
555 2871 715 2916 variatis,
739 2876 908 2918 tamquam
922 2871 953 2907 si
969 2881 1087 2907 verum
1143 2869 1245 2916 ‘quod
1259 2874 1392 2916 pratum
1412 2880 1469 2904 ars
1482 2868 1517 2903 in
1531 2867 1635 2914 peplo
