1878 3262
544 185 1091 230 COMMENTARIORUM
1122 187 1173 230 L.
1199 186 1257 230 H.
1567 185 1633 233 95

163 303 313 361 ὁρίοις,
349 299 392 344 εἷ’
408 318 486 344 που
518 300 694 356 ἐντυχεῖν
727 302 922 356 δυνηθείη
957 288 1159 358 Τούρκοις
1184 302 1241 352 εἷς
1259 298 1468 358 προνομὴν
1489 303 1632 344 κατελ-

162 377 331 415 θοῦσιν·
365 370 552 424 ἐβούλετο
577 371 656 427 γὰρ
683 370 856 424 αὐξῆσαι
876 370 928 412 τὰ
951 368 1127 426 τρόπαια
1148 373 1215 412 καὶ
1234 370 1362 420 οὕτως
1384 372 1440 420 εἷς
1462 369 1536 424 τὴν
1555 387 1631 423 με-

161 439 380 498 γαλόπολιν
411 441 638 489 πένταθλος
660 440 875 481 ἐἶσελθεῖν
897 440 1151 495 στεφανίτης.
1220 439 1314 481 ἀλλ’
1353 440 1396 481 ἐκ
1429 439 1631 492 βασιλέως
1651 441 1683 476 P
1706 440 1751 477 54

162 509 403 567 πεμφθέντα
419 507 641 566 γράμματα
659 509 724 550 καὶ
744 511 844 557 ναῦς
865 506 940 549 σὺν
958 508 1111 563 ἐρέταις
1125 506 1307 564 μονήρης
1326 506 1533 550 ἐκώλυσαν
1553 507 1631 552 αὖε

130 579 232 623 ᾶτὸν
253 582 326 632 τῆς
341 575 491 633 ὁρμῆς·
526 578 703 620 ἐκέλευον
723 576 801 632 γὰρ
815 576 874 621 ,τὰ
895 574 1120 633 γράμματα
1140 578 1334 618 εἰσελθεῖν
1357 579 1414 627 εἷς
1436 576 1510 631 τὴν
1531 580 1632 618 ναῦν

161 647 237 691 σὺν
262 651 320 704 τῷ
343 648 550 704 Οὖρσελίῳ
569 647 636 687 καὶ
662 646 815 699 ταχέως
843 643 916 700 τὴν
939 647 1135 699 βασιλίδα
1161 649 1427 699 καταλαβεῖν,
1463 643 1519 695 ὡς
1545 646 1632 688 ἓνε-

162 714 385 773 δρευόντων
406 717 496 772 περὶ
519 714 593 764 τὰς
614 712 775 764 διόδους
795 712 1110 770 τῶν,Τούρκων.
1179 712 1201 756 ὃ
1237 715 1311 768 μὲν
1342 709 1413 756 οῦν
1436 715 1559 757 ε’ποίει
1582 713 1630 756 τὸ

161 785 376 827 κελευσθὲν
396 785 465 826 καὶ
487 783 555 826 διὰ
578 787 650 838 τῆς
671 782 766 838 νηὸς
787 783 967 838 ἠπείγετο
986 782 1088 839 πρὸς
1109 783 1182 837 τὴν
1196 785 1474 839 Προποντίδα.
1516 787 1629 840 θρα-

161 855 276 896 σκιόυ
297 853 341 895 δὲ
365 850 609 902 πνεύσαντος
628 853 819 909 ἐξαίφνης
838 853 1022 908 σφοδροῦ
1042 855 1190 906 μικροῦ
1204 851 1254 893 ἂν
1266 850 1484 894 ἐκινδύνευε
1498 869 1628 894 ναυα-

106 924 234 979 1ογίῳ
264 928 506 978 περιπεσεῖν,
543 923 577 963 εἲ
609 921 667 975 μὴ
701 924 923 978 προφανῶς
953 918 1136 974 τοῦτον-ἢ
1155 918 1374 977 θεομήτωρ
1402 919 1630 977 ἐρρύσατο·

162 990 250 1044 ἅμα
284 1007 327 1032 τε
357 990 435 1047 γὰρ
471 991 736 1032 ἐπεκαλέσατο
767 989 841 1043 τὴν
875 987 1025 1043 ταύτης
1046 987 1245 1043 βοήθειαν
1266 991 1332 1031 καὶ
1355 989 1482 1038 εὐθὺς
1499 987 1525 1044 ἦ
1543 987 1630 1031 θά-

162 1063 299 1103 λασσα
324 1057 591 1114 κατηυνάζετο
602 1091 616 1111 ,
651 1060 719 1101 καὶ
752 1057 858 1101 οὕτω
884 1059 1016 1114 γέγονε
1041 1060 1256 1115 διαδρᾶναι
1275 1062 1418 1100 τοῦτον
1438 1057 1509 1100 τὸν
1531 1055 1632 1100 κλύ-

161 1130 285 1170 δωνα.

299 1195 378 1240 28.
447 1193 750 1249 Καταλαβόντα
782 1196 827 1237 δὲ
850 1199 993 1238 τοῦτον
1013 1195 1087 1251 τὴν
1105 1196 1300 1250 βασιλίδα
1326 1190 1587 1252 φιλοφρόνως
1608 1191 1631 1236 ὃ
1653 1199 1686 1235 Β

106 1274 150 1311 15
159 1265 352 1320 βασιλεὺς
372 1262 584 1318 ὑπεδέχετο
603 1262 801 1319 ἠσπάζετό
821 1282 862 1306 τε
884 1262 1035 1319 ἡδέως,
1070 1267 1138 1306 καὶ
1163 1266 1231 1306 ἵνα
1257 1270 1342 1314 τοῖς
1360 1265 1508 1306 ἐκείνου
1524 1261 1632 1320 χρή-

162 1351 298 1388 σωμαι
323 1332 475 1391 ῥήμασι
496 1331 692 1383 ι(καλῶς”
722 1333 868 1390 ἔφησεν
887 1327 1010 1388 ((’ἧκεν
1044 1331 1070 1388 ἦ
1106 1332 1210 1386 μετὰ
1241 1333 1343 1375 θεὸν
1376 1333 1486 1383 δεξιὰ
1515 1330 1633 1387 ἡμῶν

159 1403 294 1459 χείρ.”
367 1402 473 1444 ἀλλὰ
495 1400 646 1456 ταύτην
667 1402 740 1455 μὲν
761 1401 924 1458 πρώτην
943 1402 1056 1455 ἔσχεν
1074 1402 1117 1443 ἐκ
1137 1402 1338 1456 βασιλέως
1357 1401 1532 1456 ἀμοιβὴν
1551 1405 1634 1444 τῶν

162 1470 318 1523 πόνων,
344 1470 419 1525 τὴν
438 1472 640 1524 βασιλέως
662 1471 919 1526 εὐχαριστίαν
928 1502 942 1521 ,
969 1468 1140 1527 πρώτως
1160 1470 1282 1520 αὐτὸς
1303 1469 1496 1524 ἐντυχών·
1530 1469 1635 1524 μετὰ

126 1542 134 1551 ’
162 1541 206 1582 δὲ
230 1544 348 1582 τοῦτο
372 1541 490 1592 ἐτίμα
512 1541 579 1581 καὶ
604 1538 806 1592 σύμβολα.
874 1537 950 1593 εἶχε
980 1540 1023 1581 δὲ
1052 1540 1120 1580 καὶ
1152 1539 1221 1580 τὸν
1253 1539 1472 1595 Οὖρσέλιον
1497 1538 1633 1595 εἱρκτὴ

105 1607 468 1666 ὶοφρουρούμενον
493 1608 713 1665 ἀσφαλῶς,
750 1607 795 1650 ὃν
818 1606 840 1649 ὅ
864 1607 988 1658 καλὸς
1011 1608 1064 1650 τὰ
1086 1605 1219 1649 πάντα
1238 1607 1412 1658 Ἀλέξιος
1441 1608 1637 1657 παντοίας
1686 1604 1689 1606 Δ

164 1679 387 1731 ἐπιμελείας
403 1677 517 1732 ἠξίου
541 1677 672 1718 πολλὰ
694 1681 774 1719 τῶν
797 1677 1024 1733 ἀναγκαίων
1046 1677 1209 1718 οἴκοθεν
1230 1676 1343 1734 αὐτῷ
1360 1681 1547 1733 χορηγῶν
1569 1677 1639 1718 καὶ

163 1746 237 1800 τὴν
263 1747 464 1800 βασιλέως
499 1746 611 1804 αὐτῷ
643 1744 893 1798 κατευνάζων
927 1744 1063 1803 ὀργήν.
1133 1745 1186 1787 τὰ
1218 1746 1291 1799 μὲν
1325 1740 1397 1787 οὖν
1431 1745 1538 1788 κατὰ
1567 1744 1638 1787 τὸν

258 1865 313 1899 19.
336 1860 443 1908 ἐτίμα
467 1863 530 1898 καὶ
554 1862 742 1909 σύμβολα]
768 1861 920 1908 ἐτιμᾶτο
940 1862 1007 1916 καὶ
1032 1861 1256 1910 συμβόλοιςῖ
1284 1864 1348 1898 nisi
1372 1864 1452 1909 quid
1476 1863 1614 1898 excidit.

166 1967 379 2002 occasionum
407 1966 611 2011 confligendi
635 1978 709 2001 cum
725 1966 851 2002 Turcis
867 1967 999 2012 sperari
1014 1967 1159 2001 facultas
1182 1971 1318 2013 posset,
1350 1967 1503 2012 quoniam
1519 1979 1560 2001 eo
1576 1978 1636 2002 us-

166 2026 234 2058 que
249 2014 291 2047 ad
309 2013 453 2058 praedas
469 2024 650 2046 excurrere
668 2013 716 2046 illi
740 2018 998 2047 consueverant.
1047 2014 1168 2047 urebat
1184 2014 1270 2047 enim
1287 2025 1361 2047 eum
1378 2025 1562 2058 generosus
1578 2025 1636 2047 ar-

166 2060 230 2094 dor
253 2059 490 2102 erigendorum
514 2059 744 2102 multiplicium
768 2065 986 2103 tropaeorum
1002 2059 1206 2104 pigebatque
1221 2060 1344 2094 fortem
1358 2060 1512 2093 iuvenem
1526 2060 1562 2092 in
1575 2071 1635 2093 ur-

165 2106 242 2140 bem
255 2105 381 2149 regiain
396 2104 506 2138 redire
521 2104 585 2138 nisi
600 2105 763 2138 victorem
779 2104 922 2138 omnium
938 2105 1154 2139 certaminum
1170 2111 1205 2139 et
1220 2105 1398 2150 quinquies
1424 2110 1634 2142 coronatum.

166 2151 227 2186 sed
252 2152 296 2185 ab
320 2151 524 2204 imperatore
545 2150 665 2184 literae
680 2150 800 2184 missae
814 2161 888 2184 cum
905 2161 992 2185 nave
1007 2151 1103 2184 unius
1127 2151 1243 2185 scalmi
1264 2151 1446 2195 remigibus
1465 2151 1634 2186 instructa

165 2197 210 2230 ab
233 2197 274 2232 iis
299 2208 373 2230 eum
399 2196 661 2240 cogitationibus
687 2197 937 2230 abstraxerunt.
983 2196 1144 2230 iubebant
1167 2197 1253 2230 enim
1267 2196 1389 2230 literae
1403 2197 1634 2232 conscendere

164 2242 273 2288 ipsum
287 2243 400 2277 statim
416 2254 537 2276 navem
554 2253 627 2275 cum
646 2242 780 2276 Urselio
797 2247 832 2276 et
846 2253 944 2287 quam
961 2243 1101 2296 primum
1117 2242 1438 2287 Constantinopolim
1456 2244 1574 2276 venire
1588 2242 1634 2276 ad

166 2289 324 2322 vitandas
338 2288 478 2322 insidias
494 2289 657 2321 transitus
672 2287 842 2322 terrestris
857 2288 937 2322 viae
951 2287 1168 2322 obtinentium
1187 2289 1387 2323 Turcorum.
1434 2289 1540 2323 fecit
1531 2289 1633 2333 igitur

167 2334 228 2368 ille
243 2334 335 2379 quod
351 2333 533 2368 iubebatur
548 2339 585 2367 et
600 2345 688 2367 nave
702 2334 910 2368 festinabat
900 2345 933 2367 ιιι
947 2334 1200 2388 Propontidem.
1247 2340 1351 2368 vento
1368 2346 1450 2368 vero
1465 2335 1634 2369 Thrascia

167 2380 359 2414 vehementi
374 2379 488 2413 subito
505 2379 652 2413 reflante
669 2390 794 2424 parum
791 2379 908 2414 abfuit
921 2379 1000 2424 quin
1017 2380 1227 2423 naufragium
1243 2381 1392 2421 faceret,
1415 2380 1634 2425 perieratque

167 2425 231 2459 nisi
255 2426 363 2471 palam
389 2426 496 2470 ipsum
514 2425 569 2458 dei
594 2430 701 2459 mater
718 2425 748 2458 ei
762 2424 910 2479 periculo
927 2426 1102 2460 eximeret.
1149 2426 1246 2460 simul
1261 2426 1349 2459 enim
1364 2425 1420 2461 ille
1436 2426 1637 2471 imploravit

168 2471 241 2506 eius
255 2483 352 2516 opem
367 2471 478 2505 statim
494 2483 586 2504 mare
601 2470 812 2515 conquievit,
842 2471 959 2515 sicque
974 2476 1208 2516 tempestatem
1223 2471 1344 2506 evasit.

256 2519 314 2552 28.
361 2518 430 2552 lam
445 2528 519 2551 eum
537 2497 860 2571 Constantinopolim
877 2517 1051 2571 appulsum
1067 2523 1281 2562 peramanter
1295 2517 1480 2563 imperator
1496 2517 1633 2563 excepit

169 2562 407 2608 amplexusque
429 2565 580 2597 suaviter
606 2568 660 2596 est
676 2568 729 2605 et,
761 2567 797 2596 ut
811 2562 883 2596 eius
898 2563 973 2608 ipsa
987 2564 1096 2597 verba
1111 2565 1276 2597 referamx
1308 2565 1332 2582 ‘⁶
1343 2566 1451 2608 bene
1460 2563 1480 2580 ”
1510 2564 1632 2609 inquit,

169 2609 296 2642 “venit
319 2609 349 2643 is
374 2609 431 2654 qui
446 2615 524 2654 post
540 2609 638 2643 deum
653 2608 794 2642 dextera
809 2614 923 2644 nostra
937 2620 1053 2643 manus
1069 2614 1132 2643 est.
1140 2608 1160 2624 ”
1205 2609 1266 2644 sed
1282 2610 1367 2643 baec
1379 2610 1487 2655 prima
1504 2610 1554 2643 illi
1567 2611 1633 2644 suit

167 2654 212 2687 ab
226 2653 428 2698 imperatore
443 2654 664 2690 remuneratio
681 2655 832 2688 laborum
853 2655 1039 2699 gratiarum
1061 2655 1151 2689 actio
1166 2655 1307 2700 primum
1324 2656 1514 2690 occurrenti
1529 2657 1633 2691 sacta.

171 2705 250 2744 post
264 2701 307 2733 ab
322 2700 380 2734 illo
393 2701 522 2735 rebus
512 2701 594 2747 ipsis
609 2706 647 2734 et
660 2700 896 2736 collationibus
910 2702 1096 2736 honoratus
1113 2706 1176 2734 est.
1222 2701 1378 2736 Urseliua
1396 2713 1499 2747 porro
1515 2707 1634 2736 arctae

169 2756 212 2779 ae
227 2756 367 2780 securae
378 2747 556 2781 custodiae
569 2747 668 2781 datus
685 2752 755 2790 est,
774 2758 874 2792 quem
889 2747 978 2781 omni
993 2747 1207 2781 humanitatis
1222 2748 1337 2782 officio
1344 2754 1528 2793 praestans
1542 2749 1634 2781 nullo

170 2802 238 2825 non
262 2802 389 2835 genere
411 2792 632 2837 benignitatis
657 2793 834 2847 prosequi
831 2794 995 2838 perrexit
1020 2793 1159 2827 alexius
1180 2793 1372 2838 pleraque·
1362 2794 1427 2839 ipsi
1443 2793 1634 2828 necessaria

170 2837 269 2872 domo
284 2837 505 2884 suppeditans
518 2839 578 2874 et·
567 2849 651 2875 iram
665 2839 701 2875 in
717 2850 792 2875 eum
804 2838 1017 2886 imperatori·
1031 2839 1206 2886 mitigans..
1243 2839 1354 2876 Ale-xii
1367 2840 1500 2886 quidem
1513 2850 1570 2874 res
1584 2839 1634 2874 aie
