1878 3262
544 217 1086 269 COMMENTARIORUM
1109 223 1159 266 L.
1182 222 1260 266 IV.
1537 221 1631 267 157

188 341 361 399 κτήσεων
391 345 700 399 κατακυριεῦσαι
731 343 889 381 πολλῶν
924 340 990 381 καὶ
1019 337 1215 392 σεβαστὸν
1247 338 1534 391 ἀποδειχθῆναι
1567 338 1634 378 διὰ

184 412 330 470 χρόνον
362 412 536 468 βραχέος
566 412 634 452 καὶ
668 410 795 451 οἰκίαν
824 409 865 449 ἐν
888 409 1106 461 βασιλείοις
1131 411 1270 460 λαβεῖν
1289 407 1352 447 ἐπὶ
1376 410 1433 462 τῷ
1457 407 1633 462 προσμέ·

186 498 277 522 νειν.
345 481 487 536 ἐχρῆτο
513 479 555 521 δ’
578 478 688 535 αὐτῷ
708 477 783 519 κᾶν
806 483 894 525 ταῖς
913 477 1065 531 κρίσεσι
1084 475 1159 517 κᾶν
1177 481 1264 525 ταῖς
1284 473 1532 531 ἀποφάσεσι·
1568 476 1634 515 καὶ

185 549 263 605 γὰρ
288 543 337 603 ἦν
360 546 452 598 ὀξύς
471 565 511 590 τε
534 551 718 603 θηρᾶσαι
746 542 940 599 ἀλήθειαν
970 545 1037 585 καὶ
1059 543 1104 586 τὸ
1126 543 1252 600 ῥηθὲν
1279 543 1514 598 ἀπαγγεῖλαι
1534 561 1634 598 τρα-

154 622 266 666 sung
298 615 527 671 ἐπιτήδειος.
596 608 712 664 οὗτος
742 620 826 663 τοῖς
850 613 1068 666 βασιλείοις
1093 612 1324 669 προσμένων
1347 609 1419 665 τὴν
1437 612 1637 664 βασιλέως

185 683 391 740 ἁπλότητα
418 681 634 741 ἐθεράπευε
660 684 727 724 καὶ
744 681 856 732 ’ὅλως
878 679 953 734 εἶχε
976 688 1060 731 τοῖς
1083 679 1230 723 ἑαυτοῦ
1247 682 1418 735 χείλεσιν
1440 678 1636 736 ἐκκρεμά-

182 769 316 807 μενον.

321 820 399 865 30.
459 818 509 863 ‘O
538 818 751 874 Κομνηνὸς
785 817 828 860 δ’
855 817 1026 869 Ἀλέξιος
1056 815 1158 873 ἐξῄει
1190 813 1313 867 αὖθις
1340 818 1402 859 ἐπὶ
1423 815 1468 858 τὸ
1491 814 1540 857 τὰ
1564 818 1634 870 τῆς
1655 820 1685 854 Β

186 891 332 939 οἶκειάς
348 889 476 944 ἀρχῆς
495 889 808 942 ἐπισκέψασθαι.
875 886 976 943 πρὸς
1005 885 1077 941 τὴν
1090 887 1303 943 Ἀδριανοῦ
1327 887 1370 926 δὲ
1389 884 1503 926 πόλιν
1522 883 1636 940 γενό-

131 966 302 1012 1ομενος
332 959 398 998 καὶ
431 955 583 1014 ἡμέρας
614 958 733 999 ἐκεῖσε
766 957 1028 1012 ἐνδιατρίψας
1053 954 1188 1006 τινάς,
1232 957 1299 996 καὶ
1330 954 1479 1007 μαθὼν
1505 953 1564 995 ὅτι
1589 953 1635 994 τὸ

184 1025 388 1069 Σκυθικὸν
417 1025 528 1080 γένος
553 1027 782 1077 ἐξωπλίζετο
813 1022 912 1066 ὥστε
935 1024 985 1066 τὰ
1008 1023 1256 1080 Βουλγάρων
1279 1026 1502 1077 λη’ἵσασθαι
1529 1020 1635 1078 ὅρια,

182 1095 228 1137 τὸ
260 1093 544 1151 στρατιωτικὸν
572 1093 679 1135 ἅπαν
710 1092 902 1142 συλλέξας
929 1094 996 1134 καὶ
1018 1092 1113 1134 ὅσον
1131 1094 1171 1134 ἐν
1192 1089 1355 1147 ἡγεμόσι
1377 1092 1443 1132 καὶ
1466 1089 1636 1146 ἄρχουσι

183 1163 283 1220 πρὸς
300 1163 371 1217 τὴν
388 1163 589 1203 Φιλίππου
611 1162 842 1219 παρεγένετο
860 1159 999 1213 πόλιν,
1033 1161 1219 1202 κάκεῖθεν
1242 1160 1292 1201 τὰ
1311 1161 1399 1215 περὶ
1418 1158 1511 1208 τοὺς
1528 1157 1638 1200 Σκύ-

182 1236 266 1281 θας
295 1228 526 1284 πυθόμενος
558 1228 614 1280 ὥς
643 1227 906 1286 ἐκδραμόντες
930 1229 980 1271 τὰ
1000 1229 1151 1283 μεταξὺ
1173 1231 1333 1271 Ναῖσοῦ
1353 1229 1420 1269 καὶ
1441 1225 1637 1268 Σκοῦπων

129 1306 172 1342 15
185 1303 387 1357 πορθοῦσι
408 1299 564 1355 χωρία,
592 1299 820 1347 σπουδαίως
845 1297 938 1339 κατ’
962 1298 1118 1340 ἐκείνων
1140 1295 1293 1353 ἐχώρει.
1361 1293 1637 1353 παρελθόντος

185 1368 226 1410 δ’
254 1369 400 1410 ἐκείνου
422 1365 494 1420 τὴν
519 1364 722 1423 Σαρδικ-ήν
733 1398 747 1418 ,
776 1366 814 1408 οἳ
835 1364 996 1408 Σκύθαι
1020 1366 1094 1420 τὴν
1114 1367 1260 1407 ἐκείνου
1285 1364 1378 1407 κατ’
1403 1364 1535 1406 αὐτῶν
1555 1382 1633 1405 πυ-
1656 1369 1688 1404 C

183 1435 352 1490 θόμενοι
380 1434 532 1478 ἕλευσιν
560 1435 633 1489 τὴν
659 1435 767 1477 λείαν
798 1432 1080 1484 καταλιπόντες
1112 1433 1278 1491 ἔφευγον
1310 1432 1497 1489 καθάπερ
1532 1431 1637 1486 εἶχον

183 1503 402 1558 δυνάμεως.
472 1502 676 1553 ἀπελάσας
693 1505 736 1546 δὲ
757 1501 924 1553 τούτους
943 1503 1095 1546 ἐκεῖθεν
1114 1502 1215 1559 πρὸς
1236 1503 1308 1557 τὴν
1334 1502 1536 1543 Φιλίππου
1560 1495 1637 1542 αὖ-

132 1614 135 1615 ⁷
182 1576 253 1623 θις
275 1570 470 1623 ἐπάνεισι,
506 1574 573 1614 καὶ
595 1572 646 1614 τὰ
671 1572 774 1614 κατὰ
800 1571 872 1625 τὴν
890 1569 1030 1627 χώραν
1051 1565 1096 1613 εὖ
1119 1571 1357 1624 διαθέμενος
1380 1571 1446 1612 καὶ
1467 1569 1541 1619 τὰς
1562 1567 1638 1611 πό-

128 1646 263 1692 Ξολεις
284 1642 325 1683 ἐν
346 1645 496 1697 βραχεῖ
512 1644 640 1698 καιρῷ
667 1641 739 1695 τὴν
763 1638 950 1682 ἁπάντων
976 1639 1132 1682 εὔνοιαν
1157 1637 1426 1682 ἐπεσπάσατο·
1462 1640 1527 1681 καὶ
1557 1638 1637 1694 γὰρ

182 1705 231 1765 ἦν
256 1709 356 1765 πρὸς
373 1713 431 1767 τῷ
453 1709 667 1768 ἐλευθερίῳ
693 1711 761 1751 καὶ
793 1707 996 1765 ἐπαγωγὸν
1015 1702 1121 1763 ἦθος
1143 1707 1244 1764 ἔχων
1263 1706 1457 1763 ὃμιλῆσαί
1472 1725 1512 1750 τε
1534 1705 1636 1749 πάν-

274 1838 309 1873 2.
327 1834 387 1872 ἐπὶ
408 1837 484 1884 τῷ]
505 1837 552 1873 V.
573 1834 633 1873 ἐπὶ
654 1835 712 1873 τό.

183 1954 256 1992 rat,
286 1952 326 1983 ut
352 1953 387 1983 et
402 1948 513 1983 multis
527 1948 570 1982 ab
587 1960 627 1983 eo
643 1947 910 1994 possessionibus
929 1946 1054 1982 ditatus
1069 1952 1104 1982 et
1119 1948 1245 1983 sebasti
1258 1948 1482 1995 appellatione
1498 1952 1636 1984 ornatus

182 1996 280 2030 brevi
305 2000 457 2041 tempore
483 1994 619 2028 suisset:
653 1999 831 2039 praeterea
852 1995 903 2029 ius
926 1994 1083 2028 domicilii
1104 1995 1139 2028 iu
1162 1995 1264 2038 regiis
1288 1996 1424 2029 aedibus
1446 2000 1482 2030 et
1503 2002 1635 2040 partem

183 2041 298 2086 palatii
312 2041 346 2074 in
361 2052 427 2085 qua
443 2039 671 2073 diversaretur
684 2040 885 2084 assignatam
901 2040 1095 2084 accepisset.
1143 2041 1303 2074 utebatur
1318 2046 1428 2075 autem
1445 2041 1515 2075 eius
1531 2052 1636 2086 opera

184 2088 366 2132 imperator
382 2090 417 2120 et
431 2085 465 2119 in
480 2082 608 2119 iudiciis
626 2085 710 2119 etin
724 2086 914 2130 responsis;
946 2096 1020 2119 nam
1046 2090 1081 2118 et
1095 2090 1213 2119 acutus
1228 2091 1304 2120 erat
1318 2087 1350 2119 in
1366 2087 1557 2131 indaganda
1572 2099 1635 2120 ve-

182 2133 284 2167 ritate
308 2137 343 2166 et
368 2132 403 2165 in
426 2131 630 2166 enuntiando
649 2130 739 2164 clare
762 2142 802 2164 ac
825 2131 927 2164 nitide
943 2131 1033 2175 quod
1049 2137 1224 2176 oporteret
1238 2132 1271 2165 in
1286 2132 1399 2176 primis
1413 2133 1634 2167 exercitatus.

184 2179 239 2212 hic
252 2178 286 2212 in
302 2177 430 2222 palatio
449 2176 620 2211 diversans
634 2176 814 2220 simplicem
829 2176 1040 2221 imperatoris
1052 2178 1193 2212 animum
1210 2178 1338 2212 artibus
1354 2178 1417 2212 sibi
1432 2178 1520 2212 notis
1535 2178 1635 2212 facile

184 2224 364 2258 deliniebat
378 2224 582 2267 tenebatque
597 2234 639 2256 ex
656 2233 715 2255 ore
729 2233 922 2266 suspensum
938 2233 1012 2256 suo.
1094 2258 1100 2264 ,

273 2270 329 2304 30.
376 2268 512 2302 Interim
541 2268 731 2303 Comnenus
756 2268 893 2302 Alexius
914 2268 948 2301 in
972 2267 1035 2302 sibi
1055 2266 1259 2301 commissam
1274 2268 1479 2313 provinciam
1495 2269 1567 2302 eius
1582 2268 1635 2303 vi-

183 2315 312 2349 sendae
337 2314 570 2358 curandaeque
593 2313 702 2357 gratia
724 2315 920 2358 profectus.
951 2325 1024 2347 cum
1041 2313 1292 2359 Adrianopolim
1306 2314 1476 2357 venis‘set,
1506 2326 1633 2360 paucos

182 2361 231 2394 ibi
252 2361 324 2394 dies
348 2364 497 2393 moratus
521 2359 645 2393 certior
667 2359 778 2392 factus
799 2365 853 2393 est
867 2359 1017 2403 Scythas
1031 2359 1066 2392 in
1082 2359 1252 2393 Romanos
1267 2360 1387 2394 armari
1400 2360 1533 2405 iamque
1547 2361 1634 2393 fines

184 2405 367 2450 Bulgariae
394 2405 575 2439 latrociniis
596 2404 743 2449 ipsorum
767 2404 823 2449 agi
843 2405 1002 2450 ferrique.
1050 2405 1102 2438 his
1128 2405 1270 2448 cognitis
1290 2405 1449 2450 quidquid
1465 2406 1633 2450 copiarum

185 2451 230 2486 ad
245 2463 374 2486 manum
389 2451 453 2485 fuit
467 2451 588 2496 raptim
602 2449 786 2494 contrahit,
815 2450 916 2484 duces
943 2450 1140 2496 praesertim
1156 2461 1197 2483 ac
1211 2450 1364 2484 tribunos
1375 2477 1386 2493 ,
1415 2462 1490 2484 cum
1515 2451 1636 2495 quihus

186 2496 337 2531 omnibus
361 2496 619 2542 Philippopolim
634 2507 672 2529 se
687 2495 847 2539 contulit,
878 2496 934 2529 ubi
956 2495 1143 2530 distinctius
1158 2496 1297 2529 edoctus
1312 2497 1355 2530 de
1371 2496 1472 2530 rebus
1486 2496 1637 2540 Scytha-

185 2554 278 2584 rum,
309 2554 383 2576 cum
405 2542 622 2587 comperisset
643 2541 844 2586 depraedari
867 2552 926 2576 eos
949 2553 990 2575 ac
1015 2546 1152 2575 vastare
1175 2541 1299 2586 oppida
1323 2552 1410 2586 quae
1432 2541 1572 2576 Naisum
1598 2546 1635 2576 et

186 2588 340 2632 Scuppas
359 2588 573 2628 interiacent,
603 2592 742 2621 strenue
759 2587 794 2620 in
810 2598 869 2620 eos
882 2587 986 2621 vadit.
1032 2590 1179 2620 ceterum
1204 2598 1245 2620 eo
1264 2586 1329 2620 iam
1346 2587 1516 2621 Serdicam
1533 2599 1635 2631 prae-

184 2638 354 2677 tergresso
371 2634 522 2677 Scythae
535 2633 623 2667 illius
637 2633 784 2667 adventu
799 2632 935 2676 cognito
945 2658 956 2675 ‚
979 2633 1088 2666 effuse
1100 2632 1134 2665 in
1148 2633 1260 2676 fugam
1275 2644 1313 2667 se
1326 2632 1491 2667 dederunt
1504 2633 1634 2678 praeda

186 2678 359 2713 derelicta.
406 2679 527 2724 quihus
561 2678 638 2712 inde
672 2678 775 2724 pulsis
805 2678 944 2712 Alexius
969 2678 1227 2723 Philippopolim
1251 2678 1436 2712 revertitur
1457 2680 1632 2724 positaque

186 2735 290 2769 opera
302 2724 335 2757 in
350 2725 503 2769 pacanda
517 2725 656 2770 regione
669 2724 873 2768 urbibusque
889 2723 1100 2767 ordinandis,
1130 2724 1272 2758 omnium
1294 2725 1389 2758 brevi
1404 2725 1467 2758 sibi
1482 2726 1635 2758 benevo-

185 2769 320 2803 lentiam
345 2770 544 2804 conciliavit.
591 2781 666 2804 nam
722 2775 931 2815 raeterquam
954 2769 1102 2803 liberalis
1128 2769 1227 2804 etiam
1251 2775 1366 2805 cetera
1380 2771 1538 2804 comitate
1552 2781 1635 2803 con-

185 2825 322 2860 gressus
335 2814 418 2850 mire
431 2815 544 2861 pellax
559 2820 648 2860 erat,
678 2817 699 2851 b
759 2815 840 2850 ditia
863 2826 944 2851 vero
963 2815 1124 2851 sermonis
1138 2816 1280 2851 omnium
1295 2816 1460 2851 hominum
1475 2813 1633 2851 suavissi-
