1878 3262
276 203 345 246 ,52
704 196 1011 240 NICEPHORI
1043 196 1312 241 BRYENNII

279 315 373 364 τοὺς
396 310 537 365 πεζοὺς
559 305 629 355 οὖν
651 305 768 361 οὗτος
787 313 854 353 καὶ
877 311 1006 361 ἱππεῖς
1028 308 1270 367 ἐπαγόμενος
1291 311 1386 362 τοὺς
1409 310 1639 369 ἐπικαίρους
1660 315 1741 354 τῶν

278 382 412 424 τόπων
444 384 687 434 καταλαβεῖν
721 380 920 422 ἔσπευδεν.
990 379 1095 421 ἀλλὰ
1132 384 1212 421 τῶν
1246 380 1414 422 ἐλπίδων
1448 380 1633 438 ἐσφάλη,
1668 383 1742 421 τοῦ

279 451 515 504 δομεστίκου
537 452 617 490 τῶν
636 452 793 502 σχολῶν
807 448 1060 505 Ἀνδρονίκου
1082 446 1431 504 προκατασχόντος
1451 448 1609 498 αὐτούς.
1637 448 1741 489 ἄπο-

278 518 397 574 γνοῦς
418 512 488 559 οὖν
510 515 654 559 τούτου
678 517 948 570 ἄντιμὲτωπον
965 516 1038 571 τὴν
1058 517 1164 557 ἰδίαν
1183 514 1372 573 φάλαγγα
1389 520 1439 572 τῇ
1458 521 1537 559 τῶν
1553 517 1741 558 ἐναντίων

274 589 457 641 ἵστησιν·
492 586 825 627 ἅντικαθίσταται
859 586 902 626 δὲ
923 584 1023 641 πρὸς
1048 589 1189 626 τοῦτον
1213 585 1280 625 καὶ
1306 581 1602 640 ὃἈνδρόνικος.
1672 585 1774 625 καὶὸ

278 659 352 697 τοῦ
379 655 451 708 μὲν
472 654 598 708 με’σου
619 657 691 708 τῆς
716 652 922 710 φάλαγγος
942 652 1064 702 αὐτὸς
1085 647 1134 707 ἦν
1157 650 1439 707 ἐξηγούμενος,
1484 656 1556 693 τοῦ
1592 651 1740 694 εὐωνύ-

279 740 358 777 μου
382 724 425 764 δὲ
446 720 652 779 κέρατοςὸ
680 721 868 778 Φράγγος
891 723 1138 777 Κρισπῖνος,
1182 724 1255 762 τοῦ
1286 722 1416 770 δεξιοῦ
1445 720 1486 761 δ’
1525 717 1656 776 ἕτερός
1682 737 1743 769 τις

228 795 260 830 D
284 795 363 834 τῶν
386 789 464 832 ὑπὸ
490 790 559 832 τὸν
574 789 823 847 Ἀνδρόνικον
846 790 1105 844 τεταγμένων.
1175 788 1279 830 ἀλλὰ
1300 790 1392 845 πρὶν
1410 787 1436 842 ἢ
1457 787 1527 830 τὸν
1547 803 1742 830 ommam-.-

280 860 384 912 σμὸν
406 859 591 915 γενέσθαι
615 860 682 900 καὶ
705 860 760 908 εἷς
777 865 917 914 χεῖρας
942 856 1127 912 ἀλλήλων
1147 857 1267 908 ἰέναι,
1315 855 1335 898 ὃ
1359 854 1547 913 Φράγγος
1573 854 1744 905 δύσνους
1779 863 1782 865 ’

279 927 337 970 ὢν
359 926 486 969 πάλαι
508 931 566 984 τῷ
585 925 953 983 βασιλεῖῬωμανῷ
974 928 1040 967 καὶ
1063 930 1182 980 μῆνιν
1206 925 1300 966 κατ’
1331 925 1456 966 αὐτοῦ
1481 925 1661 981 τρέφων,
1696 923 1742 966 τὸ
1757 929 1799 963 10

280 1000 362 1038 τῶν
393 996 580 1037 ἐναντίων
615 995 774 1036 ἱππικὸν
802 992 1057 1048 θεασάμενος
1091 995 1156 1035 καὶ
1192 998 1249 1051 τῷ
1276 993 1513 1050 Ἀνδρονίκῳ
1543 991 1744 1049 προειπών

161 1066 194 1101 V
216 1066 262 1102 24
284 1064 356 1118 τὴν
390 1064 481 1105 κατ’
519 1064 675 1104 ἐκείνων
706 1063 905 1113 ἐξέλασιν,
942 1062 1020 1103 ἀπὸ
1048 1062 1219 1119 ῥυτῆρος
1251 1061 1324 1103 σὺν
1353 1068 1436 1110 τοῖς
1469 1061 1579 1117 ἄμφ’
1622 1059 1745 1101 αὐτὸν

281 1129 478 1182 ἐξελαύνει
498 1130 568 1171 τὸν
587 1131 724 1171 ἵππον.
777 1124 1038 1187 ι’σχυροῒςοῧν
1060 1136 1131 1185 τῆς
1156 1133 1387 1186 προσβολῆς
1411 1129 1623 1185 γενομένης
1643 1125 1746 1185 φεύ·

279 1216 418 1256 γουσιν
442 1198 479 1240 οἱ
504 1199 592 1254 περὶ
616 1197 685 1239 τὸν
706 1197 1027 1254 Χουτατούριον.
1094 1199 1132 1239 οἳ
1162 1199 1203 1239 δὲ
1225 1197 1391 1240 κατόπιν
1415 1196 1623 1244 διώκοντες
1644 1199 1746 1237 πολὺ

281 1267 378 1317 λούς
405 1268 479 1321 μὲν
509 1264 683 1323 ἀνῄρουν
716 1266 891 1316 πολλοὺς
921 1267 964 1308 δὲ
998 1266 1066 1307 καὶ
1088 1264 1296 1322 ἐζώγρουν.
1365 1270 1438 1307 τοῦ
1465 1269 1560 1320 γοῦν
1582 1265 1746 1306 ἱππικοῦ
1757 1266 1799 1301 15

281 1334 388 1390 οὕτω
421 1334 785 1384 διασκεδασθέντος
815 1336 881 1376 καὶ
911 1332 936 1389 ἡ
968 1333 1128 1391 φάλαγξ
1151 1332 1177 1388 ἦ
1202 1333 1362 1388 πεζικὴ,
1399 1335 1566 1376 δείσασα
1588 1333 1646 1387 μὴ
1672 1349 1746 1374 zv*

281 1408 488 1446 κλωθεΐσα
516 1404 742 1457 διακοπείη,
778 1403 829 1444 τὰ
858 1406 967 1444 νῶτα
1002 1405 1130 1444 δοῦσα
1154 1404 1220 1443 καὶ
1243 1401 1344 1456 αὕτη
1365 1401 1466 1458 πρὸς
1488 1401 1618 1458 φυγὴν
1639 1400 1745 1442 {3521—

160 1480 190 1515 Ρ
213 1480 260 1516 37
282 1490 358 1515 νεν.
430 1470 517 1513 ὅσοι
549 1472 623 1524 μὲν
660 1466 730 1511 οὖν
766 1477 854 1520 ταῖς
889 1469 1066 1528 φάραγξι
1102 1472 1169 1512 καὶ
1204 1477 1293 1520 ταῖς
1321 1468 1492 1523 λόχμαις
1525 1470 1746 1519 εἷσέδυσαι·,

282 1537 566 1593 διεσώθησαν,
601 1542 681 1580 τῶν
714 1539 757 1579 δὲ
786 1543 936 1580 λοιπῶν
969 1539 1006 1580 οἱ
1038 1539 1111 1592 μὲν
1143 1538 1282 1580 ἔπεσον
1315 1538 1352 1579 οἱ
1376 1539 1419 1579 δὲ
1443 1536 1746 1593 ἐζωγρήθησαν.

282 1610 349 1651 καὶ
383 1606 409 1662 ἡ
434 1607 508 1661 μὲν
529 1610 601 1648 τοῦ
624 1607 842 1662 Διογένους
870 1605 1031 1663 φάλαγξ
1063 1605 1191 1656 οὕτως
1218 1606 1416 1647 διελέλυτο
1447 1607 1513 1647 καὶ
1539 1606 1802 1647 δαπέδου-20

282 1693 353 1719 στο
368 1707 380 1727 ,
412 1673 698 1732 τροπαιοφόρῳ
726 1675 768 1716 δ’
799 1673 1059 1716 ἐπανελθόντι
1084 1679 1142 1731 τῷ
1161 1675 1399 1730 Ἀνδρονίκῳ
1426 1673 1527 1729 πρὸς
1549 1673 1621 1728 τὴν
1646 1690 1746 1728 σκη-

279 1745 352 1798 νὴν
375 1746 442 1785 καὶ
467 1743 558 1797 μετ’
588 1741 838 1800 εὐφροσύνης
861 1743 913 1784 τὰ
933 1741 1180 1799 χαριστήρια
1203 1741 1348 1783 θύοντι
1375 1743 1442 1783 καὶ
1469 1743 1602 1798 ἕτερον
1623 1743 1747 1796 ἐπῆλ-

281 1817 359 1854 θεν
385 1810 603 1865 εὐτύχημα.
674 1811 814 1860 ἱππεὺς
841 1809 918 1867 γάρ
941 1828 1000 1860 τις
1022 1805 1115 1865 ἧκεν
1137 1809 1192 1860 ὡς
1214 1809 1385 1863 τάχιστα
1407 1809 1507 1867 πρὸς
1527 1810 1649 1852 αὐτὸν
1667 1814 1748 1852 τῶν

282 1881 482 1934 πολεμίων
505 1878 613 1935 ἄγων
636 1877 726 1921 τινὰ
751 1880 819 1921 καὶ
840 1879 910 1921 τὸν
933 1879 1158 1936 στρατηγὸν
1186 1877 1310 1933 ἐζήτει
1332 1876 1585 1921 θεάσασθαι.
1654 1876 1675 1919 ὅ
1702 1878 1748 1920 δὲ

282 2008 454 2054 permissa.
500 2007 560 2041 ille
586 2006 733 2041 immisso
757 2006 905 2052 equitum
922 2005 1141 2052 peditumque
1164 2007 1286 2041 idoneo
1302 2018 1458 2050 numero,
1490 2017 1656 2053 occupare
1670 2009 1747 2040 stu-

282 2055 357 2087 duit
372 2057 561 2099 opportuna
574 2053 667 2095 loca,
698 2053 758 2087 sed
785 2065 846 2098 spe
872 2064 934 2086 sua
960 2053 1065 2086 salsus
1092 2058 1165 2092 est,
1196 2064 1238 2086 ea
1262 2057 1509 2107 praeoccupata
1531 2052 1702 2098 reperiens
1724 2063 1747 2087 a.

284 2100 467 2133 domestico
484 2098 670 2133 scholarum
688 2099 891 2135 Andronico.
938 2098 1095 2132 exclusus
1120 2099 1198 2132 inde
1226 2098 1330 2143 igitur
1352 2099 1467 2132 fronte
1493 2097 1636 2132 adversa
1650 2108 1746 2132 suam

283 2145 391 2179 aciem
408 2145 522 2177 hostili
538 2145 697 2189 opponit=
730 2156 792 2178 nec
814 2144 944 2177 distulit
971 2156 1012 2177 ex
1039 2144 1184 2178 adverso
1209 2155 1288 2177 suas
1309 2155 1445 2189 quoque
1459 2144 1612 2178 ordinare
1629 2143 1746 2188 copias

284 2190 496 2224 Andronicus
510 2216 520 2232 ‚
549 2190 691 2223 medium
707 2190 742 2223 in
757 2190 796 2223 iis
811 2189 874 2223 sibi
888 2190 996 2223 locum
1012 2201 1163 2230 sumens,
1186 2190 1285 2223 laevo
1302 2201 1404 2223 cornu
1421 2193 1579 2235 praeerat
1591 2189 1746 2223 Francus

285 2236 484 2280 Crispinus;
515 2234 637 2268 dextro
652 2240 763 2268 autem
779 2235 862 2268 alius
880 2247 920 2268 ex
939 2235 1081 2269 ducibus
1100 2236 1289 2269 Andronico
1304 2235 1472 2269 subiectis.
1496 2234 1550 2268 hic
1568 2239 1746 2279 antequam

308 2281 383 2315 lene
399 2284 528 2314 structa
543 2280 687 2325 phalanx
703 2285 813 2322 esset,
841 2281 993 2314 Francus
1008 2280 1134 2325 pridem
1153 2281 1238 2314 male
1253 2281 1398 2318 affectus
1414 2291 1495 2324 erga
1508 2280 1746 2324 imperatorem

282 2294 493 2369 Romanum,
525 2332 561 2359 et
583 2326 665 2359 iram
687 2326 720 2359 in
747 2337 821 2359 eum
848 2326 950 2359 corde
976 2331 1173 2371 conceptam
1197 2328 1337 2367 fovens,
1367 2326 1440 2359 viso
1457 2325 1607 2370 equitatu
1624 2326 1748 2368 hostili,

284 2384 360 2406 sese
376 2372 465 2413 illum
482 2371 696 2416 expulsurum
711 2371 902 2405 Andronico
920 2372 1112 2416 praefatus,
1144 2384 1259 2416 magno
1284 2372 1410 2416 impetu
1434 2382 1507 2404 cnm
1532 2371 1600 2405 suis
1618 2371 1654 2405 in
1668 2383 1745 2406 eum

283 2418 392 2452 irruit.
442 2417 638 2460 confligitur
653 2416 797 2460 acriter,
830 2417 1022 2450 Chutatarii
1049 2417 1216 2462 equitibus
1240 2417 1282 2451 ad
1300 2423 1482 2451 extremum
1499 2416 1582 2450 fusis
1598 2417 1745 2461 fugatis-

285 2475 371 2508 que,
402 2463 548 2496 instante
563 2473 582 2496 a
598 2469 696 2506 tergo
713 2462 864 2504 victore,
897 2474 937 2495 ac
962 2462 1084 2495 multos
1109 2475 1223 2497 eorum
1249 2474 1316 2507 qua
1331 2462 1491 2495 caedente
1506 2473 1572 2506 qua
1588 2463 1744 2508 captivos

287 2510 487 2542 abducente.
534 2508 687 2553 disperso
706 2519 806 2552 porro
821 2507 855 2541 in
871 2508 959 2541 hunc
973 2509 1107 2541 modum
1123 2509 1274 2553 equitatu
1287 2534 1296 2550 ‚
1327 2507 1437 2540 verita
1462 2508 1625 2552 pedestris
1652 2507 1745 2542 acies

286 2565 329 2587 ne
345 2554 572 2587 circumventa
589 2553 824 2586 concideretur
836 2578 845 2596 ‚
879 2559 913 2588 et
928 2554 1003 2598 ipsa
1020 2565 1118 2587 verso
1134 2560 1231 2598 tergo
1247 2553 1280 2587 in
1297 2553 1406 2596 sugam
1422 2552 1580 2587 incubuit.
1618 2553 1746 2587 servati

285 2604 366 2632 sunt
381 2602 548 2643 quotquot
562 2599 714 2633 aviarum
731 2599 880 2640 vallium,
911 2599 1211 2644 praecipitiumque
1231 2609 1272 2632 ac
1296 2598 1476 2632 densorum
1499 2598 1644 2633 saltuum
1667 2609 1744 2633 sese

274 2644 425 2682 *latebris
447 2649 587 2677 texere:
619 2645 676 2678 alii
699 2644 820 2689 partim
849 2645 975 2688 occisi,
1006 2645 1128 2689 partim
1153 2644 1243 2690 capti
1270 2648 1358 2677 sunt.
1409 2644 1459 2677 sic
1475 2643 1636 2689 Diogenis
1652 2645 1743 2678 acies

285 2691 395 2723 fracta
413 2689 620 2733 disiectaque
636 2695 698 2723 est.
746 2690 866 2723 victori
890 2696 1000 2724 autem
1025 2701 1098 2723 cum
1111 2717 1113 2720 f
1120 2689 1241 2735 plausu
1257 2693 1293 2723 et
1306 2689 1535 2733 gratulatione
1550 2690 1694 2724 maxima
1705 2689 1742 2723 in

285 2746 380 2770 suum
397 2735 649 2768 tabernaculum
665 2735 850 2769 revertenti
864 2735 1055 2768 Andronico
1073 2740 1107 2769 et
1118 2735 1247 2779 gratias
1265 2735 1328 2768 deo
1347 2735 1413 2769 rite
1429 2747 1490 2779 pro
1508 2736 1648 2769 victoria
1662 2735 1742 2769 red-

284 2780 379 2814 denti
394 2779 478 2813 alius
494 2791 628 2824 quoque
643 2791 817 2814 successus
830 2781 987 2824 gaudium
1004 2780 1193 2814 cumulavit.
1218 2792 1321 2825 eques
1334 2781 1497 2815 curriculo
1510 2781 1619 2815 adsuit
1630 2780 1742 2835 capti-

285 2837 363 2861 vum
389 2825 564 2871 quemdam
587 2825 725 2859 trahens
750 2830 786 2860 et
810 2825 854 2860 ad
869 2825 988 2860 ducem
1004 2825 1173 2861 exercitus
1186 2837 1392 2872 magnopere
1409 2826 1584 2872 postulans
1599 2825 1740 2870 admtti.
1758 2864 1760 2867 .

1860 196 1862 199 v
1847 0 1867 62 «3

1874 183 1875 187 „
1871 114 1875 152 „..
1868 1 1875 99 MA„
