1878 3262
736 187 1062 234 PRAEFATIO.
1151 245 1155 248 .
1596 187 1628 234 7

160 301 327 364 Δοόκᾳ,
360 301 428 346 καὶ
459 297 605 345 τούτου
632 300 712 345 ὑπὸ
733 307 785 361 τῇ
809 305 936 364 οἶκείᾳ
959 300 1128 359 δυνάμει
1149 318 1193 346 τε
1212 302 1279 346 καὶ
1297 299 1486 360 συνᾶρσει
1503 301 1624 360 ἔγκα-
1647 309 1677 345 P
1699 310 1724 347 4

159 375 356 431 θιδρῦσαι
392 375 452 430 τῷ
486 375 560 426 τῆς
592 374 804 426 βασιλείας
831 372 971 431 θρόνῳ
999 371 1224 416 ἐσπούδασε
1234 404 1249 424 ,
1283 374 1376 423 θεὶς
1402 372 1514 431 αὐτῷ
1541 379 1626 424 τοῖς

158 443 254 485 ποσὶ
275 443 344 484 καὶ
366 441 418 484 τὰ
441 445 717 498 φοινικοβαφῆ
740 442 884 484 πέδιλα
913 444 980 484 καὶ
1006 440 1174 498 ἀπάγων
1193 445 1336 484 τοῦτον
1357 442 1413 491 εἷς
1431 441 1483 483 τὰ
1501 430 1626 495 βασί-

159 515 267 562 λεια,
301 511 369 552 καὶ
399 508 508 559 ὅπως
535 508 689 552 τούτων
717 511 759 552 ἐν
779 517 869 560 ταῖς
890 509 1114 567 λεωφόροις
1135 510 1401 567 διερχομένων
1423 508 1557 567 στόμα
1580 507 1627 552 (ἐν

111 587 138 625 5
156 577 357 636 γεγονότες
385 576 407 620 ὃ
438 580 567 633 δῆμος
582 578 640 633 μὴ
655 579 791 621 θέλειν
807 577 880 633 ὑπ’
906 579 1033 621 αὐτοῦ
1050 578 1343 632 βασιλεύεσθαι
1362 583 1521 635 τρανῶς
1538 580 1624 629 {Es-
1682 622 1691 637 ,

154 647 336 704 βόησαν,
372 649 439 689 καὶ
466 646 575 697 ὅπως
598 649 665 689 καὶ
683 647 808 704 ῥηθὲν
824 649 985 690 παιδίον
1005 647 1107 704 πρὸς
1130 647 1199 690 τὸν
1219 651 1352 704 θροῦν
1372 649 1623 703 ἶλλιγγιᾶσαν
1643 650 1676 687 B

157 719 224 759 καὶ
252 723 337 766 τοῖς
363 720 436 758 τοῦ
462 714 593 769 δήμου
617 715 750 772 λόγοις
778 717 1073 770 ἔκδειματωθὲν
1093 716 1167 771 τὴν
1187 715 1326 770 ψυχὴν
1347 716 1533 770 ἐπέσχετο
1554 720 1626 772 τῆς

156 783 346 839 τοιαύτης
377 785 610 841 προθέσεως
653 784 954 840 (κατεδυσῶπει
983 786 1027 827 δὲ
1058 787 1126 827 καὶ
1156 784 1226 826 τὸν
1255 785 1471 838 Κομνηνὸν
1499 784 1626 839 αὐτῆς

157 853 413 908 ἀποσχέσθαι
446 855 513 894 καὶ
539 853 599 907 μὴ
630 854 692 895 ἐπὶ
719 855 838 896 πλέον
867 858 1010 896 τοῦτον
1038 851 1396 910 παραβιάζεσθαι)
1421 876 1473 883 -
1493 858 1625 896 ταῦτα

102 924 147 959 10
157 924 223 964 καὶ
241 923 283 964 ἓν
301 920 475 975 στόμασι
494 920 656 964 πάντων
674 929 820 974 κεῖται,
856 925 923 964 καὶ
944 920 1198 978 ὡμολόγηται
1220 921 1334 978 παρὰ
1354 927 1438 970 τοῖς
1458 915 1501 963 εὖ
1519 938 1626 978 φρο-

155 995 270 1033 νοῦσι
294 992 361 1032 καὶ
389 989 476 1032 ὅσοι
504 990 564 1044 μὴ
595 994 670 1032 τοῦ
698 995 771 1045 τῆς
797 989 932 1046 λήθης
961 990 1144 1046 πόματος
1170 988 1370 1039 ἐκπιόντες
1397 988 1626 1044 ἀμνήμονες
1649 990 1682 1027 C

155 1063 237 1102 τῶν
265 1059 486 1115 γενομένων
516 1059 625 1102 εἰσίν.
707 1057 728 1100 ὅ
758 1060 802 1102 δὲ
831 1062 897 1102 καὶ
928 1054 1074 1111 αὖθις,
1111 1057 1132 1101 ὃ
1163 1057 1400 1113 Κομνηνός,
1437 1059 1627 1115 δευτέραν

156 1125 252 1170 ὁδὸν
271 1130 438 1184 δραμεῖν
459 1128 605 1170 εἵλετο·
640 1129 707 1172 καὶ
726 1126 951 1182 λαβόμενος
969 1133 1043 1170 τοῦ
1064 1127 1211 1177 παιδὸς
1231 1130 1287 1177 εἷς
1309 1127 1379 1168 τὸν
1402 1124 1626 1169 Βοτανειά-

155 1212 229 1251 την
254 1195 363 1251 ἄγων
392 1197 459 1238 καὶ
489 1195 610 1246 αὐτὸς
637 1199 898 1252 παραγίνεται
932 1199 999 1238 καὶ
1022 1198 1078 1246 εἷς
1098 1194 1261 1250 μνήμην
1282 1199 1424 1237 τοῦτον
1447 1194 1532 1250 ἄγει
1554 1198 1627 1237 τοῦ

101 1268 144 1305 15
156 1269 332 1323 φυσικοῦ
351 1266 530 1316 δικαίου,
566 1262 589 1305 ὃ
613 1264 662 1319 δὴ
684 1269 742 1322 τῷ
759 1267 906 1323 παιδίῳ
926 1263 1056 1323 τούτῳ
1076 1263 1350 1321 κεκλήρωται,
1376 1264 1444 1309 καὶ
1470 1266 1628 1305 οἷκονο-
1648 1266 1682 1302 1>

248 1373 282 1406 2.
308 1368 539 1415 ἐσπούδασε]
570 1371 615 1405 V.
646 1368 861 1414 ἐσπούδαζε.
997 1371 1031 1407 4.
1064 1373 1171 1417 ταῖς]
1202 1372 1248 1406 V.
1274 1372 1365 1411 τοῖς,
1505 1372 1538 1405 6.
1560 1369 1621 1410 καὶ

250 1414 367 1461 ῥηθὲν
390 1416 568 1461 παιδίον]
595 1414 811 1462 οἷναρρηθὲν
834 1414 878 1452 τό
902 1417 1089 1454 natator?
1241 1418 1282 1453 ,7.
1307 1414 1499 1461 ἐπέσχετο]
1536 1413 1628 1450 ἀπέε-

247 1462 381 1507 σχετοῒ
475 1464 529 1499 12.
553 1463 781 1509 γενομένων]
812 1464 856 1498 V.
880 1462 1093 1508 γινομένων.
1186 1462 1243 1499 15.
1264 1461 1407 1508 τούτῳ]
1433 1463 1476 1497 V.
1499 1463 1627 1497 τοῦτο.

154 1553 339 1601 praecipue
352 1553 517 1588 timebant
530 1581 540 1598 ,
571 1554 685 1589 sucum
710 1554 828 1590 facere
852 1555 974 1589 officiis
996 1555 1179 1589 verborum
1194 1556 1229 1588 et
1244 1553 1457 1588 simulatione
1473 1551 1629 1598 obsequii

158 1601 256 1635 enixe
273 1600 540 1636 contendebant&
571 1600 662 1636 haud
677 1606 788 1634 tamen
804 1601 1037 1636 circumveniri
1061 1613 1099 1633 se
1115 1611 1196 1634 acer
1211 1600 1339 1633 animus
1353 1599 1519 1635 insidiosis
1534 1599 1628 1632 sine-

156 1646 219 1680 bat
232 1646 362 1679 artibus
376 1670 385 1687 ,
419 1646 660 1690 pungebatque
686 1646 744 1680 ille
757 1658 891 1692 semper
907 1647 977 1681 alte
992 1646 1155 1680 demissus
1170 1646 1203 1679 in
1219 1651 1339 1692 pectus
1356 1645 1466 1678 nobile
1481 1655 1629 1689 scrupu-

158 1691 211 1726 lus
224 1717 235 1731 ,
252 1702 293 1725 ac
306 1691 448 1726 stimulis
463 1691 596 1724 arcanis
610 1691 815 1726 admonebat
830 1693 1070 1737 excitabatque
1087 1693 1212 1725 fortem
1230 1691 1335 1725 virum
1352 1702 1395 1724 ne
1410 1691 1627 1734 acquiescere

157 1742 275 1771 tantae
291 1748 400 1771 rerum
416 1737 603 1770 confusioni
620 1738 821 1776 sustineret:
856 1739 1060 1782 flagitiosum
1077 1737 1288 1771 latrocinium
1299 1761 1310 1779 ,
1340 1747 1407 1781 quo
1422 1736 1503 1769 nihil
1518 1736 1628 1768 minus

160 1794 259 1827 quam
274 1782 449 1827 imperium
466 1783 556 1816 orbis
574 1788 742 1817 terrarum
759 1784 914 1827 legitimis
930 1789 1101 1819 extortum
1117 1783 1260 1817 dominis
1274 1810 1284 1825 ‚
1316 1782 1427 1815 servis
1454 1781 1627 1814 condona-

158 1829 283 1870 batur,
311 1827 417 1861 tacito
442 1828 534 1860 velut
549 1828 693 1872 quodam
708 1829 856 1871 ignavae
873 1829 1055 1873 patientiae
1071 1828 1234 1871 suffragio
1251 1827 1473 1872 comprobare
1488 1826 1628 1858 videre-

159 1879 227 1908 tur.
275 1884 374 1918 quam
400 1884 484 1907 vero
511 1874 599 1906 hunc
626 1873 681 1907 ille
705 1875 804 1907 animi
831 1875 882 1908 sui
907 1885 1040 1907 sensum
1056 1874 1121 1908 iam
1136 1879 1217 1906 tunc
1235 1884 1300 1906 non
1316 1871 1479 1916 presserit
1493 1871 1626 1906 abiecto

159 1924 249 1954 metu
266 1925 326 1952 aut
340 1918 617 1960 dissimulaverit,
645 1919 706 1952 sed
722 1920 836 1965 potius
852 1927 954 1965 prout
969 1920 1059 1952 illum
1076 1919 1212 1952 innatae
1226 1917 1467 1962 generositatis
1482 1917 1628 1960 ingenua

159 1965 286 1999 fiducia
300 1966 417 1998 facere
431 1964 577 1997 docebat
590 1990 600 2005 ‚
631 1964 800 1998 liberrime
825 1977 908 2010 prae
931 1977 970 1998 se
985 1964 1119 1998 tulerit:
1152 1964 1354 1997 documento
1380 1973 1456 1996 esse
1475 1966 1627 2006 possunt,

159 2022 248 2056 quae
263 2010 374 2056 palam
390 2010 457 2043 isto
473 2010 547 2054 ipso
563 2010 705 2043 articulo
720 2015 907 2058 temporum
924 2012 967 2044 ab
981 2022 1022 2044 eo
1039 2015 1115 2044 acta
1130 2010 1338 2047 sermonibus
1351 2008 1493 2043 omnium
1510 2009 1629 2043 ferun—

160 2063 217 2091 tur
231 2082 241 2098 ,
274 2062 309 2090 et
322 2056 356 2089 in
372 2056 528 2093 confesso
546 2056 635 2100 apud
651 2056 835 2100 prudentes
850 2061 947 2098 sunt,
978 2067 1042 2089 nec
1056 2055 1188 2089 nescire
1204 2055 1379 2100 quisquam
1397 2059 1511 2099 potest
1525 2058 1627 2098 gesta

159 2102 197 2137 in
212 2103 287 2136 luce
303 2101 484 2135 meridiana
495 2127 506 2142 ,
540 2101 646 2136 nisisi
662 2101 736 2145 quis
753 2102 919 2136 lethaeum
937 2101 1043 2148 (quod
1061 2100 1169 2143 aiunt)
1186 2101 1340 2146 poculum
1357 2100 1517 2133 hauserit.
1544 2098 1628 2132 adiit

161 2148 292 2183 scilicet
323 2155 402 2181 tunc
424 2146 563 2183 Alexius
601 2147 707 2191 primo
735 2147 992 2182 Constantinum
1018 2146 1196 2180 Michaelis
1223 2145 1436 2190 imperatoris
1461 2146 1626 2181 fratrem:

161 2194 286 2228 deinde
301 2193 446 2237 Augusti
464 2192 611 2226 eiusdem
629 2193 729 2229 filium
748 2204 883 2237 quoque
897 2192 1156 2229 Constantinum
1182 2195 1218 2225 et
1240 2192 1327 2225 hunc
1342 2198 1501 2227 voeatum
1518 2190 1625 2227 adiit:

161 2239 297 2284 utrique
318 2251 385 2274 non
408 2238 582 2272 consilium
607 2238 705 2272 modo
732 2238 862 2283 imperii
877 2238 1050 2278 sumendi,
1081 2238 1142 2271 sed
1159 2248 1318 2282 operam,
1348 2248 1450 2283 opes,
1482 2247 1627 2277 manum,

162 2285 413 2331 periculumque
430 2284 569 2329 propria
586 2284 711 2317 adtale
724 2290 880 2328 coeptum
897 2284 1159 2329 perpetrandum
1173 2283 1336 2317 offerens.
1367 2288 1403 2316 at
1418 2293 1491 2315 cum
1508 2284 1628 2316 horum

162 2331 258 2377 prior
284 2342 363 2377 spes
386 2331 524 2363 secutus
548 2329 629 2366 alias
654 2331 839 2366 abnuerem
869 2330 1010 2365 alterum
1038 2335 1131 2363 certe
1157 2329 1334 2374 parvulum
1348 2329 1460 2361 rubris
1474 2328 1628 2361 indutum

164 2376 285 2411 calceis
311 2388 373 2422 per
390 2376 542 2412 celebres
559 2375 652 2408 urbis
675 2375 769 2409 vicos
785 2376 908 2413 ducere
923 2376 965 2412 ad
986 2376 1143 2420 palatium
1158 2375 1407 2420 auspi‹·aturum
1423 2373 1469 2406 ibi
1485 2384 1627 2416 regnum

162 2422 282 2460 voluit,
329 2421 613 2467 perfecissetque,
647 2421 709 2454 nisi
739 2432 860 2465 magno
889 2433 1053 2457 consensu
1079 2421 1247 2455 concitata
1278 2420 1375 2464 plebs
1400 2418 1525 2465 passim
1558 2418 1628 2451 alte

163 2468 348 2504 reclamans
371 2467 460 2500 nolle
486 2479 524 2500 se
551 2468 639 2499 hunc
661 2468 762 2501 rebus
787 2478 947 2511 praeesse
971 2467 1171 2511 principem,
1202 2465 1367 2499 imbecillo
1385 2465 1496 2498 adhuc
1520 2474 1626 2508 puero

164 2519 285 2547 metum
304 2513 459 2548 maiorem
476 2513 665 2546 obiecisset.
711 2513 760 2546 ita
784 2518 823 2546 ut
842 2512 1014 2555 vertigine
1041 2511 1135 2556 quasi
1161 2511 1306 2555 quadam
1334 2509 1497 2547 attonitus
1512 2512 1629 2543 oraret

166 2559 460 2603 obtestareturque
477 2559 702 2601 Comnenum‚
732 2559 907 2603 proposito
920 2559 1120 2601 absisteret,
1151 2568 1240 2591 neve
1263 2555 1405 2591 ulterius
1427 2554 1567 2591 invitum
1590 2566 1629 2588 se

167 2615 211 2638 ac
232 2605 451 2642 reluctantem
475 2616 536 2650 per
560 2605 629 2642 vim
654 2604 698 2637 ad
716 2604 890 2648 imperium
907 2608 1045 2649 raperet
1060 2602 1258 2648 praecipitio
1275 2601 1370 2646 peius
1386 2598 1448 2639 sibi
1465 2600 1630 2635 formida-

167 2653 247 2682 tum.
298 2650 381 2684 haee
409 2657 534 2695 coepta
558 2662 629 2684 cum
655 2650 689 2684 in
719 2651 808 2685 hunc
832 2649 964 2688 modum
990 2659 1146 2685 successu
1172 2647 1359 2684 caruissent
1374 2672 1384 2688 ‚
1413 2658 1479 2680 non
1496 2646 1629 2682 destitit

168 2694 310 2729 Alexius
326 2696 390 2732 alia
404 2697 459 2730 vin
475 2697 561 2730 idem
579 2696 623 2729 ad
639 2695 845 2743 propositum
860 2695 1022 2739 grassari.
1070 2705 1212 2740 puerum
1236 2693 1322 2728 enim
1339 2692 1541 2728 Botaniatae
1567 2703 1627 2724 co-

168 2751 242 2774 ram
256 2740 402 2775 oblatum
417 2742 491 2786 ipse
507 2753 669 2787 praesens
684 2742 734 2775 sie
750 2741 994 2775 commendavit
1006 2764 1015 2779 ‚
1045 2747 1084 2774 ut
1106 2739 1277 2774 liberrime
1299 2738 1477 2773 refricaret
1502 2747 1627 2770 memo-

170 2786 253 2819 riam
270 2785 408 2820 iurisad
421 2787 594 2832 imperium
607 2812 618 2829 ,
649 2799 717 2832 quo
743 2788 797 2823 hic
822 2798 908 2832 puer
934 2786 1081 2824 naturali
1108 2785 1302 2828 nitebatur,
1333 2788 1452 2829 utpote
1464 2783 1631 2825 legitimus

100 2852 115 2870 l
170 2831 244 2865 eius
259 2831 392 2867 haeres.
435 2834 610 2879 suasitque
623 2839 662 2868 ut
677 2833 768 2883 quod
782 2833 898 2870 facere
912 2836 1049 2883 poterat
1059 2854 1070 2874 ,
1099 2831 1171 2871 sins
1185 2831 1252 2867 ullo
1268 2830 1469 2866 detrimento
1484 2827 1632 2872 dignita-
