1878 3262
413 687 805 748 CAROLI
863 687 996 745 DU
1053 686 1439 745 FRESNE

631 791 675 838 A
722 792 779 838 M
826 791 867 837 Β
913 788 938 836 1
984 790 1028 837 A
1075 790 1122 837 N
1170 788 1223 851 1,

309 878 627 937 DOM.
732 879 904 936 DU
1011 877 1552 950 CANGE‚

515 987 946 1041 QUAESTORIS
991 986 1343 1039 FRANCIAE,

194 1071 1666 1213 IOANNISINCINNAMI

310 1256 366 1312 H

433 1254 1551 1314 ISTORIARUM

598 1363 898 1406 ·LIBROS
956 1362 1228 1406 SEPTEM

425 1449 748 1499 NOTAE
819 1447 1435 1499 HISTORICAE

578 1545 666 1587 ET
712 1544 1284 1588 PHILOLOGICAE.

193 1772 268 1844 P.
290 1797 318 1839 4
336 1812 374 1841 v.
399 1803 440 1842 6.
503 1801 558 1850 αἷς
591 1801 740 1844 ἐπίπαν
769 1800 1017 1856 ἀφεστάναι]
1049 1804 1192 1842 Petrus
1220 1803 1416 1842 Diaconus
1440 1803 1483 1842 in
1498 1805 1668 1856 praefat.
1693 1812 1722 1847 P
1746 1812 1815 1849 429

195 1855 290 1894 adl.
310 1856 338 1899 4
363 1856 509 1900 Chron.
534 1859 687 1901 casim:
715 1860 892 1899 historia
918 1875 946 1898 a
972 1863 1131 1899 venusti
1155 1859 1312 1898 decoris
1330 1859 1552 1898 altitudine
1570 1869 1672 1912 ruet,

194 1914 232 1950 si
266 1925 377 1951 mens
401 1917 720 1966 cogitationibus
746 1918 991 1956 obumbrata
1016 1925 1054 1955 et
1071 1931 1364 1970 pressurarum
1392 1917 1672 1957 mundialium

195 1968 366 2008 tenebris
386 1971 593 2024 offuscata
599 1973 752 2024 suerit.
798 1974 922 2013 infra:
948 1989 1060 2012 mens
1083 1988 1174 2013 vero
1193 1974 1519 2026 historiographi
1538 1976 1670 2013 eluce-

194 2039 301 2063 scere
328 2028 492 2066 minime
522 2030 655 2080 valet,
686 2030 888 2082 quamdiu
918 2032 1087 2068 terrenis
1120 2033 1234 2069 curis
1266 2039 1304 2069 et
1334 2031 1461 2069 lucris
1485 2031 1670 2083 insudat,

196 2084 296 2135 quia
326 2098 421 2122 cum
447 2085 566 2124 homo
592 2086 740 2125 mundi
769 2087 1005 2126 turbinibus
1033 2089 1239 2139 quatitur,
1268 2095 1452 2127 movetur
1455 2092 1619 2141 pariter
1633 2095 1671 2128 et

196 2154 328 2192 mens,
358 2148 396 2179 et
414 2155 506 2181 cum
526 2145 717 2196 quiescit,
746 2145 937 2182 similiter
951 2152 987 2182 et
1006 2146 1100 2196 ipsa
1120 2146 1312 2197 quiescit,
1342 2150 1418 2183 etc.

307 2210 347 2237 v·
371 2198 435 2241 15.
494 2195 637 2255 ἆνήβῳ
663 2200 800 2252 παιδὶ]
832 2201 970 2239 Alexio
991 2201 1213 2247 Comueno,
1243 2201 1436 2240 Manuelis
1455 2200 1549 2254 imp.
1566 2201 1667 2252 filio,

197 2253 261 2293 cui
280 2252 534 2295 Andronicus
556 2258 768 2309 Tyrannus
783 2258 910 2297 vitam
930 2264 971 2296 et
987 2258 1198 2309 imperium
1219 2258 1394 2298 abstulit.

226 2367 235 2375 ·
308 2324 349 2350 v·
371 2315 441 2354 21.
500 2311 754 2371 Νικηφόρῳ]
785 2315 1036 2365 Botnniatae,
1066 2315 1131 2353 cui
1153 2315 1340 2354 successit
1364 2314 1528 2353 Alexius
1549 2315 1669 2354 Ioan-

196 2380 256 2406 ωε
274 2380 432 2420 parens.
626 2398 630 2399 γ
1002 2370 1012 2379 ”

308 2439 350 2477 p.
370 2426 397 2468 5
415 2439 457 2465 v.
480 2429 518 2468 1.
574 2422 710 2479 πόρρω
730 2430 804 2479 τῆς
815 2425 996 2480 ἡλικίας]
1014 2427 1112 2466 Erat
1128 2427 1274 2480 quippe
1290 2427 1556 2480 Nicephorus‚
1578 2441 1670 2467 cum

196 2480 406 2534 imperium
425 2484 597 2535 occepit,
628 2484 845 2523 admodum
863 2498 997 2524 senex.
1040 2484 1134 2523 vide
1154 2492 1238 2524 not.
1258 2485 1311 2523 ad
1329 2485 1531 2523 Alexiadis
1547 2498 1586 2536 p.
1603 2484 1672 2528 45.

308 2552 347 2578 v.
368 2542 431 2582 13.
489 2541 836 2594 μνηστευθεῖσαν]
867 2541 1035 2580 Ioannes
1054 2542 1159 2580 enim
1181 2542 1315 2580 statim
1337 2547 1455 2592 atque
1471 2542 1515 2579 in
1539 2542 1670 2580 lucem

198 2599 260 2633 est
275 2595 419 2647 editus,
435 2596 653 2650 imperator
669 2612 692 2635 a
711 2605 824 2650 patre
841 2599 1078 2637 acclamatus
1098 2605 1167 2637 est.
1197 2597 1312 2636 Anna
1330 2598 1355 2636 l.
1368 2602 1394 2640 6
1413 2612 1451 2650 p.
1466 2601 1559 2648 167,
1575 2602 1668 2642 168.

308 2665 348 2691 v.
373 2654 437 2696 15.
494 2653 561 2695 ἐπὶ
576 2651 653 2706 τήν
668 2650 834 2707 Ἀσίαν]
866 2655 1138 2694 eonferendus
1156 2655 1310 2703 Nicetas
1326 2656 1369 2694 in
1386 2655 1522 2694 loann.
1542 2669 1582 2695 n.
1603 2656 1644 2698 4.

312 2721 351 2747 ν.
374 2712 438 2752 17.
494 2713 703 2765 Λαοδίκη]
743 2712 935 2751 Laodicea
963 2711 1156 2763 Phrygiae
1181 2713 1298 2762 urbs,
1339 2712 1388 2751 de
1417 2726 1496 2764 qua
1522 2712 1670 2751 Plinius
1693 2715 1721 2750 P
1745 2716 1813 2751 430

200 2764 227 2803 l·
247 2763 273 2806 5
293 2776 326 2801 0·
346 2767 421 2807 29:
450 2768 703 2808 celeberrima
730 2771 828 2809 urbs
852 2770 1061 2808 Laodicea
1081 2771 1274 2822 imposita
1291 2777 1348 2808 est
1365 2772 1476 2821 Lyco
1481 2771 1668 2822 flumini,

199 2820 332 2858 latera
356 2822 606 2864 alluentibus
631 2826 769 2880 Asopo
794 2835 830 2865 et
860 2827 1017 2880 Capro,
1049 2828 1258 2880 appellata
1280 2829 1413 2880 primo
1435 2827 1665 2879 Diospolis,

200 2875 344 2916 deinde
362 2877 516 2921 Rhoas.
