1878 3262
266 187 363 233 370
705 186 915 230 'CA'ROLI
948 186 1027 230 DU
1061 187 1272 231 FRESNE

262 299 427 349 quium,
468 291 581 346 quod
597 293 646 333 de
665 295 836 334 arbitrio
857 309 935 334 non
956 293 1004 333 de
1021 297 1110 334 iure
1130 295 1324 338 subsistit.
1374 295 1496 349 >quod
1516 298 1555 334 si
1573 294 1726 348 dicitis,

266 355 365 404 quia
383 366 428 389 ex
451 351 583 390 debito
597 354 759 403 primae
775 354 1047 391 institutionis
1068 352 1168 390 llaec
1183 355 1405 391 'reverentia
1429 354 1594 392 debetur
1601 355 1726 405 prin-

265 411 348 460 cipi
369 409 648 461 apostolorum
660 439 670 459 ,
711 408 818 462 quid
844 411 1004 447 interest
1020 410 1125 447 inter
1145 407 1347 447 dexteram
1366 417 1542 462 strepam
1562 418 1598 448 et
1618 411 1727 448 sini—

262 473 412 515 stram,
457 464 675 503 dummodo
707 473 885 506 servetur
919 466 1138 504 humilitas
1171 473 1209 503 et
1236 473 1423 505 curvetur
1447 469 1638 519 princeps
1670 465 1729 504 ad

254 520 377 574 pedes
399 524 549 560 summi
562 523 803 574 pontificis?
861 521 937 561 diu
966 524 1107 574 itaque
1134 524 1357 574 acriterque
1377 521 1636 574 disputatum
1656 530 1724 563 est.

255 586 459 630 postremo
496 578 764 617 discesserunt
800 580 851 618 ab
891 581 1057 618 invicem
1088 581 1174 617 sine
1197 580 1332 617 osculo
1353 581 1488 631 pacis.
1548 582 1726 618 timentes

261 649 354 688 ergo
378 637 412 672 ii
432 638 506 688 qui
524 637 732 675 columnae
749 638 864 688 regni
881 651 961 673 esse
976 635 1230 687 videbantur,
1259 650 1307 673 ne
1318 636 1428 688 forte
1443 636 1560 674 rebus
1572 638 1725 675 inactis

251 694 424 743 frustra
447 692 718 743 laborassent,
758 694 889 731 multa
909 694 1172 743 persuasione
1195 694 1397 730 evicerunt
1418 707 1486 731 cor
1509 695 1638 745 regis,
1675 700 1721 732 ut

255 747 472 793 dominum
492 764 652 802 papam
678 756 878 788 revocaret
901 751 944 787 in
965 757 1130 788 castra:
1167 764 1283 801 quem
1303 749 1530 787 redeuntem
1549 751 1723 801 suscepit

259 821 327 844 rex
347 808 548 858 integrato
563 807 721 857 officio.
756 806 805 843 ab
829 805 1025 844 Helmodo
1044 805 1175 844 hausit
1193 819 1292 856 quae
1311 806 1354 845 in
1374 806 1478 844 hanc
1497 818 1580 844 rem
1597 805 1724 844 habet

259 862 434 909 Historia
453 861 849 913 Archiepiscoporum
876 863 1157 903 Bremensium.
1202 863 1245 900 id
1266 863 1396 915 ipsum
1424 863 1557 901 statim
1587 867 1723 914 postea

255 919 458 970 praestitit
481 918 715 957 Fredericus
739 919 821 970 ipse
851 919 1000 958 Victori
1032 920 1239 971 antipapae
1268 920 1315 962 A.
1347 923 1467 962 1160.
1499 918 1723 959 Radevicus

257 975 284 1013 l.
302 980 328 1018 2
347 989 380 1015 c.
402 978 456 1018 70
475 981 512 1013 et
529 987 578 1015 ex
599 979 644 1013 eo
666 975 891 1014 Chronieon
911 974 1220 1028 Reichersperg.:
1250 977 1470 1026 imperator
1488 990 1622 1014 omnes
1641 977 1723 1028 epi-

258 1046 398 1083 scopos
417 1046 640 1070 convocans
661 1033 703 1070 in
721 1033 831 1070 hunc
852 1047 918 1070 eos
934 1032 1381 1081 consensum-deduxit,
1422 1040 1467 1071 ut
1489 1046 1623 1070 omnes
1647 1033 1723 1071 Vi-

256 1096 404 1126 ctorem
422 1102 582 1140 papam
602 1091 868 1140 susciperent,
909 1096 946 1126 et
976 1091 1119 1127 statim
1145 1092 1327 1141 sequenti
1354 1088 1419 1126 die
1449 1088 1475 1130 5
1498 1090 1589 1127 Kal.
1610 1088 1722 1127 Febr.

255 1145 307 1182 ab
338 1147 426 1196 ipso
460 1146 700 1196 imperatore
731 1152 768 1181 et
797 1147 994 1196 episcopis
1023 1147 1249 1197 suscipitur
1278 1153 1315 1183 et
1343 1145 1643 1184 inthronizatur
1675 1147 1722 1183 in

254 1202 499 1238 monasterio
518 1203 652 1238 sancti
675 1201 791 1252 Cyri,
821 1203 1059 1252 imperatore
1069 1204 1266 1252 fraenum
1286 1203 1381 1254 equi
1409 1209 1446 1239 et
1474 1204 1624 1240 stivam
1642 1203 1722 1239 sel-

249 1258 320 1295 ‚lae
337 1258 455 1295 illius
473 1264 641 1308 tenente,
673 1265 709 1295 et
739 1272 829 1295 eum
855 1257 903 1295 de
933 1273 1035 1310 equo
1055 1260 1319 1310 suscipiente,
1351 1266 1388 1296 et
1407 1257 1467 1296 ad
1480 1259 1613 1296 altare
1626 1272 1722 1297 -una

254 1329 349 1353 cum
363 1315 610 1366 patriarcha
627 1314 911 1366 Aquilegiensi
930 1316 1141 1366 Pelegrino
1171 1317 1275 1353 inter
1297 1329 1445 1353 manus
1470 1329 1560 1353 eum
1586 1314 1721 1353 dedu-

246 1379 372 1410 ·cente.
440 1371 611 1422 denique
637 1371 819 1410 ecclesiae
842 1372 1041 1410 Romanae
1068 1372 1343 1411 reconciliatus
1364 1371 1597 1410 Fredericus
1625 1370 1722 1410 Ale-
1758 1420 1762 1424 ⁴

251 1428 410 1466 xandro
432 1428 484 1466 111
503 1441 656 1466 summo
674 1428 870 1480 pontifici,
898 1429 940 1466 in
965 1429 1065 1467 urbe
1084 1429 1233 1468 Veneta
1257 1429 1304 1467 A.
1335 1431 1442 1470 1177
1477 1427 1722 1478 obequitanti

253 1497 382 1523 comes
406 1484 562 1523 adstitit
590 1485 851 1536 staphamque
877 1486 1026 1523 tenuit:
1063 1488 1241 1536 peractis
1258 1486 1480 1523 missarum
1499 1486 1720 1534 solemniis,

251 1541 381 1591 inquit
406 1540 511 1579 idem
531 1542 713 1592 pontifex
736 1541 843 1593 apud
861 1541 1117 1593 Radulphum
1145 1543 1193 1580 de
1214 1542 1350 1580 Diceto
1375 1547 1414 1579 et
1438 1541 1717 1590 Houedenum,

250 1611 325 1635 nos
353 1611 480 1649 usque
509 1597 569 1635 ad
589 1599 721 1649 ipsius
742 1599 947 1648 ecclesiae,
986 1599 1112 1636 sancti
1131 1599 1275 1648 Marci,
1312 1605 1479 1649 portam
1501 1597 1718 1649 dextravit,

250 1663 286 1691 et
305 1667 395 1692 cum
413 1653 715 1692 ascenderemus
727 1654 983 1705 palefridum
1003 1662 1189 1692 nostrum
1208 1656 1267 1692 ibi
1280 1662 1495 1706 paratum,
1524 1655 1717 1706 stapham

248 1712 378 1748 tenuit
407 1718 444 1748 et
475 1726 627 1749 omnem
652 1711 839 1748 honorem
861 1718 897 1748 et
924 1713 1184 1748 reverentiam
1203 1711 1318 1748 nobis
1347 1711 1546 1761 exhibuit,
1589 1725 1716 1763 quam

241 1766 567 1818 praedecessores
592 1770 680 1805 eius
704 1769 854 1805 nostris
878 1775 1164 1805 consueverant
1186 1767 1505 1805 antecessoribus
1525 1767 1717 1807 exhibere.

247 1824 349 1861 Acta
367 1824 606 1862 Alexandri:
635 1823 852 1862 decantata
873 1825 1011 1876 itaque
1029 1825 1156 1861 missa
1185 1823 1308 1873 idem,
1337 1823 1592 1874 Fredericus,
1618 1823 1716 1862 dex-

248 1887 376 1917 teram
387 1882 598 1931 pontificis
621 1880 903 1933 apprehendit,
933 1887 972 1917 et
989 1888 1101 1918 extra
1118 1881 1324 1918 ecclesiam
1338 1894 1474 1932 usque
1495 1878 1715 1919 adalham

247 1936 458 1974 caballum
473 1936 668 1980 conduxit
685 1940 842 1990 ipsum,
871 1943 908 1975 et
923 1939 1304 1989 streguamfortiter
1323 1939 1462 1975 tenuit.
1518 1951 1611 1975 cum
1635 1951 1714 1981 aue
1761 1941 1763 1943 ’

248 2000 327 2030 tem
349 1994 546 2042 fraenum
576 1996 792 2045 acciperet,
835 2002 871 2035 et
900 1996 1090 2032 stratoris
1119 1994 1304 2046 officium
1330 1994 1447 2032 vellet
1478 1992 1711 2046 adimplere,

240 2051 450 2100 pontifex,
480 2052 579 2102 quia
597 2052 673 2088 iter
690 2049 751 2088 ad
768 2064 880 2088 mare
896 2053 1031 2089 minus
1051 2050 1265 2090 videbatur
1283 2051 1509 2102 prolixum,
1531 2064 1610 2102 pro
1619 2050 1712 2101 sa·-

245 2113 308 2143 cto
337 2106 506 2157 habuit,
550 2105 903 2160 quodaffectuose
930 2108 1064 2145 'voluit
1097 2107 1330 2160 adimplere.
1386 2107 1522 2151 eadem
1547 2119 1710 2158 prorsus

245 2162 497 2202 observantia
527 2164 645 2215 paulo
673 2170 765 2202 ante
793 2164 963 2202 eundem
987 2164 1215 2215 pontificem
1237 2163 1392 2217 Tociaci
1410 2176 1528 2215 supra
1542 2162 1710 2214 Ligerim

244 2226 482 2271 exceperant
510 2220 736 2258 Ludovicus
760 2220 833 2259 VII
867 2220 1076 2269 Franciae,
1115 2227 1155 2259 et
1174 2221 1368 2260 Hem-icus
1397 2219 1556 2270 Angliae
1584 2232 1708 2270 reges,

244 2277 312 2313 usi
335 2277 471 2327 officio
495 2278 686 2314 stratoris
706 2276 864 2328 pedites
884 2277 1024 2315 dextra
1042 2279 1237 2329 laevaque
1245 2278 1442 2330 fiaenum
1461 2277 1555 2327 equi
1574 2277 1708 2327 ipsius

242 2339 439 2382 tenentes,
464 2338 512 2371 ut
529 2339 670 2371 auctor
693 2339 754 2371 est
774 2334 970 2374 Robertus
993 2334 1042 2372 de
1061 2334 1196 2373 Monte
1221 2335 1265 2374 A.
1290 2336 1406 2376 1162.
1464 2345 1514 2370 ex
1541 2332 1602 2370 his
1631 2332 1708 2384 igi-
1744 2379 1747 2382 1

239 2395 310 2428 tur
331 2390 536 2429 evidenter
566 2390 763 2441 colligitur
786 2391 1018 2429 Cinnamum
1045 2390 1124 2429 hoc
1150 2391 1237 2429 loco
1265 2388 1540 2438 Fredericum,
1582 2385 1706 2428 ta‘cito

237 2445 331 2484 licet
360 2447 539 2496 nomine,
581 2459 745 2498 carpere
770 2453 811 2485 et
838 2448 1041 2499 sugillare,
1082 2453 1130 2486 ut
1159 2447 1226 2498 qui
1255 2457 1458 2498 pronuper
1488 2450 1636 2496 suaque
1664 2451 1706 2484 et

239 2500 431 2541 Manuelis
454 2509 688 2555 tempestate
705 2504 884 2542 Romano
910 2503 1089 2556 pontifici
1108 2502 1328 2542 istiusmodi
1353 2502 1605 2554 praestiterat
1626 2502 1704 2544 ob·-

239 2559 429 2608 sequium.
487 2573 562 2598 nec
579 2560 725 2599 mirum
744 2574 856 2612 aegre
883 2562 1014 2599 tulisse
1033 2561 1208 2605 Graecos
1221 2558 1506 2608 schismaticos,
1546 2564 1703 2598 tantam

95 2622 125 2656 P
148 2620 217 2658 473
239 2613 427 2653 Romanis
444 2617 686 2655 antistitibus
702 2617 884 2656 exhiberi
899 2618 1160 2657 reverentiam
1173 2644 1185 2665 ,
1222 2629 1251 2662 *a
1270 2615 1412 2666 quibus
1435 2615 1701 2665 desciverant5

236 2671 347 2722 quod
374 2671 415 2709 in
433 2671 479 2710 iis
501 2674 757 2724 expostulant
776 2688 857 2712 non
877 2674 994 2713 semel
1012 2679 1170 2721 nostrae
1187 2671 1325 2710 aetatis
1342 2671 1551 2719 haeretici,
1580 2677 1698 2722 atque

188 2731 190 2734 '
235 2727 413 2779 inprimis
434 2728 568 2767 Simon
589 2729 804 2769 Schardius
822 2730 889 2769 lib.
915 2730 964 2767 de
983 2730 1079 2768 Fide
1094 2735 1136 2768 et
1154 2726 1414 2767 Observantia
1429 2730 1699 2767 Romanorum

233 2783 471 2824 Pontificum
496 2784 538 2822 in
565 2785 844 2838 Imperatores,
881 2785 950 2824 ubi
975 2785 1024 2823 de
1043 2785 1242 2824 Frederici
1273 2786 1314 2823 in
1336 2785 1556 2824 Adrianum
1581 2784 1696 2823 obse-
1752 2822 1756 2826 .

233 2840 357 2892 quiis,
386 2854 441 2880 an
462 2840 647 2895 Christo,
675 2842 826 2894 inquit,
855 2843 1140 2894 IIierosolyma
1159 2843 1202 2880 in
1223 2841 1289 2881 die
1301 2843 1542 2895 palmarum
1561 2843 1694 2891 ingre-
