1878 3262
385 193 446 236 IN
467 191 783 237 HISTORIAM
801 193 1029 238 IOANNIS
1051 194 1283 239 CINNAMI
1299 195 1505 239 NOTAE.
1587 194 1683 241 343

214 310 303 354 cat,
334 302 483 355 quibus
501 315 593 341 mox
603 310 735 354 parat
754 310 791 341 et
811 307 936 341 struit
953 302 1155 354 insidias,
1187 304 1261 343 sed
1275 303 1390 357 quod
1404 312 1531 345 mente
1547 307 1686 344 occul—

213 368 298 411 tat,
338 367 494 412 tempus
521 360 687 412 prodet.-
726 361 866 399 statim
899 363 1003 399 enim
1034 361 1146 399 velut
1171 377 1330 414 serpens
1367 363 1461 401 illos
1494 363 1687 403 absumet.

212 417 408 455 dissultat
438 419 482 456 in
511 419 607 455 sinu
635 418 887 469 laetaturque
915 418 1061 469 infelix
1080 418 1352 458 Andronicus
1374 434 1542 458 securus
1570 428 1607 458 et
1634 421 1687 459 ab

213 477 324 513 omni
345 489 448 512 cura
476 475 587 513 liber.
645 488 789 512 manus
815 476 976 511 interim
1005 476 1182 526 explicat
1210 476 1412 529 pedesque
1448 476 1687 530 distorquet,

212 540 425 584 tamquam
451 533 510 568 rei
532 539 672 583 gestae
698 546 771 569 seu
789 532 930 569 Alexii
948 534 1057 568 necis
1075 534 1288 574 innocua-⁹.
1344 533 1418 572 sed
1437 534 1688 586 hypocrisim

211 597 248 627 et
270 588 387 626 dolos
398 588 547 641 prodet
562 588 727 626 tandem
744 588 854 627 deus.
913 587 1020 640 quid
1033 591 1136 626 enim
1156 592 1242 628 viro
1262 590 1438 643 dignum
1443 593 1608 644 faceret
1623 594 1687 630 vi-

211 647 266 684 lis
288 646 433 684 canis?
462 646 532 683 ille
555 647 630 697 qui
638 646 843 697 familiae
861 653 1091 694 extraneae,
1122 645 1199 685 hoc
1225 654 1305 697 est,
1334 647 1476 701 Agneti
1505 650 1686 687 Franco-

208 707 300 742 ruln
321 703 422 755 regis
438 702 562 751 filiae,
592 716 708 753 quam
727 703 862 741 iunior
878 703 1051 741 duxerat
1068 677 1253 750 Alenus,
1282 717 1355 770 per
1372 706 1570 744 nefastum
1586 719 1686 744 con—

209 760 375 799 nubium
394 774 436 797 se
452 761 774 799 commiscuerat.
833 759 1013 812 quifieri
1022 767 1183 811 potest,
1215 768 1262 798 ut
1287 763 1325 798 is
1349 764 1464 800 vivat
1481 777 1683 816 prospere,

210 819 286 869 qui
310 832 356 855 os
384 818 548 869 aperuit
572 818 616 854 in
635 817 804 868 pullos,
833 818 906 868 qui
925 815 1064 854 adhuc
1080 817 1156 854 sub
1179 818 1262 855 alis
1272 827 1494 868 parentum
1511 820 1686 858 excuba-

207 874 333 912 bant?
361 887 440 912 non
465 880 523 910 est
550 874 681 925 igitur
705 888 777 911 cur
800 873 1302 925 Constantinopolitanum
1322 877 1537 927 imperium
1554 891 1581 914 a
1598 884 1687 914 tam

206 931 368 968 scelesto
396 932 636 982 imperatore
663 930 892 997 quidquam
917 930 1013 968 boni
1035 939 1238 982 exspectet.
1294 931 1394 970 haec
1419 940 1478 971 est
1501 935 1685 984 genuina,

206 988 248 1026 ni
278 988 415 1037 fallor,
446 987 596 1026 oraculi
621 988 735 1025 istius
765 999 1045 1041 παραφρασις,
1074 1001 1194 1038 quam
1220 988 1421 1041 interpres
1451 990 1686 1041 Rutgersius

206 1044 316 1083 haud
340 1045 474 1082 minus
503 1050 611 1083 recte
634 1044 833 1093 reddidit,
865 1045 1097 1096 praesertim
1123 1057 1170 1083 eo
1198 1058 1338 1094 versu,
1368 1045 1390 1087 ὁ
1407 1049 1466 1101 τῷ
1483 1046 1583 1100 ξένῳ
1602 1048 1686 1087 δεί-

204 1117 324 1170 γματι
342 1100 668 1155 συγκεκραμέυος.
711 1100 807 1139 huic
825 1101 931 1139 enim
947 1101 1137 1154 imposuit
1154 1115 1362 1166 perperam
1382 1104 1582 1155 exscripta
1600 1117 1685 1143 vox

204 1155 374 1212 δήγματι
400 1171 475 1210 pro
504 1158 706 1210 δείγματιε
735 1164 796 1196 est
821 1158 966 1210 quippe
991 1159 1132 1211 δεῖγμα
1157 1160 1307 1211 insigne
1329 1173 1546 1210 armorum,
1574 1161 1686 1212 quod

203 1215 247 1253 in
279 1215 402 1267 clipeo
432 1214 651 1266 effingitur,
684 1221 732 1253 ut
760 1221 902 1253 auctor
931 1220 991 1252 est
1013 1215 1239 1267 Vegetiusl.
1259 1219 1285 1257 2
1309 1229 1344 1257 c.
1368 1219 1440 1267 18,
1469 1217 1578 1256 unde
1607 1231 1682 1269 pro

202 1272 351 1311 familia
380 1278 421 1310 et
447 1278 562 1323 gente
597 1271 664 1310 hic
689 1272 887 1320 sumitur,
920 1272 980 1310 uti
1003 1285 1087 1311 vox
1115 1273 1294 1325 clipeus,
1324 1286 1407 1311 non
1437 1275 1556 1312 semel
1576 1274 1685 1326 apud

202 1330 416 1380 scriptores
440 1329 602 1367 Latinos
628 1329 819 1378 sequioris
851 1328 1000 1367 aetatis.
1057 1328 1263 1369 Mathaeus
1291 1330 1615 1370 Westmonaster.
1636 1330 1684 1369 A.

205 1386 314 1429 1245
335 1386 382 1424 de
398 1384 717 1424 Pembrochiensi
737 1385 885 1424 familia
910 1385 1072 1437 Anglica
1097 1387 1314 1425 exstincta:
1342 1389 1405 1425 sic
1431 1389 1583 1426 nobilis·
1607 1389 1686 1426 cli-

193 1457 299 1495 peus
318 1443 389 1480 ille
407 1443 740 1480 mares-callorum
763 1450 823 1480 tot
844 1450 881 1480 et
903 1445 1034 1481 tantis
1051 1443 1237 1482 hostibus
1257 1444 1439 1496 Angliae
1454 1443 1678 1500 formida—
1703 1449 1733 1484 P
1756 1448 1826 1485 452

200 1500 298 1538 bilis
329 1501 505 1538 evanuit.
563 1504 602 1537 et
623 1499 831 1538 Mathaeus
847 1500 971 1538 Paris.
992 1500 1081 1541 eod.
1102 1500 1170 1540 A.:
1200 1502 1321 1552 clipei
1339 1503 1383 1539 in
1401 1502 1565 1555 Anglia
1584 1505 1684 1563 iam,

200 1557 302 1605 heu,
322 1557 529 1608 prostrati
547 1562 620 1596 etc.
680 1570 720 1595 v.
738 1557 895 1608 Specul.
913 1558 1060 1595 saxon.
1080 1557 1108 1598 l.
1127 1561 1152 1599 3
1174 1564 1251 1600 art.
1273 1561 1342 1600 72.

310 1627 353 1665 p.
374 1616 455 1656 129
474 1627 513 1653 v.
535 1615 573 1655 8.
628 1608 779 1665 Ἰταλην
807 1611 984 1666 στολην]
1006 1615 1150 1666 Sagum
1177 1615 1368 1664 militare,
1398 1615 1548 1653 nostris
1578 1621 1681 1653 cotte

200 1669 386 1712 d’armes.
447 1684 492 1712 v.
512 1676 598 1708 not.
617 1669 668 1708 ad
690 1670 870 1710 Alexiad.
890 1684 932 1722 p.
950 1673 1049 1713 401.

310 1741 350 1766 v.
379 1729 444 1770 18
501 1724 854 1782 πρωτοστρᾶτορα]
892 1728 949 1766 De
979 1727 1056 1766 hae
1086 1727 1280 1779 dignitate
1317 1727 1412 1767 vide
1448 1732 1587 1766 notata
1627 1728 1680 1766 ad

311 1853 352 1892 Ρ.
374 1843 513 1882 130v.
532 1843 600 1882 22.
659 1839 915 1893 ἔμφρουρον]
949 1840 997 1880 V.
1025 1840 1151 1879 Nicet.
1176 1841 1204 1882 l.
1228 1843 1255 1882 3
1277 1853 1311 1881 c.
1332 1843 1371 1881 2.

310 1910 353 1948 Ρ.
372 1899 451 1939 131
470 1910 512 1936 v,
531 1899 598 1938 22.
657 1899 847 1950 Βορίτζης
866 1897 890 1938 o‘
907 1893 1096 1949 Βόσθνης
1112 1894 1243 1950 χώρας
1260 1891 1464 1948 ἐξάρχων]
1495 1894 1576 1943 Qui
1595 1895 1676 1934 Or-

197 1953 290 1991 bino
318 1953 480 1991 Barich
514 1952 752 2004 appellatur,
789 1954 983 1991 Bossenae
1013 1954 1141 1992 banus
1170 1966 1239 1991 seu
1267 1953 1472 2004 princePS‚
1521 1952 1595 1990 sub
1627 1951 1676 1995 A.

199 2008 322 2052 1154.
351 2010 548 2047 Boritium
566 2009 723 2060 excepit
750 2009 938 2060 Culinus,
962 2010 1075 2049 cuius
1090 2024 1173 2049 non
1192 2010 1312 2048 semel
1331 2009 1480 2048 mentio
1498 2010 1676 2047 occurrit

198 2066 307 2118 apud
324 2067 458 2106 Innoc.
478 2066 545 2105 ΙΙΙ.
566 2079 633 2118 pp.
654 2066 696 2104 in
717 2066 914 2118 Epistolis.

309 2137 350 2175 p.
369 2126 450 2165 182
467 2136 505 2162 v.
523 2121 562 2162 4.
619 2119 929 2176 χαρτουλᾶριος]
963 2122 1203 2161 Chartularii
1221 2122 1504 2172 dicuntur-qui
1521 2121 1675 2159 chartis

195 2181 446 2229 inserviunt,
477 2184 524 2218 ut
548 2186 608 2218 est
629 2180 670 2217 in
690 2179 715 2216 l.
740 2182 793 2222 10
818 2180 936 2227 cod„
965 2180 1034 2218 ubi
1060 2191 1200 2217 causae
1224 2179 1308 2220 fise.
1327 2190 1394 2216 seu
1407 2177 1673 2229 publicarum

195 2237 435 2275 chartarum
458 2237 727 2283 tractatibus,
756 2236 799 2274 in
820 2237 847 2277 l.
870 2240 889 2278 1
913 2237 1011 2279 Cod.
1031 2236 1080 2274 de
1105 2234 1318 2286 Praeposit.
1340 2235 1479 2285 Agent.
1503 2235 1546 2272 in
1572 2235 1672 2285 reb„

194 2294 304 2332 unde
343 2300 384 2332 et
422 2301 661 2331 tractatores
699 2294 968 2344 appellantur,
1006 2297 1055 2329 ut
1082 2291 1311 2330 observavit
1337 2292 1538 2330 Cuiacius:
1576 2293 1672 2330 alias

195 2351 583 2399 commentarienses,
605 2348 663 2387 ‘ab
697 2350 814 2397 actis,
843 2348 912 2399 qui
939 2347 1094 2386 chartas
1124 2354 1165 2386 et
1195 2348 1348 2386 codices
1382 2348 1668 2400 expensionum

193 2413 391 2456 tractant,
420 2409 494 2459 qui
513 2405 801 2457 largitionales
821 2405 963 2442 titulos
979 2412 1223 2453 retractant,
1253 2405 1294 2443 in
1314 2405 1340 2443 l.
1354 2408 1380 2446 3
1403 2404 1499 2442 cod.
1518 2405 1567 2442 de
1588 2406 1668 2442 Ca-

195 2477 302 2502 none
324 2464 451 2515 largit.
476 2463 539 2501 tit.
561 2463 586 2500 l.
609 2466 662 2504 10
689 2462 715 2503 l.
734 2466 809 2510 12,
840 2461 939 2500 Cod.
963 2461 1011 2499 de
1035 2462 1243 2500 Numerar.
1272 2462 1434 2499 Actuar.
1466 2466 1504 2499 et
1541 2461 1668 2499 Char-

195 2520 316 2559 tular.
337 2520 364 2560 l.
388 2524 452 2562 12.
490 2520 618 2560 Gloss.
638 2519 709 2558 Gr.
731 2518 836 2556 Lata
864 2515 1158 2571 χαρτογροῖφος,
1190 2517 1492 2565 chartularius;
1521 2533 1665 2572 χαρτο-

195 2573 350 2627 φύλαξ,
384 2577 679 2614 chartularius.
738 2575 897 2613 Glossae
922 2575 1059 2613 Basila
1088 2575 1440 2627 κομμενταρίσιος,
1470 2578 1664 2629 χαρτουλ-

195 2628 353 2699 Mones-,-
381 2634 730 2686 κομμενταρίσιος,
761 2630 784 2672 o‘
800 2628 1233 2685 ὖπομνηματογραφος.
1264 2628 1528 2685 σκρινιάριοι,
1552 2645 1664 2685 σκρι-

197 2686 405 2742 νιοφὸροι,
435 2688 565 2744 ἤγουν
591 2686 882 2743 χαρτουλοὲριοι.
939 2695 1054 2726 erant
1071 2695 1202 2726 autem
1225 2694 1287 2726 tot
1309 2688 1540 2727 chartularii
1567 2695 1665 2739 quot

195 2745 352 2788 scrinia.
380 2746 572 2785 eiusmodi
589 2752 705 2794 sunt,
725 2759 895 2797 quorum
912 2745 1091 2784 meminit
1106 2745 1316 2784 Cledonius
1335 2746 1385 2784 de
1400 2746 1498 2784 Arte
1515 2746 1661 2784 Gram-

195 2801 359 2840 matica:
386 2803 612 2842 absurdum
629 2805 762 2855 igitur
784 2805 860 2841 erit
884 2802 1035 2853 dicere,
1065 2817 1093 2840 a
1102 2805 1323 2855 praeterito
1333 2804 1577 2855 proconsule
1591 2815 1660 2839 ve-

196 2859 286 2909 nio,
309 2859 379 2897 vet
404 2858 590 2899 Carruca
612 2868 669 2898 est
692 2862 958 2913 proconsule:
988 2867 1184 2899 sectantes
1207 2859 1556 2899 chartulariorum
1577 2858 1660 2895 ali-
