1878 3262
354 245 414 288 IN
437 243 752 288 HISTORIAM
774 243 998 287 IOANNIS
1029 242 1260 288 CINNAMI
1285 243 1484 287 NOTAE.
1551 243 1654 288 >337

186 364 309 394 texere
326 355 479 404 solent,
510 354 558 392 ob
579 355 848 406 ignominiam
869 357 1124 407 imperatoris·
1141 357 1327 407 captivos
1345 353 1560 392 deducunt.
1605 354 1654 392 de

182 412 268 452 istis
296 410 502 464 opificibus
536 418 656 461 agunt
681 411 837 449 Nicetas
862 411 888 450 l.
918 415 945 453 2
979 426 1018 451 n.
1050 414 1076 453 8
1104 417 1144 450 et
1170 411 1393 450 Falcandus
1414 412 1458 450 in
1482 411 1653 452 Praefat.

183 483 223 521 p.
256 471 353 511 639.
410 468 628 520 imperabat
664 468 815 507 Siculae
842 467 955 506 classi
977 469 1187 520 Georgius,
1223 469 1422 507 maximus
1450 468 1654 517 amiratus,

183 531 231 564 ut
261 531 402 564 auctor
429 531 489 564 est
508 525 739 564 Vincentius
759 524 977 575 Bellovac.‚
1018 526 1084 563 vir
1113 524 1277 577 quidem
1305 527 1393 577 regi
1408 524 1655 576 fidissimus,

184 589 308 634 atque
329 585 374 620 in
392 583 565 634 negotiis
584 581 866 620 saecularibus·
883 583 1251 631 exercitatissimus,
1280 583 1413 634 inquit
1429 582 1656 621 Alexander

184 639 381 678 Celesinus
398 639 424 680 l.
445 643 471 681 2
491 652 524 678 c,
545 640 594 688 8,
623 639 694 678 ubi
717 639 897 677 meminit
920 639 1039 677 etiam
1064 639 1220 676 loannis
1240 640 1419 689 amirati,
1458 640 1535 678 viri
1560 652 1655 691 per-

182 696 277 735 inde
293 696 335 734 in
356 709 401 735 re
418 696 556 734 bellica
579 695 795 734 admodum
814 696 977 735 strenui.
1026 695 1240 746 Corcyrae,
1270 696 1472 747 Euboeae,
1503 702 1654 735 cetera-

182 765 352 803 rumque
374 753 560 791 Graeciae
579 753 740 791 urbium
758 752 1058 804 expugnationis
1076 751 1282 790 historiam
1302 753 1426 791 fusius
1444 754 1656 805 prosequi-

184 815 255 848 tur
269 810 422 849 Nicetas
442 809 506 850 l.2
526 823 565 847 n.
585 811 605 850 1
633 813 659 851 2
679 812 704 851 3
726 809 754 851 4
771 815 812 848 et
831 811 872 852 5.
930 809 1095 848 eandem
1114 815 1319 861 praeterea
1339 811 1554 860 attigerunt
1570 812 1656 849 Ro-

183 867 319 906 bertus
356 867 406 905 de
426 865 563 904 Monte
588 866 634 904 A.
668 865 776 909 1148
805 872 845 904 et
876 867 1006 915 1149,
1038 866 1210 905 Annales
1229 866 1463 905 Pisanorum
1486 867 1583 906 editi
1605 867 1655 906 ab

183 923 346 975 Ughello
369 930 467 963 tom.
500 927 524 965 3
552 923 637 963 Ital.
660 924 801 962 Sacrae
822 923 869 962 A.
891 923 1000 966 1158
1031 930 1072 962 et
1101 919 1313 962 Sabellicus
1348 922 1483 962 decad.
1509 925 1530 964 1
1563 925 1654 963 Rer.

183 981 321 1020 Venet.
343 980 371 1018 l.
389 984 431 1023 7.

296 1050 337 1088 Ρ.
358 1039 412 1079 93
437 1050 475 1075 v.
496 1041 537 1079 2.
598 1034 866 1087 στρατεύματα
882 1034 1099 1089 Σκυθικὰ]
1129 1036 1271 1088 Tangit
1290 1035 1394 1074 hanc
1414 1035 1657 1088 Scytharum

181 1093 449 1146 irruptionem
466 1092 563 1131 locis
582 1093 712 1131 citatis
730 1093 776 1132 Ν
767 1098 897 1131 xcetas

295 1164 334 1192 v.
366 1153 431 1192 16
498 1146 619 1198 ξύλου
645 1150 895 1202 πεποιημένα
924 1146 1040 1202 ἓνος]
1084 1145 1306 1199 Μονόξυλα
1335 1155 1483 1188 vocant
1515 1149 1657 1188 Graeci

182 1207 441 1246 recentiores:
470 1206 648 1258 scaphas
676 1207 843 1256 scilicet,
874 1219 943 1245 seu
962 1207 1133 1244 amnicas
1152 1206 1376 1256 naviculas,
1408 1205 1457 1244 de
1474 1206 1657 1258 singulis

182 1264 372 1302 trabibus
405 1271 640 1313 excavatas,
684 1264 816 1314 inquit
840 1263 1033 1315 Vegetius.
1091 1263 1198 1301 unde
1224 1277 1246 1300 a
1266 1262 1416 1301 Latinis
1448 1263 1659 1301 trabariae

183 1321 332 1370 dictae,
363 1334 466 1373 quae
492 1335 537 1358 ex
555 1321 745 1373 'singulis
766 1320 954 1358 trabibus
973 1328 1195 1370 cavantur,
1231 1326 1279 1358 ut
1309 1326 1369 1359 est
1395 1320 1504 1373 apud
1529 1319 1659 1358 Isido-

182 1391 275 1417 rum
295 1378 322 1417 l.
347 1381 398 1420 19
422 1376 529 1429 Orig.
551 1391 584 1416 c.
612 1382 631 1419 1
650 1406 660 1426 ,
694 1378 819 1416 Gloss.
852 1378 922 1416 Gr.
951 1378 1056 1415 Lat.:
1095 1376 1342 1430 μονόξυλον,
1373 1377 1525 1416 lintris.
1583 1376 1659 1414 hae

182 1435 367 1486 propriae
394 1440 508 1472 erant
533 1433 794 1486 Scytharum,
831 1434 1118 1486 Bulgarorum‚
1156 1434 1401 1485 Russorum,
1445 1440 1485 1473 et
1506 1439 1659 1472 cetero-

183 1505 275 1530 rum
303 1490 354 1529 ad
372 1492 690 1543 Septentrionem
716 1492 978 1543 populorum,
1006 1491 1149 1542 quibus
1168 1491 1317 1530 Istrum
1346 1497 1387 1529 et
1407 1491 1556 1530 maiora
1576 1490 1658 1530 flu-

184 1548 291 1586 mina
308 1548 570 1591 traiiciebant.
614 1548 856 1587 Claudianus
875 1549 917 1586 in
938 1547 965 1589 4
986 1549 1145 1586 Consul.
1169 1548 1350 1587 Honorii.

353 1607 450 1643 ausi
469 1605 714 1644 Danubium
733 1604 942 1658 quondam
961 1613 1180 1643 transnare
1202 1605 1438 1654 Gotlzunni,

351 1664 396 1700 in
419 1663 560 1700 lintres
568 1662 734 1715 fregere
756 1678 918 1712 nemus,
949 1660 1040 1701 cum
1064 1663 1176 1700 mille
1193 1662 1363 1700 ruebant

345 1734 421 1771 per
429 1720 614 1771 fluvium
626 1721 774 1772 plenae
793 1723 931 1759 cuneis
951 1719 1202 1757 immanibus
1221 1719 1320 1758 alni.
1718 1767 1720 1769 ‚

185 1775 400 1814 Cinnamus
425 1777 552 1814 infra:
597 1773 817 1846 λεμβᾶδιόν
845 1794 883 1818 τι
910 1773 1088 1830 οἷναβάς,
1130 1775 1254 1817 ὁποῖα
1281 1773 1382 1827 πρὸς
1408 1777 1496 1822 ταῖς
1520 1769 1658 1821 οἷκταῖς

184 1831 367 1873 ἐνταῦθα
392 1829 616 1874 διασαλεύει
649 1830 871 1884 αὕτόξυλα,
910 1833 976 1874 ἐπὶ
994 1831 1070 1886 τὴν
1089 1834 1261 1885 περαίαν
1286 1831 1462 1883 ἐφέρετο.
1521 1829 1657 1867 Theo-

183 1887 335 1940 phanes
352 1888 398 1928 A.
417 1891 470 1931 17
486 1889 676 1929 Heraclii:
714 1889 866 1945 γλυπτα
899 1888 1036 1942 σκάφη
1071 1896 1190 1930 vocat
1222 1887 1414 1927 eiusmodi
1443 1885 1496 1924 ad
1512 1888 1661 1924 Istrum

183 1945 462 1984 traiiciendum
487 1947 701 1986 naviculas.
736 1946 1006 2014 Nicephorus
1034 1947 1104 1998 Cp,
1131 1946 1172 1984 in
1196 1946 1372 1984 Breviar.
1393 1943 1442 1982 de
1460 1943 1660 2012 Bulgaris:

184 1996 289 2055 ἦγον
308 2001 352 2043 ἐν
373 2003 644 2073 Θεσσαλονίκῃ
668 1999 834 2052 ἄκατια,
869 2000 1068 2056 μονόξυλα
1095 2001 1140 2043 δὲ
1166 1999 1282 2043 αυτοὶ
1302 1997 1661 2056 προσαγορεύουσι.

185 2059 377 2096 eiusmodi
394 2059 549 2110 navigia
572 2044 701 2113 ἅδρυα
719 2034 919 2098 vocabant
939 2060 1085 2112 Cyprii,
1118 2065 1163 2096 ut
1186 2065 1326 2097 auctor
1349 2063 1408 2096 est
1426 2055 1661 2109 Hesychius.

184 2115 278 2154 vide
301 2117 433 2154 const.
456 2115 602 2167 Porph.
631 2116 680 2155 de
698 2115 815 2156 Adm.
840 2116 938 2168 Imp.
964 2130 998 2155 c.
1019 2119 1067 2164 9,
1108 2117 1306 2154 Zonaram
1324 2129 1365 2167 p.
1388 2117 1491 2164 202,
1530 2113 1659 2165 Scyli-

187 2178 291 2211 tzem
310 2186 349 2224 p.
372 2173 455 2215 758
476 2179 516 2211 et
535 2173 631 2211 alios
649 2187 671 2211 a
694 2173 865 2211 Meursio
892 2179 929 2211 et
948 2173 1120 2210 Fabroto
1139 2173 1279 2210 citatos
1303 2171 1528 2222 scriptores.

301 2243 340 2281 p.
359 2232 414 2271 97
431 2244 473 2268 v·
495 2235 531 2270 1-
590 2227 639 2271 ὃν
660 2230 1011 2283 Κοντοστέφανον]
1042 2227 1459 2280 Contostephanorum
1480 2228 1659 2278 agnomi-

187 2287 249 2325 nis
277 2300 360 2325 non
386 2299 410 2323 a
439 2286 665 2338 Stephano,
706 2287 899 2325 Manu'elis
928 2287 1023 2337 imp.
1056 2284 1230 2333 sororio,
1269 2285 1440 2336 primam
1468 2283 1659 2335 originem

176 2343 461 2382 'arcessendam
484 2350 661 2393 constat,
702 2357 792 2382 cum
819 2356 865 2380 ea
885 2342 1033 2380 familia
1055 2342 1163 2393 apud
1188 2341 1402 2392 scriptores
1418 2341 1660 2392 Byzantinos
1690 2342 1699 2351 “

188 2407 280 2439 ante
296 2400 395 2438 haec
404 2407 590 2465 tempma
611 2406 808 2438 occurrat.
854 2399 1011 2437 tametsi
1030 2398 1287 2450 Stephanum,
1318 2399 1385 2449 qui
1404 2396 1657 2449 appellationi

187 2457 340 2508 primus
357 2457 519 2495 initium
542 2457 676 2506 dedit,
715 2454 782 2496 δια
803 2472 846 2496 το
870 2453 998 2509 βραχυ
1017 2459 1090 2509 τῆς
1108 2451 1268 2508 ἡλικίας
1288 2455 1347 2493 ita
1369 2459 1657 2505 nuncupatum,

189 2525 311 2564 aeque
329 2527 375 2552 ac
393 2514 628 2561 Cinnamus,
658 2513 836 2551 scribant
855 2513 1029 2551 Zonaras
1051 2519 1090 2551 et
1105 2512 1306 2563 Scylitzes.
1364 2509 1658 2562 Contostepha-

190 2583 333 2609 norum
349 2576 512 2618 stemma
527 2570 696 2609 damus
686 2584 726 2608 111
750 2576 957 2608 stemmate
977 2570 1227 2617 Comnenico,
1252 2569 1295 2606 in
1315 2567 1487 2606 Familiis
1506 2567 1660 2610 Orient.

301 2640 341 2679 p.
369 2629 425 2670 98
451 2641 491 2666 v.
513 2631 551 2670 6.
609 2623 856 2680 στολάρχην]
885 2627 1091 2666 Exstincto
1122 2632 1162 2665 et
1188 2638 1299 2664 caeso
1324 2623 1661 2677 Contostephano‚

190 2682 354 2721 Ioannes
372 2683 562 2723 Axuchus
581 2698 745 2736 magnus
766 2684 1003 2723 domesticus
1028 2684 1140 2722 classi
1162 2682 1392 2735 praeficitur
1418 2695 1442 2720 a
1463 2681 1657 2732 Manuale,

192 2739 339 2790 absque
357 2745 491 2780 tamen
512 2742 643 2793 magni
662 2741 773 2780 ducis
793 2741 926 2780 titulo.

304 2809 344 2847 Ρ.
360 2798 415 2838 99
442 2811 483 2841 v.
504 2801 544 2840 9.
600 2797 667 2839 ἐπὶ
684 2801 878 2840 τοσοῦτον
894 2795 971 2852 γάρ
988 2794 1123 2849 ὕψος]
1151 2797 1307 2836 Nicetas
1328 2795 1378 2835 de
1398 2808 1488 2835 arce
1508 2795 1657 2846 Corcy-

194 2851 319 2891 rensi:
350 2851 445 2892 ἔστι
461 2852 505 2894 δὲ
530 2853 562 2907 ἦ
581 2853 881 2910 Κερκυραίων’
864 2853 966 2925 α’κρα
991 2855 1148 2909 αἰγίλιψ
1177 2857 1291 2895 πᾶσα
1319 2852 1389 2894 καὶ
1421 2847 1655 2920 ἆγχινεφής,

194 2906 414 3003 ἓλισὲοειδῆς
430 2907 506 2962 την
523 2911 660 2961 θέσιν,
690 2913 759 2954 καὶ
778 2910 1087 2967 υψικόρυμβος,
1117 2914 1433 3008 προσνενευέιέῒα
1451 2909 1492 2957 ἐς
1509 2904 1554 2948 τὸ
1579 2902 1656 2959 βα-

281 2981 454 3004 ΙΜΕΤΠΙΙΒ.
