1878 3262
261 209 328 255 80
687 200 993 249 NICEPHORI
1027 200 1295 249 BRYENNII
1333 218 1341 227 ··

258 323 329 366 τὸν
364 320 434 363 ἕνα
465 322 546 362 τῶν
575 314 854 377 ὁμηρευόντων
887 316 1057 376 ἐκγόνων
1089 323 1163 363 τοῦ
1193 321 1400 379 καίσαρος.
1454 315 1572 364 ξἀλλὰ
1594 319 1725 365 ταῦτα

257 392 331 445 μὲν
354 388 536 445 ὕστερον.
884 383 885 386 ¹
1360 445 1364 447 Β

204 466 235 502 Β
401 457 477 503 17:
538 455 588 500 ‘O
628 457 671 499 δὲ
705 456 898 511 βασιλεὺς
930 457 1105 511 Μιχαὴλ
1140 457 1276 512 ἐπειδὴ
1305 455 1534 513 μεμαθήκει
1556 458 1630 514 τὴν
1652 461 1726 500 τοῦ

250 526 480 581 Ῥωμαϊκοῦ
514 524 817 584 στρατεύματος
844 520 970 581 ’ἧτταν
991 528 1058 567 καὶ
1082 523 1137 576 ὥς
1158 524 1343 568 ἑάλωσαν
1363 525 1488 584 ἄμφω
1510 526 1595 570 ὅντε
1612 531 1727 576 θεῖος

256 603 406 652 καῖσαρ
442 597 509 638 καὶ
540 594 561 637 ὃ
599 594 743 638 τούτου
775 593 883 647 υἱός,
920 593 941 636 ὅ
963 599 1046 636 τῶν
1067 593 1380 652 στρατευμάτων
1404 594 1615 651 κατάρχων
1634 596 1760 639 Ἀν-5

256 664 465 722 δρόνικος,
502 666 684 723 φροντίσι
714 665 920 720 μεγίσταις
946 662 1135 717 ἐβάλλετο
1149 696 1162 717 ,
1199 666 1266 706 καὶ
1292 663 1362 706 τὸν
1377 663 1510 719 γ’δοῦκα
1530 665 1725 718 μετεπέμ-

257 751 353 777 πετο
390 735 697 776 Κωνσταντΐνον
732 733 802 775 τὸν
833 732 1008 775 ὕστατον
1041 737 1122 775 τῶν
1158 733 1277 775 υἱέων
1308 737 1383 775 τοῦ
1416 734 1631 789 καίσαρος,
1678 726 1728 774 οὗ

257 801 440 860 πρόσθεν
475 801 496 845 ὃ
535 801 651 858 λόγος
683 800 868 857 ἐμνήσθη
879 834 891 853 ,
929 800 1059 859 ἄνδρα
1093 802 1296 859 τολμηρὸν
1326 803 1393 844 καὶ
1422 797 1624 858 γενναῖον,
1659 801 1727 844 καὶ

260 873 458 928 διαπερᾶν
482 871 554 925 τὴν
575 873 838 928 Προποντίδα
859 870 1008 913 ἐκέλευε
1031 875 1099 912 καὶ
1121 871 1167 913 τὸ
1189 871 1414 927 περισωθὲν
1435 871 1478 912 ἔκ
1501 875 1574 925 τῆς
1593 867 1728 924 μάχης

256 945 332 983 τοῦ
365 938 666 996 στρατεύματος
701 937 1016 994 ἀναλαμβάνειν.
1085 937 1106 981 ὅ
1135 941 1178 982 δὲ
1203 940 1260 995 μὴ
1286 940 1420 997 φέρων
1441 939 1492 982 τὰ
1517 932 1728 993 ξύμβαντα
1741 946 1786 984 10

257 1013 317 1066 τῷ
339 1012 466 1066 πατρί
483 1027 524 1051 τε
547 1010 613 1050 καὶ
638 1008 829 1067 τάδελφῷ
857 1008 1004 1064 ἔβρυχέ
1031 1026 1073 1051 τε
1104 1007 1290 1066 καθάπερ
1318 1009 1418 1051 λέων
1442 1010 1509 1050 καὶ
1534 1010 1656 1062 δῆλος
1676 1001 1728 1061 ἦν

207 1080 239 1114 C
262 1076 489 1134 προθύμως
520 1082 594 1119 τοῦ
615 1076 730 1133 ἔργου
757 1075 992 1130 ἁπτόμενος.
1061 1076 1358 1131 συνταξάμενος
1379 1078 1424 1119 δὲ
1445 1078 1533 1133 περὶ
1556 1075 1728 1133 ἑσπέραν

257 1150 317 1203 τῷ
340 1150 506 1199 βασιλεῖ
524 1145 659 1187 οἴκαδε
683 1143 821 1202 ἐχώρει
846 1145 1351 1202 παρασκευασθηυόμενος.
1377 1175 1379 1178 -
1422 1146 1516 1188 ἀλλ’
1541 1143 1727 1201 ἀλγήμα-

254 1231 325 1264 τος
346 1215 457 1272 αὐτῷ
480 1212 687 1270 γεγονότος
712 1213 816 1256 κατὰ
835 1214 907 1268 τὴν
926 1216 1015 1271 περὶ
1035 1216 1162 1269 μέσην
1185 1214 1308 1257 νύκτα
1331 1216 1398 1256 καὶ
1419 1212 1598 1271 ἀρρήτου
1621 1212 1729 1263 τινὸς

256 1285 508 1340 δυσφοριάς,
545 1283 583 1324 οἳ
613 1287 693 1325 τῶν
720 1281 947 1340 ἅκεστόρων
971 1287 1262 1341 μετεκαλοῦντο
1293 1282 1462 1340 ἄριστοι.
1531 1281 1625 1324 κατ’
1655 1281 1784 1329 ozi-15

253 1353 323 1394 -δὲν
351 1353 394 1394 δὲ
415 1356 487 1407 τῆς
508 1353 647 1407 τέχνης
669 1350 892 1407 ἴσχυσάσης
909 1355 1119 1407 βοηθῆσαι
1142 1351 1211 1394 τὸν
1232 1350 1458 1406 κάμνοντα,
1495 1351 1623 1393 ἕωθεν
1643 1351 1729 1392 ἓτε-

254 1420 391 1472 λεύτα.
460 1425 578 1463 τοῦτο
605 1419 822 1478 προσθήκη
845 1425 926 1462 τῶν
948 1425 1172 1478 συμφορῶν
1195 1419 1361 1476 ἐγεγόνει
1382 1421 1558 1476 καίσαρι.
1628 1417 1649 1460 ὅ
1685 1418 1729 1460 δὲ

252 1488 467 1546 βάρβαρος
488 1491 626 1539 ἀδείας
653 1488 903 1545 δραξάμενος
923 1490 1078 1544 βουλὴν
1100 1488 1367 1543 ἐβουλεύσατο
1389 1493 1567 1543 βαθεῖαν
1597 1489 1631 1530 εἲ
1659 1489 1728 1529 καὶ

250 1558 309 1613 μὴ
331 1558 445 1614 παρὰ
463 1559 618 1614 κυρίου.
666 1556 692 1612 ἦ
720 1559 763 1599 δὲ
784 1553 834 1613 ἧν
854 1559 1027 1611 βασιλέα
1050 1558 1119 1600 τὸν
1139 1560 1315 1615 καίσαρα
1333 1558 1503 1600 ἀνειπεῖν
1517 1555 1727 1610 Ῥωμαίων

251 1629 320 1669 καὶ
353 1625 458 1669 οὕτω
490 1627 775 1683 περιέρχεσθαι
802 1626 876 1676 τὰς
900 1625 1034 1676 πόλεις
1059 1628 1126 1668 καὶ
1148 1625 1400 1683 ὑποχειρίους
1425 1632 1550 1667 ποιεῖν
1571 1623 1784 1680 ἓαυτῷ·20

254 1694 420 1737 ἑλκύσαι
442 1695 520 1752 γὰρ
547 1697 613 1737 καὶ
637 1699 716 1738 τῶν
740 1696 781 1737 ἒν
800 1697 982 1749 βασιλίδι
1012 1699 1094 1737 τῶν
1128 1693 1284 1737 πόλεων
1310 1695 1540 1748 δυναμένων
1563 1694 1636 1748 τὴν
1659 1691 1725 1735 εὕ-

197 1770 231 1806 D
254 1781 368 1807 νοιαν
405 1763 534 1814 οὕτως
571 1763 684 1822 ᾤετο.
754 1761 775 1806 ὅ
812 1764 856 1806 δὲ
890 1763 1041 1814 κλεινὸς
1067 1770 1215 1821 καΐσαρ
1237 1767 1398 1821 πρῶτον
1417 1763 1490 1818 μὲν
1512 1759 1728 1819 ἐδυσφόρει

346 1905 403 1941 14.
426 1902 522 1940 κατά
545 1901 639 1951 τήν]
663 1904 762 1940 Fort.
786 1904 975 1939 addendum
998 1901 1175 1950 κεφαλήν.

254 2029 396 2064 mediam
416 2033 612 2065 tenuerunt.
659 2029 709 2064 sic
735 2029 822 2064 elabi
838 2029 982 2074 contigit
995 2040 1096 2064 unum
1112 2041 1155 2064 ex
1173 2028 1346 2064 obsidibus
1362 2027 1540 2075 nepotibus
1555 2025 1724 2062 Caesaris.

252 2076 317 2111 sed
332 2077 418 2109 haec
433 2080 564 2121 postea.

290 2136 297 2147 ·
350 2123 405 2156 17.
454 2122 612 2155 Ceterum
626 2120 813 2166 imperator
825 2121 972 2155 Michael
988 2124 1165 2167 postquam
1182 2120 1299 2154 didicit
1311 2119 1454 2154 Romani
1470 2118 1637 2153 exercitus
1653 2118 1727 2153 cla-

254 2167 350 2209 dem,
381 2172 515 2212 captum
539 2174 693 2211 patruum
709 2179 804 2212 suum
823 2167 1005 2201 Caesarem
1023 2172 1059 2201 et
1075 2167 1145 2201 eius
1161 2167 1263 2200 filium
1281 2166 1450 2200 exercitus
1466 2166 1637 2199 ductorem
1653 2167 1726 2198 An·

252 2213 424 2247 (ironicum
436 2241 446 2257 ‚
473 2213 562 2246 curis
577 2213 729 2247 maximis
746 2213 1016 2248 conflictabatur.
1051 2213 1320 2259 accersitumque
1335 2213 1453 2246 ducem
1468 2210 1726 2246 Constantinum

253 2259 403 2293 ultimum
421 2259 562 2292 filiorum
579 2259 736 2292 Caesaris
749 2285 758 2300 ‚
791 2259 885 2292 cuius
900 2266 1001 2293 antea
1016 2259 1222 2293 meminimus
1236 2286 1246 2303 ‚
1278 2259 1388 2292 virum
1404 2257 1558 2291 audentis
1575 2260 1611 2289 et
1625 2256 1726 2290 sortis

253 2305 372 2349 animi,
404 2304 561 2338 traiicere
589 2305 765 2338 confestim
791 2306 1032 2350 Propontidem
1053 2305 1152 2338 iussit
1175 2310 1210 2339 et
1234 2305 1414 2350 reliquias,
1444 2303 1473 2337 si
1499 2313 1582 2347 quas
1607 2305 1727 2347 posset

253 2351 356 2384 deleti
387 2351 555 2384 exercitus
588 2350 759 2394 colligere.
807 2351 863 2384 ille
888 2351 1177 2397 impatientissime
1200 2352 1315 2384 serens
1338 2361 1423 2395 quae
1447 2348 1535 2393 patri
1557 2347 1726 2392 fratrique

254 2397 469 2440 contigerant
491 2397 658 2430 fremebat
682 2401 719 2429 ut
745 2396 798 2429 leo
825 2396 1104 2442 significabatque
1132 2397 1338 2442 perlibenter
1355 2407 1394 2429 se
1409 2394 1450 2428 ad
1469 2394 1537 2427 tale
1553 2394 1724 2437 negotium

252 2442 398 2486 accingi.
443 2442 589 2476 salutato
614 2441 717 2485 igitur
732 2453 877 2487 vespere
892 2442 1095 2487 imperatore
1110 2442 1240 2476 domum
1257 2441 1398 2476 recessit
1413 2445 1669 2484 comparaturus
1685 2451 1724 2474 se

252 2488 297 2522 ad
319 2489 396 2522 iter.
445 2488 505 2522 sed
522 2499 595 2522 eum
611 2487 793 2521 invadente
813 2487 902 2521 circa
919 2493 1052 2522 noctem
1069 2488 1208 2522 mediam
1226 2487 1343 2522 dolore
1357 2486 1467 2520 subito
1485 2486 1593 2529 ignoti
1609 2485 1724 2519 cuius-

252 2534 330 2567 dam
358 2534 550 2578 languoris,
581 2533 695 2567 vocati
718 2533 875 2567 continuo
903 2534 1105 2569 medicorum
1123 2534 1237 2580 optimi
1254 2533 1332 2567 nihil
1347 2531 1498 2565 omnibus
1514 2532 1596 2565 artis
1612 2542 1724 2565 reme-

252 2579 316 2612 diis
339 2579 458 2613 iuvare
479 2580 687 2613 laborantem
712 2583 895 2625 potuerunt
921 2592 983 2614 nec
1003 2580 1186 2625 prohibere
1235 2590 1277 2612 uo
1295 2578 1399 2612 minus
1416 2589 1512 2611 mane
1527 2582 1724 2614 moreretur.

252 2625 317 2659 hoc
335 2626 516 2659 auctarium
533 2625 760 2659 calamitatum
776 2625 918 2659 Caesari
933 2626 1010 2660 fuit.
1055 2637 1171 2659 verum
1236 2624 1352 2658 rselius
1368 2623 1492 2657 fiducia
1509 2635 1551 2657 ex
1566 2624 1724 2658 fortunae

252 2673 374 2706 favore
399 2675 565 2715 concepta
591 2671 762 2705 consilium
786 2672 1039 2706 machinabatur
1062 2677 1234 2706 versutum
1250 2681 1291 2703 ac
1306 2669 1504 2716 profundum
1523 2670 1601 2703 licet
1617 2679 1683 2702 non
1698 2679 1721 2702 a

254 2716 398 2750 domino.
444 2716 479 2750 id
506 2722 615 2750 autem
643 2722 718 2750 erat
740 2717 976 2762 imperatorem
994 2719 1220 2751 Romanorum
1239 2726 1313 2749 eum
1330 2726 1427 2760 quem
1446 2715 1617 2761 captivum
1632 2713 1724 2749 deti-

252 2763 357 2796 nebat
382 2762 565 2796 Caesarem
591 2763 706 2796 facere
722 2774 762 2796 ac
778 2763 827 2796 sic
844 2763 939 2797 obire
953 2763 1111 2798 civitates
1127 2773 1252 2806 easque
1266 2761 1330 2795 sibi
1346 2761 1523 2796 subiicere.
1570 2761 1618 2795 sic
1635 2759 1722 2794 enim

253 2813 289 2843 et
319 2807 764 2853 Constantinopolitanorum
799 2819 977 2854 procerum
1008 2807 1275 2843 benevolentiam
1307 2807 1559 2842 conciliaturum
1591 2818 1630 2842 se
1653 2805 1723 2840 suis

254 2855 406 2902 partibus
431 2854 581 2890 rebatur.
627 2853 772 2900 inclytus
796 2865 881 2889 vero
909 2854 1040 2890 Caesar
1064 2854 1205 2902 primum
1231 2853 1366 2899 quidem
1381 2854 1524 2889 moleste
1538 2853 1673 2890 ferebat
1687 2854 1723 2887 et
