1878 3262
383 234 443 276 IN
462 233 776 288 HISTORIAM
794 234 1023 279 IOANNIS
1044 235 1276 280 CINNAMI
1295 237 1495 280 NOTAE.
1573 234 1672 284 347

203 341 476 383 Alexandrum
491 342 595 382 Mon.
611 343 688 394 l.5,
710 343 857 386 Chron.
874 343 1102 384 Monasterii
1119 347 1157 388 S.
1176 346 1356 386 Barthol.
1377 346 1427 386 de
1448 346 1672 399 carpineto,

204 400 307 443 Rob.
333 399 382 439 de
403 400 539 439 Monte
565 407 604 439 et
623 400 748 439 Nicol.
771 401 998 440 Trivettum
1021 402 1065 440 A.
1085 404 1193 446 1155
1218 403 1326 446 1156
1349 410 1388 442 et
1410 406 1543 454 1163,
1575 404 1673 442 Acta

204 457 423 496 Alexandri
442 457 498 496 111
514 471 581 510 pp.
599 458 706 510 apud
722 458 865 497 Baron.
885 457 931 498 A.
955 461 1084 507 1169,
1115 460 1312 498 Othonem
1335 460 1500 511 Frising.
1519 460 1546 501 l.
1568 463 1596 502 2
1621 461 1672 499 de

204 514 311 552 Gest.
325 514 486 553 Freder.
510 528 542 553 c.
558 517 613 558 29
633 521 672 553 et
692 514 942 554 Guntherum
958 515 985 552 l.
1004 516 1029 557 5
1048 516 1192 568 Ligur.,
1228 517 1334 569 apud
1355 530 1453 567 quos
1471 517 1672 556 Robertus

209 571 452 610 Cavillensis
472 585 602 609 comes
618 570 765 610 dicitur
776 602 788 622 ,
817 585 1023 623 perperam
1048 574 1212 624 opinor,
1243 587 1317 625 pro
1337 575 1672 612 Bassavillensis.

204 641 332 680 neque
360 628 530 680 felicius,
560 628 602 666 ni
624 628 760 678 fallor,
791 628 1015 667 Chronicon
1033 630 1071 666 S.
1090 630 1379 668 Bartholomaei
1396 631 1444 669 de
1462 631 1674 683 Carpineto

204 683 254 722 de
289 686 516 723 Tattavilla
543 698 757 736 cognomen
784 684 819 722 ei
845 685 1013 724 indidit:
1044 686 1115 723 etsi
1140 686 1180 724 in
1211 687 1452 725 Normannia
1479 688 1676 726 exstiterit

203 741 366 780 illustris
387 742 531 780 familia
552 741 672 779 hacce
691 742 972 794 appellatione:
1001 741 1070 780 hic
1090 750 1228 780 autem
1258 743 1475 795 (Rogerius
1491 746 1586 794 rex)
1616 759 1675 782 re-

203 799 330 850 liquit
354 798 435 836 sibi
453 812 719 836 successorem
751 801 796 836 in
824 813 994 851 regnum
1008 799 1155 851 fllium
1174 814 1297 837 suum
1322 803 1478 838 nomine
1502 802 1675 840 Guillel.

205 869 340 905 mum,
371 854 576 893 mandans
603 857 639 893 ei
673 863 721 894 ut
751 856 973 894 Robertum
1006 854 1055 893 de
1097 857 1330 894 Tattavilla
1347 858 1495 908 filium
1524 859 1676 896 sororis

203 926 304 950 suae
324 913 489 962 faceret
523 914 704 951 comitem
729 913 932 951 Loritelli.
989 913 1158 951 familiae
1186 927 1283 952 vero
1316 914 1606 952 Bassavillensis
1632 915 1676 952 in

201 969 446 1007 Normannia
465 969 644 1007 meminit
665 968 884 1009 ordericus
901 969 1039 1009 Vitalis
1053 970 1081 1007 1.
1103 973 1128 1011 3
1150 984 1188 1022 p.
1205 970 1302 1013 479.
1361 976 1404 1008 at
1433 971 1497 1009 cui
1526 971 1567 1008 in
1600 970 1677 1008 hac

203 1025 394 1078 dignitate
411 1026 643 1065 successerit
659 1025 878 1076 Robertus,
906 1040 989 1064 non
1006 1026 1178 1065 tradunt
1197 1027 1418 1078 scriptores.
1475 1041 1568 1065 nam
1586 1033 1677 1066 ante

202 1082 316 1121 illum
344 1083 577 1122 comitatum
605 1083 780 1121 Loritelli
809 1084 1017 1135 possedere
1049 1096 1232 1135 proceres
1265 1083 1511 1133 Normanni,
1550 1084 1619 1135 qui
1653 1097 1676 1121 a

203 1139 404 1178 Gausredo
426 1140 682 1191 Capitanatae
701 1140 864 1190 comite,
894 1140 1103 1178 Guiscardi
1125 1141 1273 1190 fratre,
1310 1153 1431 1191 genus
1453 1140 1674 1179 ducebant:

201 1208 341 1247 nempe
357 1196 556 1235 Robertus
575 1196 593 1235 Ι
615 1197 806 1235 Gausredi
826 1197 952 1247 filius,
980 1197 1182 1236 Robertus
1199 1197 1232 1235 11
1258 1197 1424 1235 Roberti
1443 1197 1458 1235 l
1477 1197 1602 1247 filius,
1630 1203 1671 1236 et
1693 1199 1723 1234 P
1747 1198 1816 1235 455

202 1253 434 1291 Guillelmus
463 1253 631 1292 Roberti
650 1254 684 1292 11
710 1253 827 1293 filius.
886 1254 1090 1292 Guillelmi
1111 1254 1322 1292 meminere
1345 1254 1496 1304 aliquot
1514 1254 1673 1292 tabulae

200 1309 248 1348 A.
268 1312 375 1352 1137
407 1310 550 1360 quibus
576 1310 689 1349 varia
719 1310 824 1349 dona
846 1311 1014 1349 contulit
1035 1311 1203 1349 ecclesiis
1223 1311 1458 1362 Scyllacensi
1480 1317 1520 1350 et
1538 1312 1672 1350 Teati-

199 1379 295 1415 nae,
322 1366 363 1404 in
394 1366 536 1416 quibus
562 1367 758 1404 Loretelli
776 1370 960 1405 comitem
981 1370 1172 1406 comitum
1196 1380 1279 1406 sese
1300 1367 1502 1417 inscribit,
1530 1369 1671 1407 memi-

202 1424 340 1473 nitque
369 1423 533 1462 Roberti
560 1423 736 1475 parentis
768 1431 807 1462 et
826 1424 993 1463 Roberti
1013 1425 1077 1462 avi
1095 1426 1167 1466 sui.
1224 1424 1318 1464 vide
1339 1425 1446 1463 Petr.
1466 1424 1573 1463 Diae.
1594 1425 1620 1463 l.
1642 1425 1670 1467 4

202 1479 297 1519 Chr.
317 1479 443 1518 Casin.
463 1493 495 1520 c.
514 1478 570 1523 48
593 1484 694 1529 117;
723 1481 922 1519 Guillelmi
947 1481 1067 1532 igitur
1095 1481 1218 1531 bona,
1258 1481 1433 1520 fortassis
1464 1481 1515 1519 ob
1539 1481 1672 1520 rebel-

198 1536 345 1575 lionem
374 1542 444 1574 aut
477 1537 567 1575 iure
600 1536 758 1586 caduci,
806 1538 974 1589 Rogerio
1002 1538 1085 1589 regi
1110 1551 1281 1587 cessere,
1334 1544 1453 1588 atque
1492 1538 1673 1590 inprimis

197 1593 469 1631 Loretellensis
512 1593 740 1642 comitatus,
781 1607 898 1645 quem
936 1594 1115 1641 Roberto
1151 1594 1200 1632 de
1225 1594 1438 1633 Bassavilla
1468 1607 1519 1632 ex
1548 1595 1675 1646 patris

198 1655 408 1703 praecepto
439 1650 671 1688 Guillelmus
694 1650 710 1688 1
743 1651 895 1689 Siciliae
921 1664 995 1690 rex
1022 1651 1235 1690 concessit:
1265 1663 1315 1689 ex
1346 1664 1426 1702 quo
1452 1651 1519 1689 ille
1546 1651 1611 1689 dei
1638 1659 1676 1689 et

200 1709 316 1759 regia
342 1708 485 1759 gratia
506 1707 749 1758 palatinum
781 1710 962 1746 comitem
982 1709 1177 1746 Loretelli
1203 1715 1240 1745 et
1263 1708 1509 1759 cupersani,
1528 1709 1675 1760 filium

201 1770 239 1800 et
258 1762 467 1801 haeredem
484 1763 641 1802 domini
664 1764 833 1802 Roberti
863 1765 1177 1816 cupersanensis
1197 1767 1381 1814 comitis,
1411 1772 1448 1802 et
1466 1763 1675 1803 dominum

202 1821 387 1857 civitatis
401 1821 549 1858 Bivini
567 1832 648 1858 sese
665 1820 878 1872 inscripsit,
907 1827 956 1860 ut
976 1822 1174 1872 colligitur
1188 1834 1239 1860 ex
1256 1822 1470 1872 diplomate
1489 1821 1536 1860 A.
1553 1825 1675 1871 1179,

201 1876 311 1927 quod
334 1876 536 1927 descripsit
553 1876 738 1928 Ughellus
757 1883 853 1916 tom.
865 1880 891 1919 8
908 1878 1044 1916 Italiae
1062 1880 1204 1916 Sacrae
1222 1892 1260 1930 p.
1275 1878 1369 1919 359.
1410 1890 1532 1929 genus
1551 1891 1673 1930 porro

202 1933 374 1971 ducebat
390 1933 590 1971 Robertus
609 1933 659 1971 de
678 1933 891 1973 Bassavilla
913 1948 934 1972 a
953 1935 1164 1973 comitibus
1186 1935 1446 1983 Conversani,
1476 1935 1675 1974 Norman-

201 1989 313 2027 nicae
338 1989 483 2040 gentis,
511 1989 758 2041 proindeque
785 2004 807 2028 a
830 1991 1033 2029 Gaufredo
1055 1991 1198 2029 comite
1221 1991 1480 2041 Conversani,
1508 1991 1675 2029 Roberti

202 2045 412 2084 Guiscardi
435 2058 486 2083 ex
510 2056 647 2084 sorore
675 2052 844 2098 nepote,
874 2047 923 2085 de
951 2061 1030 2097 quo
1054 2047 1268 2085 Malaterra
1290 2047 1319 2085 1.
1341 2052 1360 2088 1
1385 2061 1420 2086 e.
1442 2052 1494 2091 10
1515 2051 1571 2091 39
1599 2048 1626 2086 l.
1646 2051 1673 2088 2

202 2116 235 2141 c.
263 2105 316 2144 39
350 2102 405 2144 40
434 2102 461 2144 l.
484 2100 510 2142 4
541 2116 573 2140 c.
594 2100 642 2151 4,
672 2102 887 2141 ordericus
910 2103 1027 2144 Vital.
1050 2104 1075 2142 l.
1097 2106 1125 2145 7
1152 2118 1190 2156 p.
1213 2104 1295 2147 645
1324 2103 1351 2142 l.
1373 2107 1425 2146 10
1457 2117 1497 2154 p.
1516 2106 1599 2145 780
1633 2110 1673 2143 et

202 2159 310 2201 Will.
332 2158 519 2197 Gemetic.
539 2158 564 2196 1.
581 2161 607 2200 8
629 2172 664 2198 e.
689 2158 756 2202 14.
812 2160 882 2198 sed
910 2160 959 2198 de
987 2161 1196 2199 comitibus
1217 2159 1459 2197 Conversani
1477 2160 1671 2210 quaedam

201 2215 401 2267 attigimus
418 2216 459 2253 in
479 2215 582 2253 notis
600 2215 653 2253 ad
670 2215 869 2255 Alexiadis
876 2230 915 2268 p.
925 2220 1020 2267 388,
1037 2228 1270 2268 agemusque
1288 2215 1469 2267 pluribus
1485 2217 1526 2254 in
1538 2218 1673 2255 Fami-

200 2272 262 2310 liis
290 2272 578 2310 Normannicis.
636 2279 812 2310 ceterum
834 2273 878 2311 id
907 2274 1180 2311 observatione
1206 2271 1368 2323 dignum
1385 2273 1569 2324 videtur,
1601 2287 1671 2313 co-

200 2329 316 2367 mites
346 2328 553 2378 Loretelli,
582 2342 664 2366 non
686 2329 806 2367 modo
830 2330 993 2365 comites
1004 2329 1237 2380 palatinos,
1267 2329 1336 2366 sed
1360 2334 1400 2367 et
1422 2332 1585 2368 comites
1603 2345 1673 2368 co-

201 2387 348 2423 mitum
367 2398 449 2423 sese
465 2385 721 2435 inscripsisse:
752 2396 802 2421 ex
828 2384 969 2434 quibus
991 2385 1200 2423 conficitur
1220 2385 1369 2423 illustri
1386 2385 1461 2424 hac
1480 2387 1672 2437 dignitate

203 2441 372 2480 donatos
388 2442 508 2479 fuisse
528 2454 550 2477 a
565 2440 809 2492 principibus
824 2441 1116 2490 Normannicis,
1145 2447 1194 2479 ut
1205 2448 1333 2480 essent
1353 2442 1420 2492 qui
1438 2444 1478 2480 in
1496 2442 1556 2480 his
1572 2457 1671 2495 pro-

202 2497 344 2536 vinciis
372 2503 412 2535 et
437 2497 673 2545 ditionibus,
704 2510 801 2547 quas
832 2497 934 2536 bello
966 2498 1249 2549 acquisierant,
1277 2500 1339 2536 uti
1360 2499 1403 2536 in
1425 2499 1673 2539 Francorum

202 2566 322 2605 regno
344 2560 384 2592 et
401 2553 653 2592 Alemannico
674 2553 840 2604 imperio
859 2568 902 2592 ea
924 2560 1156 2606 tempestate
1184 2555 1435 2593 observatum
1458 2558 1672 2596 annotavi-

204 2623 291 2648 mus
308 2611 351 2648 in
372 2610 526 2650 dissert.
549 2610 602 2652 14
622 2610 674 2647 ad
691 2610 931 2659 Ioinvillam,
963 2625 1051 2649 cum
1080 2624 1260 2663 suprema
1285 2612 1521 2651 auctoritate
1540 2614 1583 2652 in
1604 2627 1674 2652 eo-

204 2679 295 2704 rum
312 2667 464 2717 palatiis
477 2667 539 2705 ius
560 2667 747 2705 dicerent.
777 2667 1021 2718 proindeque
1042 2682 1131 2706 cum
1152 2673 1301 2706 ceteros
1319 2670 1480 2708 comites
1496 2683 1546 2708 ex
1562 2671 1674 2709 istius

206 2721 403 2772 dignitatis
420 2724 693 2775 praerogativa
711 2725 1001 2775 praecellerent,
1028 2731 1189 2762 comites
1209 2728 1402 2763 comitum
1420 2728 1673 2779 appellaban-

206 2784 297 2826 tur,
325 2784 374 2816 ut
393 2780 499 2830 apud
522 2781 653 2819 Gallos
674 2786 830 2820 nostros
851 2782 1008 2820 comites
1029 2782 1283 2833 Campaniae,
1315 2795 1397 2820 sese
1419 2785 1672 2822 Francorum

207 2835 370 2877 comites
399 2835 677 2876 inscribebant.
732 2837 809 2877 hac
834 2851 931 2877 vero
959 2839 1149 2889 dignitate
1174 2839 1399 2891 gaudebant
1416 2841 1531 2892 primi
1548 2841 1671 2878 Lore-

206 2891 290 2930 telli
316 2891 494 2932 comites.
549 2908 641 2933 nam
669 2895 902 2936 Robertusl
922 2896 963 2935 in
987 2896 1124 2936 charta
1141 2895 1189 2935 A.
1210 2898 1318 2940 1095
1341 2897 1448 2948 apud
1465 2896 1670 2947 Ughellum
