1878 3262
250 230 346 277 192
689 264 692 268 ,
727 222 955 268 IOANNIS
990 221 1219 267 CINNAMI

250 343 371 387 αὐτὸν
397 338 609 382 ἅνατείνειν
634 337 708 389 τὰς
730 337 960 392 βασιλείους
983 334 1159 378 ἐκέλευσε
1186 332 1430 394 φόρμιγγας,
1457 334 1546 385 δέος
1562 336 1700 380 ’ἐντεῦ-

249 417 323 454 θεν
361 410 535 462 ἐμποιεῖν
573 414 656 458 τοῖς
693 408 895 461 πολεμίοις
930 402 1215 460 μηχανώμενος
1238 405 1408 458 βασιλέα
1429 409 1503 447 τοῦ
1527 407 1700 458 πολέμου

249 479 365 520 τοῦδε
393 482 625 533 στρατηγεῖν
651 477 837 531 οἰηθεῖσι.
879 474 1011 516 πολλὰ
1034 472 1111 530 γὰρ
1137 470 1329 523 πολλάκις
1353 472 1578 532 αὐτοχειρίᾳ
1599 473 1701 516 κατὰ

249 551 330 589 τῶν
354 543 576 601 βαρβάρων
600 543 752 587 τούτων
771 541 1039 601 χρησάμενος,
1067 542 1216 584 εἴποτε
1241 540 1379 583 λοιπὸν
1405 540 1704 599 ἀπροσδόκητος

200 623 230 657 Β
254 616 389 664 αὐτοῖς
427 611 597 669 ἐξεφάνη
607 645 620 664 ,
659 613 833 668 σκηπτὸς
857 610 980 666 μόνον
1006 611 1052 652 οὗ
1078 609 1235 660 τούτοις
1259 608 1408 661 ἐδόκει,
1448 611 1515 652 καὶ
1547 608 1735 665 &nexui-5

252 700 348 741 ρουν
374 683 499 737 μηδὲν
524 683 794 733 αἰδεσθέντες,
816 678 1021 735 χιλιάδες,
1049 681 1194 737 φασίν,
1222 677 1270 721 ἂν
1284 677 1388 720 οὕτω
1400 676 1521 734 τύχῃ,
1547 681 1615 721 καὶ
1626 696 1706 733 μυ-

254 750 412 809 ριάδες,
452 749 768 807 ὁπλοφοροῦντες
806 749 948 806 ἄνδρες
973 750 1039 790 καὶ
1066 746 1395 805 σιδηρόφρακτοι.
1462 750 1591 789 ταῦτα
1619 747 1711 800 ἐμοί

254 838 297 877 γε
325 823 380 871 εἷς
409 819 532 874 ἀκοὴν
557 821 750 861 πίπτοντα
775 813 894 874 ἧττον
921 818 1057 872 ἀληθῆ
1083 815 1232 869 ἐδόκει,
1260 815 1392 873 ὥσπερ
1410 815 1502 858 οὐδὲ
1515 816 1566 857 τὰ
1582 818 1710 858 Φωκᾶ

255 891 322 932 καὶ
351 890 549 942 Τζιμισκῆ
575 888 670 944 ἔργα
696 892 775 930 τῶν
802 887 847 929 οὗ
874 888 964 928 λίαν
992 887 1170 942 ἀρχαίων
1203 883 1355 928 τούτων
1389 883 1709 942 αὐτοκρατόρων,

253 957 282 1012 ἢ
321 957 363 999 εἴ
391 974 493 1006 τινες
533 956 647 998 ἄλλοι
678 957 776 1012 παρ’
808 954 954 1004 αὐτοὺς
979 955 1041 996 ἐπ’
1072 955 1235 1013 ἀνδρεία
1261 952 1388 1007 ὄνομα
1414 953 1544 1008 ἔσχον.
1611 952 1765 996 εἷναι10

253 1026 331 1082 γὰρ
358 1026 460 1081 πέρα
486 1027 673 1076 πίστεως,
703 1024 849 1081 ἀνδρὸς
874 1022 961 1073 ἑνὸς
987 1022 1084 1073 ὅλας
1107 1021 1310 1078 ἡττῆσθαι
1331 1021 1521 1077 χιλιάδας
1546 1024 1613 1064 καὶ
1639 1019 1710 1064 δό-

254 1111 348 1151 ρατι
375 1091 430 1135 ἑνὶ
455 1097 745 1149 μυριοπληθεῖς
770 1094 1110 1148 καταγωνίζεσθαι
1136 1092 1370 1142 πανοπλίας.
1440 1090 1536 1134 ὅθεν
1576 1092 1610 1133 εἲ
1645 1090 1716 1133 καί

254 1180 349 1204 ποτε
388 1169 476 1211 ταῖς
511 1163 729 1215 βασιλείοις
766 1160 1035 1217 ἐπιχωριάζιον
1073 1161 1215 1211 αὐλαῖς
1239 1160 1291 1203 τὰ
1315 1161 1457 1214 τηλίκα
1482 1164 1562 1202 τῶν
1587 1158 1714 1216 ἔργων

254 1229 577 1282 ἇποθειαζόντιον
605 1229 758 1285 ἀκήκοα
782 1235 840 1287 τῷ
863 1234 1041 1284 βασιλεῖ,
1083 1232 1255 1285 ἲλιγγιῶν
1293 1233 1365 1271 τοῦ
1391 1226 1586 1283 συλλόγου
1613 1228 1713 1270 ἄπε-

136 1309 170 1344 V
192 1310 236 1345 88
259 1299 410 1354 πήδιον.
481 1298 598 1356 φύσει
635 1299 712 1356 γὰρ
752 1299 853 1355 πρὸς
890 1299 1098 1340 κολακείαν
1136 1297 1300 1348 ἄξεστον
1337 1296 1540 1354 ἓμπέφυκέ
1569 1313 1640 1350 μοι
1664 1295 1710 1338 τὸ
1725 1303 1768 1340 15

206 1377 237 1412 C
261 1363 387 1424 ἦθος,
428 1370 494 1409 καὶ
535 1368 606 1409 οὐκ
647 1367 695 1409 ἂν
733 1368 825 1410 οὐδὲ
860 1366 969 1425 ῥῆμα
996 1366 1164 1424 σμικρὸν
1189 1365 1290 1408 ἑκών
1316 1366 1414 1407 ἴέναι
1437 1365 1630 1422 προείμην
1655 1362 1717 1407 ὅτι

255 1437 313 1492 μὴ
341 1437 414 1479 σὺν
442 1436 615 1495 ἀληθείᾳ
640 1438 707 1478 καὶ
733 1434 903 1491 στόματι
930 1436 1142 1493 ἐλευθέρῳ.
1209 1435 1262 1477 τὰ
1298 1435 1342 1476 δὲ
1374 1438 1542 1476 τοιαῦτα
1567 1439 1650 1483 τοῖς
1675 1434 1716 1475 ἓν

255 1513 344 1555 ταῖς
371 1506 516 1561 ἀρχαῖς
541 1505 601 1546 ἀεὶ
627 1505 728 1562 πρὸς
753 1510 826 1547 τοῦ
852 1504 978 1558 δόμου
1005 1507 1072 1546 καὶ
1097 1511 1181 1554 τοῖς
1205 1504 1246 1546 ἐν
1268 1503 1394 1546 τέλεσι
1407 1519 1715 1559 καταχαρακτη-

257 1575 441 1630 ρίζεσθαι
467 1573 578 1622 εἷ’ων,
618 1574 692 1622 ἕως
718 1575 774 1623 εἷς
798 1572 895 1628 ὄψιν
919 1568 1028 1627 ἦλθέ
1049 1589 1119 1626 μοι
1145 1572 1196 1614 τὰ
1220 1575 1295 1614 τοῦ
1319 1569 1553 1627 πράγματος
1577 1571 1619 1612 ἒν
1642 1569 1718 1624 μὲ-

257 1657 345 1690 σοις
370 1641 436 1682 καὶ
463 1640 573 1696 αὐτῷ
598 1642 799 1693 πολεμίοις
825 1639 929 1682 οὕτω
954 1640 1075 1695 τυχὸν
1099 1641 1410 1697 περιειλημμένῳ
1431 1639 1507 1681 κάκ
1528 1642 1602 1681 τοῦ
1623 1644 1771 1693 ogs-20

258 1710 330 1752 δὸν
368 1707 511 1766 ὁρῶντι
549 1708 617 1750 τὸν
656 1707 935 1766 αὐτοκράτορα
969 1714 1111 1751 τοῦτον
1143 1707 1341 1766 φάλαγξιν
1367 1706 1479 1757 ὅλαις
1504 1707 1719 1749 ἀντικαθι-

258 1776 456 1832 στάμενον
493 1779 728 1834 Περσικαῖς.
797 1777 902 1820 ἀλλὰ
939 1781 1068 1820 ταῦτα
1105 1778 1179 1832 μὲν
1216 1777 1321 1819 κατὰ
1346 1774 1535 1833 καιρὸνῆ
1562 1775 1718 1833 ἱστορία

348 1918 383 1956 3.
406 1917 539 1964 τοῦδε]
564 1917 648 1954 Cod.
673 1918 794 1961 τοῦγε.
929 1919 984 1953 16.
1008 1912 1101 1950 ἑκών
1125 1916 1241 1961 ἰέναι]
1265 1916 1363 1952 Fort.
1386 1913 1481 1952 ἑκὼν
1504 1912 1610 1953 εἶναι.

260 2041 493 2088 imperatorias
519 2040 629 2083 iubet,
659 2042 697 2076 ut
720 2039 784 2074 hac
804 2039 935 2075 ratione
957 2042 1166 2088 perterreret
1190 2041 1325 2086 hostes,
1356 2041 1434 2077 dum
1449 2041 1629 2088 principem
1643 2038 1718 2075 istis

261 2100 418 2133 praeesse
442 2087 546 2132 copiis
570 2097 766 2131 persuasum
790 2087 964 2121 haberent.
1009 2087 1115 2121 multa
1138 2086 1224 2120 enim
1247 2088 1281 2121 in
1307 2088 1470 2122 barbaros
1489 2088 1573 2119 istos
1596 2089 1718 2130 suapte

263 2145 361 2168 manu
385 2133 649 2178 exsequebatur,
681 2137 717 2166 et
740 2132 768 2166 si
792 2133 923 2178 quando
938 2133 978 2167 iis
994 2144 1036 2167 ex
1055 2132 1237 2178 improviso
1254 2136 1454 2177 appareret,
1483 2130 1579 2176 quasi
1590 2130 1718 2165 fulmen

262 2179 428 2224 quoddam
451 2179 493 2212 iis
514 2178 711 2220 videbatur,
742 2179 787 2212 ita
812 2183 849 2212 ut
871 2179 960 2213 nullo
977 2179 1107 2223 pudore
1121 2180 1234 2222 sugam
1249 2181 1462 2223 capesserent
1474 2175 1598 2210 milleni
1612 2175 1719 2210 inter-

263 2225 340 2258 dum
350 2251 360 2267 ,
392 2229 427 2258 et
442 2224 468 2257 si
484 2224 531 2256 ita
547 2234 620 2256 sors
634 2223 750 2265 daret,
780 2224 892 2258 decies
915 2224 1037 2258 milleni
1056 2224 1156 2259 armis
1173 2224 1318 2268 undique
1334 2227 1368 2256 et
1382 2223 1473 2256 ferro
1488 2221 1642 2255 instructi
1656 2222 1720 2256 mi·-

262 2271 351 2304 lites.
396 2270 480 2303 haec
505 2280 585 2302 sane
611 2279 685 2301 cum
707 2269 785 2302 mibi
807 2271 1050 2312 narrabantur,
1079 2270 1187 2304 minus
1214 2280 1295 2303 vera
1319 2279 1392 2302 esse
1408 2267 1484 2301 visa
1499 2271 1596 2309 sunt,
1629 2267 1719 2302 haud

264 2325 363 2350 secus
380 2327 421 2349 ac
436 2314 612 2360 praeclara
625 2313 683 2348 illa
699 2314 832 2348 Phocae
848 2320 883 2349 et
898 2316 1089 2350 Tzimiscae
1102 2341 1113 2360 ,
1145 2315 1201 2360 qui
1216 2326 1282 2349 non
1297 2313 1344 2348 ita
1357 2313 1485 2358 pridem
1498 2312 1720 2358 imperarunt,

263 2361 433 2403 facinora3
464 2363 522 2394 aut
547 2359 576 2393 si
604 2359 660 2403 qui
684 2364 862 2403 praeterea
885 2361 941 2394 alii
969 2367 1107 2406 propter
1122 2361 1274 2395 eximiam
1288 2358 1516 2394 fortitudinem
1530 2370 1650 2393 nomen
1667 2360 1720 2393 fa-

263 2419 416 2452 mamque
434 2406 497 2440 sibi
520 2408 766 2449 compararunt.
812 2406 938 2451 quippe
952 2418 1053 2452 supra
1068 2407 1170 2440 fidem
1185 2417 1259 2440 esse
1273 2405 1450 2439 credebam
1465 2404 1596 2438 unicum
1611 2405 1720 2438 homi-

265 2465 340 2487 nem
355 2453 504 2487 millenos
528 2455 620 2485 totos
645 2461 840 2495 superasse,
872 2463 1004 2496 unaque
1022 2452 1218 2497 profligasse
1231 2452 1328 2485 hasta
1341 2450 1503 2483 infinitam
1518 2454 1719 2484 armatorum

264 2499 517 2532 multitudinem.
564 2502 772 2542 quapropter
796 2508 870 2530 cum
893 2497 927 2530 in
951 2498 1025 2531 aula
1051 2497 1209 2542 principis
1230 2496 1394 2530 interdum
1414 2506 1572 2530 versarer
1591 2500 1628 2530 et
1649 2500 1718 2530 tam

267 2545 404 2588 egregia
427 2545 518 2577 facta
545 2554 566 2576 a
592 2542 757 2576 nonnullis
778 2541 974 2587 imperatori
997 2542 1284 2576 adblandientibus
1307 2541 1456 2575 audirem
1470 2542 1504 2575 in
1522 2541 1651 2576 coelum
1665 2542 1720 2576 ef·-

265 2590 366 2631 ferri,
392 2589 498 2623 animo
513 2588 631 2622 dubius
647 2599 668 2622 a
684 2587 847 2632 colloquio
863 2588 977 2622 statim
992 2589 1202 2622 recedebam.
1249 2587 1335 2621 adeo
1350 2586 1436 2621 enim
1451 2588 1568 2632 procul
1582 2587 1660 2622 mihi
1674 2587 1718 2621 ab

266 2635 457 2668 adulatione
474 2635 548 2679 ipso
564 2638 702 2667 naturae
718 2634 821 2667 ductu
836 2633 935 2668 insita
949 2638 1000 2667 est
1015 2634 1113 2668 animi
1126 2633 1252 2667 indoles
1265 2659 1275 2673 ,
1304 2636 1341 2666 ut
1363 2643 1405 2666 ne
1427 2634 1567 2667 verbum
1583 2632 1717 2678 quidem

267 2679 370 2714 ullum
400 2680 487 2713 ultro
519 2683 577 2712 aut
606 2679 715 2713 sciens
729 2706 739 2722 ,
770 2679 832 2712 nisi
854 2691 937 2714 vere
959 2680 1099 2725 perinde
1122 2691 1164 2713 ac
1186 2678 1291 2712 libere
1312 2679 1465 2723 proferre
1479 2679 1567 2713 haud
1581 2677 1718 2723 possim.

268 2735 326 2760 eos
342 2736 424 2758 vero
440 2725 496 2769 qui
510 2725 543 2757 in
560 2724 685 2769 palatio
703 2724 817 2758 officia
831 2736 963 2770 semper
986 2726 1113 2759 obeunt
1127 2728 1186 2757 aut
1200 2723 1415 2767 dignitatibus
1439 2723 1609 2769 conspicui
1626 2726 1718 2765 sunt,

266 2771 352 2806 talia
366 2770 547 2815 depingere
562 2774 597 2802 et
612 2781 777 2804 exornare
791 2771 958 2811 sinebam,
986 2771 1095 2804 donec
1120 2769 1290 2813 res'ipsas
1312 2780 1475 2815 usurpare
1489 2769 1594 2803 oculis
1608 2767 1718 2803 conti-

270 2817 341 2861 git,
374 2827 448 2850 cum
472 2826 534 2859 ego
558 2814 673 2848 mediis
694 2816 786 2848 forte
807 2815 958 2849 hostibus
982 2814 1160 2860 implicitus
1182 2814 1416 2859 imperatorem
1439 2815 1527 2848 hunc
1549 2813 1620 2849 vidi
1634 2813 1717 2848 tofis

263 2863 445 2898 Persarum
470 2859 690 2907 phalangibus
715 2861 941 2896 obsistentem,
985 2861 1048 2895 sed
1069 2861 1154 2896 haec
1175 2870 1236 2895 suo
1252 2865 1403 2909 tempore
1417 2860 1557 2896 historia
1571 2869 1719 2895 comme-
