1878 3262
229 192 331 238 280
702 187 936 233 ..IOANNIS
970 188 1200 238 CINNAm
1244 226 1248 229 .

231 322 315 361 γον.
376 301 566 356 Ῥωμαῖοι
595 298 729 344 τοίνυν
757 297 967 358 ἐπειδήπερ
1000 300 1073 343 οὒκ
1099 300 1328 359 ἀξιοχρέους
1345 301 1512 354 ἑαυτοὺς
1528 307 1586 361 τῷ
1603 306 1679 346 πο-

232 373 339 428 λέμῳ
360 371 460 427 τῷδε
479 369 655 426 ἔγνωσαν
676 367 772 413 εἶναι
781 401 796 422 ,
829 367 1015 426 πρύμναν
1033 368 1294 427 κρουσάμενοι
1310 371 1375 413 ἐπὶ
1395 372 1441 414 τὸ
1461 371 1680 424 Βυζάντιον

233 438 446 493 ἀνήγοντο,
473 442 669 493 χειμῶνος
696 439 739 481 de*
769 435 1038 491 κατασχόντος
1057 439 1244 488 πλείστας
1258 443 1338 480 τῶν
1356 443 1454 481 νεῶν
1474 431 1679 482 ἀπολωλέ-

229 523 297 548 ναι
309 507 478 560 συνέβη.
544 504 571 561 ἦ
587 507 660 560 μὲν
681 506 731 561 δὴ
751 506 821 547 ἐπ’
844 504 1054 561 Αἰγύπτου
1067 503 1279 561 Ῥωμαίοις
1298 508 1528 563 ἐπιστρατεία
1545 512 1679 550 τοιοῦ-

230 591 300 617 τον
319 573 406 627 ἴσχε
427 575 551 624 τέλος.
618 575 851 630 Αἰγυπτίων
872 576 914 617 δὲ
935 572 955 616 ὃ
979 575 1107 628 δῆμος
1114 606 1127 626 ,
1163 572 1219 624 ὥς
1238 574 1295 629 μὴ
1317 576 1384 617 καὶ
1405 575 1567 631 δευτέρα
1577 574 1674 619 Ῥω·
1688 585 1712 620 5

172 649 206 685 D
230 643 362 697 μαίων
378 642 525 699 ἔφοδος
545 641 607 684 ἐπ’
629 642 775 692 αὐτοὺς
794 643 972 698 γένηται,
1007 643 1191 699 πρέσβεις
1210 643 1252 692 ἐς
1270 643 1440 696 βασιλέα
1459 644 1680 694 στείλαντες

229 708 375 753 τακτόν
392 728 430 753 τι
440 742 442 745 -
442 712 611 767 χρυσίον
629 710 706 753 ἀνὰ
725 715 805 752 πᾶν
821 712 973 752 ἐκεῖθεν
990 712 1230 764 κομίσεσθαι
1248 709 1335 761 ἔτος
1346 709 1557 765 Ῥωμαίοις
1568 709 1683 766 ὥρια-ἢ

229 777 386 834 λόγουν.
453 777 475 821 ὁ
504 779 547 820 δὲ
576 779 649 833 τὴν
678 780 892 836 πρεσβείαν
931 777 1242 833 ἀποσεισάμενος
1277 777 1505 834 ἀπράκτους
1533 779 1680 830 αὐτοὺς

229 846 519 902 ἀπεπέμψατο,
556 851 691 890 πᾶσαν
731 848 772 889 ἐν
805 851 863 906 νῷ
893 846 994 902 ἔχων
1021 849 1205 898 εἶσαῦθις
1229 849 1579 905 καταδραμεῖσθαι
1606 847 1679 902 τὴν

222 913 376 972 χώραν.
1688 924 1734 959 10

367 982 442 1028 10.
506 980 573 1024 Ἐν
610 980 737 1039 τούτῳ
764 983 807 1024 δὲ
831 983 899 1024 καὶ
925 979 945 1023 ὅ
970 983 1247 1038 Παλαιστίνης
1271 982 1346 1040 ῥὴξ
1369 982 1433 1024 ἐπὶ
1458 979 1679 1034 Βυζάντιον

226 1045 330 1106 ἦλθε
355 1050 445 1106 περὶ
469 1043 526 1091 ὧν
549 1049 683 1107 ἴχρηζε
707 1051 907 1104 βασιλέως
933 1049 1180 1105 δεησόμενος.
1246 1051 1378 1104 τυχών
1404 1051 1447 1093 δὲ
1473 1044 1528 1092 ὧν
1553 1051 1677 1092 ἐδεῖτο

228 1118 333 1161 ἄλλα
371 1135 412 1161 τε
451 1118 581 1159 πολλὰ
614 1120 680 1160 καὶ
717 1120 899 1161 δουλείαν
924 1120 987 1160 ἐπὶ
1012 1118 1167 1168 τούτοις
1189 1123 1353 1174 βασιλεῖ
1373 1117 1678 1173 διωμολόγηκεν.

225 1184 304 1228 ὕπὸ
343 1190 486 1227 τοῦτον
523 1186 591 1228 τὸν
626 1185 773 1242 χρόνον
811 1188 877 1228 καὶ
907 1187 1169 1237 Οὐεννέτους,
1203 1186 1290 1229 ὅσοι
1326 1186 1367 1229 ἔν
1400 1204 1440 1229 τε
1469 1188 1677 1243 Βυζαντίῳ

228 1256 294 1296 καὶ
319 1261 408 1304 ταῖς
433 1252 532 1295 ὅπου
555 1252 700 1308 δήποτε
716 1253 923 1308 Ῥωμαίων
945 1254 1116 1312 ᾤκηνται
1125 1253 1292 1311 χώραις,
1319 1256 1530 1309 δημοσίαις
1544 1263 1731 1311 (mov—'1⁵

227 1329 317 1378 ραῖς
361 1323 640 1378 παραπέμψας
685 1323 758 1372 τὰς
809 1323 949 1372 οὐσίας
989 1321 1268 1380 ἀναγράπτους
1306 1325 1361 1372 εἷς
1398 1323 1442 1365 τὸ
1484 1321 1677 1376 δημόσιον

85 1398 114 1433 Ρ
139 1399 204 1436 164
227 1389 466 1445 ἐποιήσατο,
503 1391 575 1432 ἀπ’
607 1393 735 1441 αἰτίας
772 1385 820 1445 ἧς
859 1390 980 1441 αὐτὸς
1013 1392 1115 1447 ἐρῶν
1148 1391 1328 1447 ἔρχομαι.
1402 1391 1624 1433 Οὗεννὲτων
1648 1388 1677 1444 ἦ

219 1457 338 1515 χώρα
376 1465 500 1501 κεῖται
538 1459 610 1512 μὲν
637 1461 676 1509 ἐς
701 1463 773 1501 τοῦ
794 1460 930 1501 Ἰονίου
957 1458 1105 1501 κόλπου
1131 1459 1183 1501 τὰ
1209 1459 1358 1512 ἔσχατα
1370 1490 1384 1510 ‚
1412 1457 1606 1515 θαλάσσῃ
1633 1459 1677 1501 δὲ

223 1527 476 1583 ἀμφίρρυτος
512 1521 614 1568 οὖσα
660 1526 822 1582 τέναγός
858 1544 895 1568 τι
934 1526 1202 1583 προβάλλεται
1240 1532 1312 1581 τῆς
1361 1527 1483 1580 ἀκτῆς
1517 1526 1676 1583 μακρὸν

222 1593 332 1636 ὅσον.
402 1593 502 1635 ἔνθα
540 1599 611 1649 τῆς
647 1593 799 1651 ἡμέρας
836 1592 860 1649 ἡ
895 1593 1091 1637 θάλασσα
1116 1593 1307 1645 πολλάκις
1331 1599 1556 1651 προσιοῦσα
1581 1603 1730 1638 και-20

222 1662 293 1718 ρὸν
330 1663 404 1715 μέν
441 1679 529 1704 τινα
566 1661 747 1716 πλώὶμον
785 1662 882 1704 αὐτὸ
921 1670 1115 1714 ποιεῖται,
1150 1663 1219 1704 τὸν
1252 1662 1441 1719 πορθμὸν
1481 1663 1521 1704 δ’
1552 1657 1675 1712 αὖθις

222 1729 455 1772 ἀναλύουσα
490 1729 707 1787 ἀπόρευτον
741 1729 970 1773 παντάπασι
995 1733 1116 1772 ναυσί
1137 1748 1178 1773 τε
1204 1732 1270 1772 καὶ
1297 1729 1530 1786 ἀνθρώποις
1553 1728 1675 1786 ἐργά-

222 1799 340 1850 ζεται.
408 1797 491 1840 ἔστι
518 1799 561 1840 δὲ
586 1799 630 1840 τὸ
658 1799 777 1848 ἔθνος
800 1799 893 1853 ἤθει
918 1799 990 1852 μὲν
1018 1797 1237 1855 διεφθορός
1249 1831 1263 1849 ,
1300 1797 1539 1853 βωμολόχον
1565 1799 1677 1854 εἴπερ

219 1883 257 1909 τι
296 1867 363 1908 καὶ
402 1864 689 1923 ἀνελεύθερον,
736 1866 803 1909 ἅτε
850 1869 916 1908 καὶ
964 1867 1246 1924 ἀπειροκαλίας
1289 1866 1435 1919 μεστὸν
1472 1871 1671 1920 ναυτικῆς.

220 1928 330 1975 οὗτοι
349 1934 507 1991 Ἀλεξίῳ
534 1935 629 1976 ποτὲ
651 1939 816 1988 βασιλεῖ
830 1942 946 1991 χεῖρα
972 1934 1269 1992 παρασχόμενοι
1295 1933 1534 1989 σύμμαχον,
1567 1933 1667 1989 ὅπη·
1681 1941 1724 1977 25

309 2019 363 2053 23.
388 2016 620 2064 βωμολόχον]
644 2018 952 2054 Εοτῐ.»οᾶᾱοιιᾶαιῐι
974 2015 1026 2053 δ’.

219 2086 309 2120 mani
324 2096 397 2119 cum
412 2097 449 2120 se
463 2087 552 2120 bello
567 2086 623 2120 isti
638 2086 724 2120 haud
741 2097 841 2131 pares
857 2097 932 2120 esse
951 2086 1103 2121 viderent
1117 2089 1209 2120 retro
1225 2086 1426 2132 Byzantium
1451 2085 1669 2130 navigarunt:

219 2138 297 2165 orta
317 2142 400 2166 vero
426 2135 630 2175 tempestate
654 2132 815 2177 plurimae
834 2143 948 2166 eorum
963 2143 1068 2166 naves
1084 2132 1224 2177 periere.
1270 2132 1468 2166 huncfinem
1483 2132 1540 2165 illa
1554 2131 1671 2165 habuit

218 2176 252 2210 in
267 2178 457 2221 Aegyptum
473 2177 653 2221 expeditio.
699 2178 879 2223 Aegyptii,
910 2190 952 2211 ne
968 2179 1077 2212 altera
1094 2178 1250 2212 Romanis
1263 2178 1404 2223 irruptio
1419 2188 1548 2211 rursum
1563 2176 1596 2210 in
1609 2187 1670 2210 eos

219 2222 340 2264 fieret,
371 2221 476 2255 missis
505 2222 548 2255 ad
570 2222 805 2266 imperatorem
819 2223 941 2267 legatis
957 2229 1083 2257 certum
1097 2235 1134 2257 se
1152 2224 1327 2268 quotannis
1343 2223 1415 2257 auri
1433 2222 1560 2268 pondus
1575 2222 1669 2256 solu·-

217 2271 314 2301 turos
330 2267 420 2312 pacti
435 2271 525 2302 sunt.
570 2267 627 2300 ille
643 2279 725 2301 vero
741 2268 938 2312 legationem
954 2274 1170 2314 aspernatus,
1200 2271 1302 2303 rebus
1316 2269 1449 2303 infectis
1463 2268 1594 2301 domum
1609 2278 1669 2302 eos

217 2313 363 2347 remisit:
396 2324 470 2346 cum
483 2316 588 2347 totam
604 2313 688 2346 hanc
703 2314 824 2347 iterum
839 2314 1015 2348 devastare
1030 2315 1196 2358 regionem
1210 2315 1243 2348 in
1259 2314 1367 2348 animo
1383 2314 1531 2347 haberet.

312 2361 366 2392 10.
413 2358 507 2392 Inter
521 2358 606 2391 haec
620 2358 822 2402 Byzantium
837 2359 931 2393 venit
946 2360 1159 2394 Palaestinae
1173 2371 1232 2394 rex
1249 2371 1322 2393 cum
1336 2359 1485 2405 principe
1500 2359 1542 2392 de
1557 2369 1666 2403 nego-

218 2403 276 2437 tiis
290 2404 359 2437 suis
375 2407 530 2438 acturus:
553 2403 808 2449 impetratisque
821 2404 862 2438 iis
878 2416 964 2449 quae
979 2410 1192 2450 poposcerat,
1209 2410 1345 2450 praeter
1360 2405 1426 2439 alia
1440 2403 1544 2438 multa
1557 2403 1666 2449 impe-

217 2450 325 2486 ratori
338 2449 439 2483 fidem
454 2453 491 2483 et
505 2449 691 2483 clientelam
706 2451 880 2494 professus
897 2455 961 2484 est.
1007 2452 1070 2484 sub
1086 2451 1172 2484 idem
1192 2451 1288 2485 etiam
1303 2455 1434 2495 tempus
1454 2454 1489 2483 et
1504 2449 1666 2492 Venetos,

217 2498 385 2539 quotquot
400 2494 556 2539 Byzantii
580 2499 615 2528 et
635 2495 668 2528 in
687 2495 947 2539 quibuscumque
962 2496 1185 2529 Romanorum
1202 2495 1377 2541 provinciis
1393 2495 1609 2537 habitabant,
1629 2495 1664 2529 in

217 2539 369 2584 publicos
395 2551 548 2573 carceres
574 2540 734 2584 coniecit,
758 2541 957 2585 illorumque
979 2542 1069 2575 bona
1095 2542 1277 2586 publicavit
1298 2545 1334 2574 et
1348 2540 1431 2574 fisco
1447 2540 1574 2574 addixit
1585 2566 1594 2582 ,
1619 2541 1674 2585 ob,

218 2595 292 2618 eam
308 2595 405 2628 quam
421 2585 572 2618 dicturus
588 2597 659 2620 sum
677 2597 820 2620 causam.
865 2587 1070 2620 Venetorum
1085 2587 1179 2630 regio
1194 2587 1228 2620 in
1244 2586 1399 2620 extremis
1414 2586 1565 2630 partibus
1580 2586 1666 2621 Ionii

217 2629 309 2664 sinus
324 2630 390 2664 sita
405 2635 477 2664 est=
501 2630 585 2664 mari
610 2643 693 2665 vero
719 2631 913 2666 circumflua
938 2632 1067 2676 longius
1089 2644 1111 2666 a
1135 2633 1248 2666 littore
1263 2631 1403 2677 paludes
1420 2631 1607 2676 protendit,
1628 2631 1664 2666 in

217 2685 301 2719 quas
317 2686 408 2708 mare
422 2675 558 2719 saepius
576 2688 636 2720 per
655 2677 740 2710 diem
756 2677 918 2718 influens,
950 2683 1045 2711 certo
1062 2677 1202 2722 quodam
1216 2681 1369 2722 tempore
1384 2677 1590 2721 navigabiles
1606 2687 1664 2711 eas

216 2720 318 2755 fauit:
342 2726 380 2754 at
394 2731 466 2754 cum
481 2731 613 2755 rursum
628 2722 774 2765 recedit,
797 2723 986 2756 inaccessas
1009 2734 1147 2767 prorsus
1169 2722 1277 2756 reddit
1299 2721 1438 2756 navibus
1461 2723 1598 2767 perinde
1622 2733 1666 2756 ao

217 2764 409 2800 nominibus.
456 2770 508 2799 est
533 2771 644 2800 autem
669 2778 752 2810 gens
776 2767 843 2801 ista
866 2768 1012 2801 moribus
1035 2767 1243 2812 depravatis,
1279 2767 1379 2812 impia
1403 2773 1438 2801 et
1454 2768 1619 2811 sacrilega
1633 2767 1664 2802 si

219 2823 307 2857 quae
321 2811 389 2847 alia
404 2815 440 2846 et
452 2810 621 2847 illiberalis
630 2835 644 2857 ,
668 2817 787 2859 utpote
803 2812 942 2848 nauticis
956 2813 1089 2859 ineptiis
1102 2813 1213 2859 plena.
1260 2813 1296 2847 hi
1309 2824 1410 2859 quum
1424 2813 1543 2849 Alexio
1557 2813 1677 2860 impos.
