1878 3262
623 197 1016 242 HISTORIARUM
1047 198 1096 242 L.
1124 197 1223 242 VII.
1561 196 1661 244 297

205 316 303 364 ,νοῦς
318 307 506 369 γεγονώς,
541 310 675 367 ἐπειδὴ
695 313 822 368 μηδὲν
839 311 862 355 ὅ
881 330 918 356 τι
939 317 1020 356 τῶν
1043 310 1162 370 λόγου
1183 311 1304 364 ἀξίων
1323 307 1565 368 ἐπιτήδευμα
1583 311 1661 355 αὗ·-

207 385 267 439 τῷ
286 376 336 436 ἦν
344 413 358 433 ,
392 381 434 431 ἐς
450 379 672 433 Βυζάντιον
693 380 790 424 ἰόντι
811 381 925 438 ἔργον
944 382 1123 436 ἐπιμελὲς
1141 380 1305 438 ἐγεγόνει
1323 382 1477 439 φλέβας
1496 379 1662 439 ἀνθρώ-

208 466 296 492 πων
320 450 500 504 τέμνοντι
522 451 705 492 ἐντεῦθεν
735 448 866 507 ἑαυτῷ
892 449 939 492 τὸ
966 451 1035 504 ζῆν
1058 455 1366 507 περιποιεῖσθαι.
1435 450 1529 492 ἀλλ’
1561 450 1662 492 ἔοικε

206 523 289 560 τῶν
318 516 505 561 ἁπάντων
533 516 631 560 εἶναι
660 519 786 573 μηδὲν
811 517 834 560 ὃ
857 518 1082 573 βουλομένῃ
1103 523 1153 574 τῇ
1169 517 1269 575 τύχῃ
1292 517 1500 576 ὑπηρετεῖν
1517 517 1662 573 ἥκιστα

170 593 196 629 5
210 585 387 629 δύναιτο.
459 587 614 640 Θωμᾶς
637 587 715 644 γὰρ
743 587 871 628 καίτοι
903 587 944 636 ἐς
964 585 1185 639 τοῦσχατον
1203 589 1431 640 βαναυσίας
1449 586 1579 642 ἥκων,
1614 588 1657 629 ἔκ
1679 591 1711 627 C

205 653 350 697 τούτου
383 654 433 710 δὴ
461 660 535 697 τοῦ
561 656 714 709 τεχνιόυ
742 655 869 710 μέγας
890 655 932 696 ἓν
961 655 1180 708 βασιλείοις
1212 655 1319 711 εἴπερ
1351 673 1411 705 τις
1432 654 1662 711 ἀνθρώπων

205 723 379 778 ἐγένετο,
421 722 615 780 χρήματά
642 741 683 765 τε
710 722 865 779 μεγάλα
895 723 935 764 ἓν
961 727 1113 779 βραχεῖ
1136 724 1470 778 περιβεβλημένος
1500 722 1665 781 χρόνοις

205 794 309 834 τισὶν
327 790 495 848 ὕστερον
516 792 556 841 ἒς
574 794 854 846 Παλαιστίνην
872 791 942 841 ’ξὺν
961 791 1097 841 αὐτοῖς
1117 789 1246 832 ἀπιὼν
1266 790 1404 848 ᾤχετο.
1469 792 1527 847 μὴ
1557 792 1662 835 κατὰ

204 858 367 915 γνώμην
387 861 430 901 δὲ
445 860 555 918 αὐτῷ
572 864 652 902 τῶν
671 862 764 916 τῇδε
784 858 1085 913 ξυμπιπτόντων
1104 853 1228 909 αὖθις
1247 860 1308 900 ἐπὶ
1333 860 1505 913 βασιλέα
1524 878 1662 917 παρα-

151 929 375 983 1ογίνεται,
402 927 498 970 *ἵλεώ
527 946 568 970 τε
598 929 723 970 αὐτοῦ
751 927 977 982 τετυχηκώς
997 926 1167 977 δύσνους
1187 930 1370 978 εἰσαῦθις
1386 928 1583 982 ἠλέγχετο,
1619 929 1661 978 ἐς

202 996 276 1050 τὴν
294 997 336 1037 ἓν
358 997 540 1054 παλατίῳ
559 1014 601 1038 τε
620 996 804 1054 φρουρὰν
825 997 966 1050 ἀχθείς
977 1028 991 1047 ,
1025 995 1076 1051 ἣν
1093 996 1375 1053 Ἐλεφαντίνην
1401 995 1499 1046 ἔθος
1523 1000 1659 1038 καλεῖν

203 1064 334 1116 ἔστιν,
370 1065 550 1107 ἐνταῦθα
566 1064 635 1107 τὸν
654 1067 745 1119 βιόν
764 1063 1092 1122 ξυνεμετρήσατο.
1154 1064 1258 1106 ἀλλὰ
1286 1069 1416 1107 ταῦτα
1442 1066 1514 1118 μὲν
1541 1064 1661 1107 ὕστε-

202 1149 288 1189 ρον.
355 1130 445 1175 τότε
473 1134 518 1175 δὲ
547 1133 609 1174 ἐπὶ
636 1133 705 1175 τὸν
735 1132 930 1185 σουλτάν,
966 1132 1099 1190 ὥσπερ
1121 1133 1327 1188 ἐλέγομεν,
1365 1132 1660 1190 παραγεγονώς,

201 1201 285 1243 ἐπεὶ
311 1201 437 1256 μηδὲν
453 1195 509 1244 ὧν
527 1201 640 1245 ἕνεκα
657 1197 783 1257 ἦλθεν
803 1203 975 1252 ἐπιτελὲς
995 1203 1140 1251 ἐκεῖνος
1159 1209 1284 1244 ποιεῖν
1311 1201 1476 1256 ἤθελεν,
1525 1201 1659 1258 ἄπραψ

145 1273 191 1311 15
201 1286 296 1319 κτος
322 1270 363 1320 ἒς
388 1270 561 1323 βασιλέα
590 1274 838 1322 παλινοστεῖ,
873 1269 936 1312 ὅτε
966 1270 1016 1325 δὴ
1037 1274 1184 1327 μικροῦ
1201 1272 1268 1311 καὶ
1290 1270 1544 1313 ἀπεκτονέναι
1561 1274 1658 1313 τοῦὲ-

200 1354 271 1382 τον
290 1339 459 1392 ἐδέησαν
477 1339 638 1395 Πέρσαι
663 1339 709 1381 οἳ
722 1339 799 1380 ἀνὰ
819 1337 890 1393 τὴν
911 1337 1004 1381 ὁδὸν
1021 1336 1287 1396 ἐνεδρεύοντες
1302 1333 1420 1394 ἦσαν.
1673 1342 1709 1378 1)

339 1407 383 1450 3.
450 1407 652 1457 Βασιλεὺς
690 1408 734 1449 δὲ
770 1405 931 1464 ἡμερῶν
973 1406 1084 1449 οὕπω
1114 1406 1406 1464 τετταράκοντα
1440 1406 1514 1461 τὴν
1542 1404 1660 1449 πόλιν

201 1472 426 1531 ἀνεγείρας,
473 1475 608 1530 ἐπειδὴ
635 1473 793 1532 τάφρον
819 1493 862 1518 τε
890 1476 993 1532 αὐτῇ
1023 1474 1238 1533 περιήλασε
1268 1478 1335 1517 καὶ
1362 1474 1572 1529 Ῥωμαίων
1603 1473 1660 1526 ὥς

198 1544 410 1592 πλείστους
436 1543 617 1585 ἐνταῦθα
649 1543 820 1601 ᾠκίσατο
830 1575 844 1596 ,
881 1543 1065 1601 φρουρὰν
1094 1544 1338 1599 ἀποχρῶσαν
1368 1546 1461 1600 τῇδε
1491 1548 1660 1599 καταλι-

143 1610 286 1654 Ξῠπών
303 1611 430 1653 ὀπίσω
452 1610 590 1669 ἐχώρει
601 1643 615 1663 ,
659 1619 743 1662 τοῖς
763 1612 869 1669 ἀμφὶ
893 1616 952 1670 τῷ
966 1611 1172 1669 Ῥυνδακιῇ
1193 1611 1457 1666 αὐλισάμενος
1471 1614 1662 1667 χωρίοις·

199 1679 266 1720 ἐπ”
291 1679 423 1734 ὀλίγον
433 1696 482 1721 Ἴτε
507 1679 786 1731 διαναπαύσας
803 1680 849 1723 τὸ
869 1679 1100 1738 στράτευμα
1130 1681 1280 1723 ἐκεῖθεν
1302 1681 1444 1737 ἀπῆρε.
1463 1678 1466 1681 ’
1512 1683 1660 1738 κομιδῇ

201 1747 245 1789 δὲ
265 1746 422 1802 ὀλίγους
440 1748 552 1807 αὗτῷ
568 1749 858 1803 συνεπομένους
875 1747 981 1807 δρῶν
1013 1749 1085 1804 (τὰ
1103 1749 1180 1806 γὰρ
1202 1750 1322 1811 πλείω
1341 1754 1421 1791 τῶν
1440 1748 1657 1805 ταγμάτων

200 1812 381 1871 ἀπῄεσαν
403 1815 517 1868 οἴκοι,
542 1818 668 1872 μηδὲν
691 1819 746 1868 εἷς
761 1822 906 1872 γνῶσιν
926 1812 1023 1872 ἧκον
1045 1817 1169 1875 αὐτῷ,
1204 1819 1332 1860 καίτοι
1352 1816 1485 1873 ὥσπερ
1505 1818 1656 1872 ἐλέγετο

198 1883 332 1926 πολλὰ
357 1885 447 1942 περὶ
474 1889 547 1928 τοῦ
570 1886 725 1941 μηδένα
752 1886 850 1937 τέως
873 1890 947 1929 τοῦ
975 1886 1247 1943 στρατοπέδου
1266 1885 1488 1943 ἀποχωρεῖν
1506 1901 1658 1943 παρεγ-

198 2055 325 2092 familia
348 2067 485 2102 prorsus
511 2057 676 2092 obscura:
709 2068 848 2103 cumque
873 2058 963 2093 nullo
989 2057 1148 2093 laudabili
1173 2057 1267 2092 vitae
1291 2056 1447 2093 instituto
1470 2057 1657 2092 instructus

199 2107 310 2144 esset,
340 2103 536 2145 Byzantium
551 2105 724 2149 profectus
739 2104 905 2138 secandae
919 2116 1027 2139 venae
1042 2110 1149 2139 artem
1174 2104 1345 2146 exercuit,
1374 2107 1477 2148 atque
1501 2103 1579 2137 inde
1601 2104 1658 2137 fa·-

199 2160 280 2182 cere
303 2154 478 2193 quaestum
503 2149 625 2193 coepit.
671 2150 731 2183 sed
758 2150 838 2184 nibil
865 2155 918 2184 est
941 2150 976 2184 in
1002 2162 1113 2184 rerum
1136 2155 1276 2191 natura,
1304 2149 1392 2194 quod
1414 2149 1656 2183 obsecundanti

198 2195 360 2228 furtunae
384 2206 449 2228 non
476 2196 584 2239 possit
607 2195 782 2229 inservire.
829 2196 978 2229 Thomas
1001 2196 1087 2230 enim
1102 2195 1253 2240 quamvis
1269 2195 1313 2229 ad
1328 2194 1476 2229 ultimum
1494 2199 1531 2229 et
1545 2194 1656 2229 sordi-

199 2240 371 2274 dissimum
397 2240 570 2275 illiberalis
596 2241 731 2274 artificii
754 2252 860 2285 genus
889 2241 1138 2285 descendisset,
1170 2253 1212 2275 ex
1229 2252 1270 2275 ea
1283 2246 1397 2275 tamen
1411 2244 1486 2275 arte
1501 2251 1656 2285 magnus,

197 2286 230 2320 si
255 2286 330 2330 quis
355 2286 459 2328 alius,
488 2287 521 2320 iu
546 2286 670 2331 palatio
698 2286 779 2328 fuit,
809 2287 1066 2332 ingentibusque
1088 2286 1183 2321 brevi
1209 2287 1410 2332 comparatis
1425 2287 1576 2332 pecuniis
1591 2286 1657 2320 ali-2

199 2337 284 2376 quot
297 2336 375 2376 post
388 2332 481 2366 annis
496 2344 569 2366 cum
585 2332 624 2365 iis
639 2333 673 2366 in
688 2332 911 2366 Palaestinam
926 2344 964 2367 se
981 2332 1120 2378 recepit.
1136 2359 1141 2362 .
1166 2333 1226 2366 sed
1245 2344 1318 2366 cum
1334 2333 1414 2366 nibil
1431 2332 1498 2378 ipsi
1513 2344 1558 2366 ex
1573 2336 1654 2366 voto

198 2376 247 2410 ibi
262 2377 477 2420 succederet,
506 2378 626 2411 iterum
642 2378 684 2411 ad
699 2378 934 2422 imperatorem
950 2378 1072 2412 rediitz
1102 2378 1300 2422 veniamque
1315 2379 1421 2423 primo
1439 2382 1655 2422 consecutus,

197 2422 289 2456 iuius
311 2423 471 2458 offensam
493 2435 622 2458 rursum
646 2423 804 2463 incurrit,
836 2435 942 2469 eoque
963 2424 1037 2470 ipso
1059 2423 1094 2458 iu
1121 2435 1290 2458 carcerem
1310 2424 1448 2469 palatii,
1489 2423 1545 2468 qui
1567 2423 1656 2457 Ele·

198 2468 378 2512 phantinus
403 2469 519 2503 vocari
544 2470 648 2512 solet,
679 2469 850 2503 coniectus
878 2470 983 2504 vitam
1006 2469 1041 2504 iu
1065 2481 1106 2503 eo
1130 2469 1256 2513 exegit.
1304 2470 1365 2503 sed
1388 2470 1431 2503 de
1452 2468 1502 2502 bis
1523 2472 1655 2513 postea.

198 2518 271 2547 tum
286 2525 367 2548 vero
382 2514 425 2548 ad
440 2515 614 2548 Sultanum
639 2515 689 2548 uti
718 2514 860 2549 diximus
886 2516 1029 2557 missus,
1060 2527 1133 2549 cum
1157 2515 1236 2548 nihii
1256 2526 1366 2548 rerum
1390 2525 1531 2559 quarum
1554 2525 1658 2549 causa

199 2564 343 2593 venerat
368 2560 537 2594 conficere
559 2561 626 2594 iste
648 2561 828 2604 voluisset,
858 2562 958 2595 rebus
987 2561 1123 2595 infectis
1154 2561 1199 2594 ad
1223 2560 1456 2605 imperatorem
1484 2571 1654 2605 reversus,

200 2614 318 2649 parum
334 2605 444 2639 abfuit
459 2606 538 2651 quin
556 2618 576 2640 a
592 2607 704 2640 Persis
718 2607 842 2640 itinera
855 2607 1075 2641 insidentibus
1088 2606 1348 2640 interficeretur.

293 2650 328 2684 3.
373 2651 531 2686 Ceterum
548 2652 729 2697 imperator
742 2652 832 2685 intra
847 2652 1132 2697 quadragesimum
1147 2651 1232 2685 diem
1249 2652 1330 2686 urbe
1344 2652 1529 2686 instaurata
1541 2678 1552 2694 ,
1577 2661 1653 2685 cum

202 2704 277 2728 eam
292 2696 383 2730 fossa
399 2697 558 2732 cinxisset
573 2698 752 2742 multisque
765 2698 810 2731 ibi
826 2699 870 2731 ad
888 2698 1101 2732 habitandum
1121 2697 1279 2731 Romanis
1293 2698 1393 2731 sedes
1407 2697 1573 2739 dedisset,
1589 2708 1653 2730 va·-

202 2739 273 2774 lido
297 2739 430 2785 insuper
452 2743 571 2777 relicto
595 2744 786 2789 praesidio,
816 2744 895 2778 inde
918 2745 1091 2790 profectus
1116 2747 1228 2777 castra
1252 2743 1296 2778 ad
1311 2743 1533 2787 Rhyndacum
1549 2743 1652 2784 locat,

203 2791 308 2828 atque
322 2787 488 2831 paulisper
501 2789 550 2823 ibi
563 2795 711 2824 moratus
726 2789 889 2824 discessit.
936 2801 1077 2834 cumque
1102 2800 1227 2834 paucos
1252 2789 1430 2823 admodum
1443 2788 1539 2833 sequi
1555 2788 1653 2830 signa

204 2830 339 2866 videret
360 2831 526 2878 (plerique
541 2836 628 2871 euim
643 2835 777 2871 ordines
791 2836 897 2872 inscio
912 2835 988 2883 ipso
1003 2835 1136 2872 domum
1149 2835 1344 2879 redierant,
1375 2835 1441 2870 etsi
1453 2846 1521 2869 uon
1535 2832 1652 2875 semel,
