1878 3262
340 249 345 252 ,
364 207 423 250 ΙΝ
441 206 756 250 HISTORIAM
771 205 998 251 IOANNIS
1019 206 1251 251 CINNAMI
1271 207 1474 252 NOTAE.
1555 204 1653 252 345

188 316 252 354 vir
273 315 502 368 magnificus
532 316 754 368 appellatur
777 315 885 368 apud
907 318 944 356 S.
963 316 1196 369 Gregorium
1215 317 1267 357 M.
1289 318 1316 356 l.
1341 320 1360 360 1
1382 317 1493 369 epist.
1514 316 1555 358 4.
1611 331 1652 356 v.

187 371 372 424 Pachyni.
393 373 418 412 l.
442 377 465 417 1
487 387 520 411 c.
539 376 578 414 9.
613 373 662 411 de
691 372 940 412 chartulariis
969 375 1237 414 ecclesiasticis
1266 375 1343 413 erit
1371 375 1471 412 alius
1497 374 1656 413 dicendi

186 430 308 468 locus.
1244 440 1247 445 “

299 499 340 538 Ρ.
362 488 443 528 132
466 499 504 524 v.
526 488 592 527 20.
652 485 862 536 Στέφανον
891 482 962 526 τόν
991 482 1115 535 Ἰατζᾶ
1146 487 1297 538 παῖδα]
1342 487 1552 539 Perperam
1578 486 1657 526 hoc

187 543 275 581 loco
295 543 509 581 Cinnamus
527 541 768 594 Stephanum
783 574 795 591 ,
825 542 893 594 qui
912 547 996 580 tum
1016 543 1175 581 Graecis
1197 550 1237 582 et
1256 545 1429 582 Manueli
1449 545 1658 594 militabat,

189 600 330 638 Geizae
365 600 492 638 filium
522 600 640 637 fuisse
674 600 831 645 scribit,
861 612 951 637 cum
974 599 1079 638 illius
1099 601 1223 638 frater
1250 602 1392 650 suerit,
1423 608 1473 640 ut
1495 602 1661 653 ipsemet

188 657 363 708 agnoscit
381 657 406 695 l.
426 657 471 705 4,
502 661 540 694 et
568 662 769 695 testantur
790 657 934 695 diserte
954 655 1178 694 Radevicus
1195 657 1220 694 l.
1242 660 1270 700 3
1286 672 1318 697 c.
1344 662 1393 700 12
1415 665 1455 697 et
1475 658 1660 696 Gunthe-

187 727 258 752 rus
284 714 308 751 Ι.
330 718 356 756 6
381 714 512 765 Ligur.
570 726 620 751 ex
647 714 790 764 quibus
817 713 1027 760 docemur,
1052 713 1317 765 Stephanum,
1347 728 1438 752 cum
1468 728 1490 752 a
1522 716 1660 764 fratre,

187 783 239 808 ex
262 770 432 808 affectati
450 769 556 820 regni
574 771 815 822 suspicione,
845 770 897 808 ad
925 769 1182 808 Fredericum
1205 770 1298 823 imp.
1326 772 1528 822 profectus
1547 777 1660 820 esset,

187 827 236 865 ab
265 839 312 865 eo
341 840 413 879 per
447 826 631 865 Venetiae
657 828 700 866 in
732 827 936 866 Graeciam
962 826 1259 877 transmissum,
1289 841 1380 866 cum
1411 828 1521 866 litem
1555 829 1660 867 inter

186 885 330 923 fratres
352 883 536 922 dirimere
554 898 635 922 non
651 885 856 936 potuisset.
913 882 1161 922 Guntherus:

406 948 451 978 at
472 955 539 978 rex
553 941 650 978 lzuic
660 942 791 993 finem
810 942 1002 992 nequiens
1026 942 1227 992 imponere
1249 940 1327 991 liti,

406 1012 499 1035 cum
524 1000 683 1036 maiora
697 1004 889 1050 premant
907 998 1095 1049 privatae
1106 996 1295 1048 pondera
1316 1010 1450 1046 curae,

406 1053 571 1092 distulit
593 1062 629 1092 et
647 1056 824 1093 iuvenem
850 1055 988 1093 Veneti
997 1069 1072 1106 per
1089 1062 1241 1106 stagna
1256 1053 1463 1105 profundi

400 1111 603 1162 providus
618 1113 860 1164 Argolicam
876 1110 1120 1150 servandum
1140 1113 1251 1148 misit
1271 1110 1331 1148 ad
1352 1110 1502 1149 urbem.

186 1164 247 1203 his
273 1168 468 1206 consentit
498 1168 652 1207 Nicetas
684 1169 709 1209 1.
730 1171 757 1212 4
775 1183 813 1207 11.
835 1173 872 1211 1,
919 1167 989 1206 sed
1019 1167 1069 1207 de
1096 1167 1298 1220 Stephano
1327 1173 1464 1219 agetur
1497 1179 1658 1205 rursum

184 1221 303 1263 infra.
1058 1252 1062 1255 .

298 1293 339 1331 p-
359 1280 440 1322 135
460 1294 498 1320 v.
525 1284 561 1321 1.
619 1281 813 1334 Μαρίαν]
845 1281 1078 1320 Fredericus
1093 1281 1187 1334 imp.
1208 1279 1417 1332 repudiata
1437 1285 1478 1316 et
1496 1278 1659 1317 remissa

185 1343 350 1389 propter
394 1337 776 1388 consanguinitatem
815 1337 939 1376 Adela
970 1351 1117 1387 uxore,
1161 1337 1342 1389 Diepoldi
1370 1335 1661 1387 Hocburgensis

185 1393 425 1432 marchionis
444 1394 525 1432 filia
544 1395 587 1434 A.
602 1398 721 1444 1152,
738 1401 786 1433 ut
803 1394 925 1433 habet
946 1395 1152 1433 Conradus
1177 1395 1355 1446 Usperg.,
1375 1399 1446 1432 aut
1468 1392 1661 1443 sequenti,

185 1457 234 1489 ut
259 1450 485 1489 chronicon
502 1452 818 1503 Weingartense,
849 1452 901 1490 ad
927 1452 1023 1490 alias
1038 1451 1199 1503 nuptias
1219 1451 1394 1489 animum
1413 1450 1579 1498 adiecit,
1610 1448 1661 1486 ob

185 1507 304 1559 idque
335 1508 386 1545 ad
419 1509 637 1547 manuelem
660 1509 894 1547 obtinendae
911 1508 1078 1560 Mariae,
1109 1508 1244 1546 Isaacii
1264 1507 1587 1545 sebastocratoris
1610 1505 1663 1543 fi-

183 1564 279 1612 liae,
309 1577 426 1602 causa
453 1565 601 1617 legatos
628 1566 746 1603 misit.
804 1564 913 1604 Otho
937 1565 1105 1617 Frising.
1122 1565 1148 1603 l.
1167 1568 1194 1605 2
1221 1564 1269 1602 de
1296 1565 1404 1602 Gest.
1430 1563 1566 1601 Frid.:
1594 1569 1667 1599 rex·

186 1623 288 1673 quia
303 1635 382 1660 non
403 1623 532 1660 multo
553 1629 647 1660 ante
663 1622 764 1660 l'iaec
776 1637 852 1674 per
870 1623 1117 1674 apostolicae
1136 1620 1244 1670 sedis
1263 1622 1441 1672 legato-9,
1471 1619 1523 1657 ab
1542 1633 1665 1656 uxore

185 1692 263 1716 sua
297 1678 345 1716 ob
376 1680 585 1717 vinculum
616 1681 993 1731 consanguinitatis
1020 1686 1233 1730 separatus
1254 1679 1431 1728 fuerat,
1466 1691 1546 1728 pro
1576 1674 1666 1714 du-

187 1733 314 1772 cenda
335 1732 423 1773 alia
439 1744 719 1787 pertractans,
752 1735 813 1774 ad
838 1737 1071 1774 Manue'lem
1099 1736 1346 1774 Graecorum
1365 1736 1462 1785 imp.
1485 1741 1570 1770 tam
1592 1747 1667 1770 szc-

180 1805 255 1842 per
274 1791 349 1828 lzoc
367 1795 549 1844 negotia,
581 1808 706 1844 quam·
717 1807 797 1845 pro
821 1794 1040 1831 Guillelmo
1061 1793 1220 1841 Siculo,
1253 1793 1327 1843 qui
1338 1792 1460 1843 patri
1480 1804 1553 1827 suo
1574 1791 1666 1827 Ro-

183 1848 296 1899 gerio
328 1851 484 1887 noviter
509 1848 701 1900 defuncto
731 1858 1003 1898 successerat,
1046 1851 1262 1899 utriusque
1290 1848 1451 1899 imperii
1477 1848 1666 1884 invasore

188 1903 445 1955 debellando,
487 1907 531 1943 in
566 1907 784 1944 Graeciam
807 1907 964 1958 legatos
997 1905 1262 1942 destinandos
1292 1903 1470 1941 ordinat.
1527 1904 1666 1954 sicque

180 1963 411 2012 primatum
431 1976 600 1999 suorum
622 1963 804 2013 consilio,
832 1961 1083 2000 Anslzelmus
1102 1961 1480 2012 Hamelburgensis,
1511 1966 1547 1996 et
1562 1959 1664 1997 Ale-

186 2016 341 2055 sunder
358 2019 536 2069 Apuliae
553 2018 762 2070 quondam
780 2033 927 2066 comes,
956 2017 1030 2055 sed
1045 2033 1072 2055 a
1090 2020 1268 2070 Rogerio
1290 2032 1380 2055 cum
1400 2017 1537 2054 celeris
1553 2017 1663 2053 eius-

187 2074 277 2111 dem
298 2077 539 2125 provinciae
563 2075 772 2113 nobilibus
801 2075 849 2113 ob
879 2077 1146 2127 suspicionem
1166 2073 1409 2112 dominandi
1425 2073 1662 2124 propulsus,

187 2130 351 2168 eandem
380 2132 620 2183 legationem
648 2134 889 2184 suscipiunt.
946 2132 998 2169 de
1026 2132 1244 2183 legatorum
1278 2131 1415 2168 reditu
1443 2129 1523 2179 agit
1554 2128 1661 2166 idem

187 2187 297 2226 Otho
316 2201 350 2227 c.
372 2193 438 2231 20.
487 2188 646 2227 Μειιιιιὲἰ
666 2195 757 2241 post
779 2189 878 2226 haec
895 2188 948 2226 ad
967 2188 1205 2226 firmandum
1222 2185 1392 2237 petitum
1416 2185 1662 2223 connubium

186 2245 335 2295 legatos
355 2244 406 2283 ad
425 2245 678 2284 Fredericum
697 2246 825 2284 misit:
854 2245 924 2283 sed
952 2244 986 2282 is
1010 2245 1125 2282 aliam
1147 2242 1222 2280 sibi
1241 2242 1494 2280 matrimonio
1515 2242 1661 2280 iunxe-

187 2307 250 2340 rat
268 2301 470 2353 coniugem
482 2332 493 2352 ,
521 2316 612 2341 cum
630 2302 682 2340 ad
699 2302 804 2340 illius
822 2301 1083 2352 praesentiam
1101 2305 1196 2337 sunt
1215 2299 1385 2340 admissi.
1416 2299 1520 2336 idem
1542 2312 1573 2337 c.
1593 2301 1661 2340 31.

299 2371 339 2396 V·
366 2362 436 2400 21.
494 2358 560 2399 ἐπὶ
590 2355 755 2399 Ἰταλίαν
787 2356 915 2408 ἰέναι]
955 2356 1211 2394 Fredericum
1238 2356 1280 2394 in
1313 2355 1537 2394 Anconensi
1562 2368 1661 2406 pago

189 2414 356 2452 assecuti
375 2420 471 2452 sunt
488 2415 682 2453 Manu'elis
703 2412 832 2464 legati.
863 2412 970 2450 Otho
987 2412 1150 2463 Frising.
1170 2413 1196 2450 l.
1219 2415 1246 2454 2
1266 2426 1300 2454 c.
1320 2416 1395 2456 23:
1426 2412 1485 2449 ibi
1502 2413 1546 2449 in
1565 2425 1666 2448 con-

179 2471 301 2521 finiis
319 2469 514 2509 Anconae
528 2473 748 2522 imperator
765 2476 904 2506 castra
916 2483 1083 2520 ponens,
1111 2470 1425 2520 Palaeologum,
1462 2466 1575 2519 quod
1591 2482 1664 2506 nos

191 2534 350 2564 veterem
381 2542 597 2565 sermonem
630 2527 759 2565 dicere
778 2539 1021 2577 possumus,
1062 2527 1364 2564 nobilissimum
1398 2526 1661 2574 Graecorum,

191 2584 419 2635 regalisque
444 2586 662 2636 sanguinis
678 2596 900 2635 procerem,
931 2590 967 2619 et
993 2582 1266 2620 splaradocum
1288 2583 1494 2634 egregium
1514 2583 1663 2631 virum,

191 2653 235 2676 ex
248 2647 366 2689 parte
379 2643 583 2693 principis
609 2642 676 2679 sui
700 2640 1145 2690 Constantinopolitani
1172 2641 1386 2687 venientes,
1415 2653 1664 2690 muneraque

190 2709 269 2733 non
282 2710 418 2746 parva
438 2697 671 2750 deserentes,
703 2697 842 2735 obvios
866 2696 1023 2734 ltabuit.
1083 2696 1228 2748 quibus
1245 2695 1426 2744 auditis,
1456 2709 1664 2747 causaque

193 2754 280 2790 riae
307 2754 489 2804 cognita,
512 2770 589 2807 per
614 2756 774 2806 aliquot
800 2752 885 2790 dies
917 2767 1053 2790 secum
1080 2752 1268 2791 detinuit.
1327 2752 1471 2790 dehinc
1502 2758 1662 2803 accepto

186 2809 445 2860 principum,
474 2814 548 2863 qui
568 2826 659 2849 cum
678 2814 767 2863 ipso
785 2817 920 2860 erant,
951 2810 1141 2860 con-silio,
1176 2809 1432 2848 Guibaldum
1457 2808 1666 2848 Coe-beien-

192 2879 273 2903 sem
301 2866 430 2903 simul
449 2875 486 2905 et
509 2869 787 2907 stabulensem
820 2867 1005 2907 abbatem
1035 2868 1232 2920 regalem,
1266 2869 1400 2906 virum
1419 2864 1663 2919 prudentem
1687 2866 1716 2900 P
1739 2866 1807 2903 454
