1878 3262
255 211 349 259 1522-
699 241 702 245 .
733 206 959 250 IOANNIS
995 206 1223 251 CINNAMI

249 328 328 370 ἒμεὶ
356 325 400 367 δὲ
434 322 549 378 ἐγγὺς
577 318 789 378 Τάραντος
825 317 904 376 ἤδη
931 319 1107 377 ἐγένοντο
1120 352 1135 374 ,
1179 318 1384 364 ἀνάλωτον
1410 319 1510 365 εἶναι
1533 322 1607 377 τῆν
1631 320 1709 365 πό-

131 397 163 433 V
187 398 231 432 'is'
255 402 317 437 λιν
354 388 673 445 κατανοήσαντες
707 390 832 444 αὐτῆς
865 390 938 445 μὲν
973 389 1159 446 ἀπῆραν,
1192 388 1426 433 Μονοπόλει
1463 392 1507 434 δὲ
1540 389 1711 433 πελάσαι

247 460 555 515 διανοηθέντες,
602 459 736 513 ἐπειδὴ
774 458 936 515 ἀπορεῖν
974 459 1111 507 αὐτοῖς
1143 457 1348 512 συνέβαινε
1397 464 1709 514 τειχομαχικῶν,

245 528 461 588 γράμμασι
486 527 556 570 τὸν
592 528 634 569 ἐν
669 525 797 585 Βάρει
830 527 1126 581 μετεπέμποντο
1153 525 1322 578 στόλον,
1361 527 1430 583 ἐφ’
1461 522 1494 585 ᾧ
1518 526 1710 570 τοιούτων

245 601 398 641 ἐκεῖθεν
433 594 666 653 εὐπορήσειν
696 595 804 651 ἣκειν
836 595 897 637 ὅτι
932 594 1117 649 τάχιστα.
1194 596 1235 637 ἓν
1281 595 1325 636 δὲ
1358 593 1488 653 τούτῳ
1522 595 1743 651 τετύχηκε5

240 666 465 721 ςιῬωᾸιιαίοις
485 665 554 707 διὰ
571 663 712 721 χώρας
734 665 1015 722 πορευομένοις
1037 664 1272 718 εὐδαίμονος
1295 665 1362 705 καὶ
1381 662 1582 721 ἀφθόνοις
1599 681 1712 721 περι-

245 733 475 793 βριθούσης
501 734 673 790 ἀγαθοῖς
697 735 853 790 μυρίων
873 732 978 775 ὅσων
1003 736 1236 787 πεπλῆσθαι
1250 736 1397 774 καλῶν.
1467 733 1622 788 λέγεται
1633 732 1713 790 γὰρ

198 811 231 846 D
258 805 353 846 δέκα
386 804 460 858 μὲν
496 800 680 857 τηνικάδε
715 806 817 857 βοῦς
850 802 1038 858 ἀγελαίας
1058 805 1216 858 χρυσοῦ
1240 801 1309 843 τὸν
1336 799 1585 858 στρατιώτην
1611 801 1715 842 ἀπο-

252 872 403 915 δόσθαι
436 875 656 928 στατῆρος,
697 869 885 927 πρόβατα
924 871 967 912 δὲ
1003 868 1219 927 τριάκοντα
1253 871 1318 911 καὶ
1345 867 1498 911 ἑκατόν.
1569 868 1632 911 ὅτε
1661 868 1712 923 δὴ

252 943 319 983 καὶ
350 939 568 993 εΡωμαίων
600 939 711 989 τινὰς
737 939 910 996 εἱρκταῖς
935 940 978 980 ἐκ
1012 942 1166 980 πολλοῦ
1189 936 1508 996 προστετηκότας
1534 936 1715 995 εὑρόντες
1727 949 1771 983 10

250 1013 333 1052 τῶν
357 1013 503 1051 κλοιῶν
528 1007 623 1057 τοὺς
649 1008 822 1057 ἀθλίους
848 1008 1012 1061 ἀνῆκαν.

390 1076 437 1120 9.
499 1076 608 1117 Ἐπεὶ
635 1077 678 1117 δὲ
711 1082 926 1130 πεμπταῖοι
963 1077 1018 1124 εἷς
1051 1071 1292 1117 Μονόπολιν
1318 1073 1536 1130 ἀφίκοντο,
1565 1070 1716 1130 ἐπεξῄει

251 1146 325 1200 μὲν
351 1144 489 1194 αὐτοῖς
514 1143 607 1185 οὐδὲ
632 1141 689 1193 εἷς
714 1143 845 1201 (ἔφθη
870 1143 946 1200 γὰρ
973 1141 999 1198 ῆ
1022 1141 1137 1200 φήμη
1158 1141 1530 1199 προκαταπλήξασα
1549 1139 1718 1192 τούτους

252 1212 366 1255 ἔνδον
391 1211 533 1254 ἐλάσαι
558 1212 718 1267 τειχῶν)
730 1244 743 1264 ,
779 1211 878 1269 ὑπὲρ
907 1213 950 1253 δὲ
974 1216 1053 1254 τῶν
1079 1210 1242 1267 πύργων
1264 1209 1461 1254 πάνοπλοι
1484 1208 1716 1264 ἑστήκεσαν,

251 1281 295 1324 εἶ’
311 1299 373 1332 τις
397 1280 564 1336 ἐπιβολὴ
590 1285 649 1338 τῷ
673 1279 872 1338 περιβόλῳ
899 1281 1062 1322 ἕπε’λθοι
1083 1277 1363 1333 ἀμυνούμενοι.
1431 1276 1520 1320 τότε
1545 1278 1619 1332 μὲν
1644 1272 1716 1319 οὖν
1729 1289 1772 1324 15

252 1351 379 1392 αὐτοῦ
405 1367 483 1392 που
511 1351 552 1391 ἐν
577 1350 769 1407 ἐπικαίρῳ
795 1353 868 1404 τῆς
893 1347 1045 1398 πόλεως
1070 1348 1117 1389 οὗ
1144 1351 1282 1405 πολλῷ
1309 1346 1464 1388 ἄποθεν
1489 1346 1558 1388 τὸν
1580 1344 1717 1403 χάρα-

251 1437 304 1461 κα
330 1417 550 1474 πηξάμενοι
578 1417 727 1472 Ξζιιενον.
797 1418 878 1459 ἐπεὶ
907 1418 950 1459 δὲ
976 1418 1042 1459 καὶ
1070 1415 1115 1458 ὃν
1148 1417 1192 1457 ἐκ
1217 1416 1387 1472 Βαρέως
1410 1415 1716 1469 μετεπέμψαντο

131 1500 160 1534 P
185 1500 230 1534 90
255 1487 331 1542 ἤδη
373 1485 544 1538 στόλον,
593 1484 830 1529 Μονοπόλει
869 1485 1059 1543 προσχὼν
1095 1484 1148 1527 τὰ
1186 1485 1227 1534 ἒς
1264 1485 1497 1541 πολιορκίαν
1536 1481 1716 1539 αὐτάρκη

251 1554 435 1609 ἐκόμισε,
470 1553 558 1596 τότε
587 1554 637 1608 δὴ
664 1556 887 1611 πανστρατὶ
916 1558 974 1610 τῷ
1000 1551 1200 1609 περιβόλῳ
1227 1553 1427 1594 ἐπέθεντο.
1498 1551 1603 1593 ἀλλὰ
1616 1554 1718 1593 Mo-

251 1627 459 1666 νοπολῖται
498 1621 566 1664 ἅτε
606 1622 687 1684 ἀφ’
725 1620 890 1676 ὖψηλοῦ
927 1623 968 1671 ἐς
1002 1622 1097 1670 τοὺς
1134 1622 1348 1674 πολεμίους
1371 1619 1591 1673 βάλλοντες
1618 1620 1773 1666 ἀπε-20

249 1689 442 1749 κρούοντό
478 1708 519 1733 τε
552 1690 647 1740 τοὺς
668 1689 910 1748 προσιόντας
929 1688 1146 1743 εΡωμαίων
1172 1690 1243 1730 καί
1265 1706 1375 1737 τινας
1403 1688 1584 1729 ἔκτεινον.
1620 1687 1647 1742 ἣ
1674 1704 1716 1730 τε

255 1758 368 1815 μάχη
403 1762 517 1817 πρωῒ·
536 1759 739 1816 ἀρξαμένη
778 1760 819 1809 ἐς
853 1756 979 1801 νύκτα
1018 1755 1215 1799 ἐτελεύτα.
1288 1754 1488 1810 εΡωμαῖοι
1524 1756 1597 1810 μὲν
1631 1749 1716 1807 οὖν,

239 1828 386 1883 ἐπειδὴ
413 1826 695 1879 συνεσκόταζεν
720 1826 798 1883 ῆδη
810 1859 824 1879 ,
847 1828 910 1868 ἐπὶ
936 1826 983 1869 τὸ
1009 1823 1281 1883 στρατόπεδον
1307 1823 1578 1882 ἀνεχώρησαν.
1614 1826 1717 1868 Μο-

345 1959 402 1996 15.
426 1955 603 2005 ἐπιβολὴ]
626 1957 682 1992 Ita
696 1956 839 1992 Tollius.
868 1957 955 1992 Cod.
979 1954 1170 2003 ἐπιβουλή.

253 2072 354 2120 pauci
369 2085 388 2106 e
403 2071 564 2106 Romanis
579 2071 718 2105 insecuti
738 2074 968 2117 prostravere.
1014 2074 1053 2105 ut
1068 2081 1149 2105 vero
1165 2069 1317 2115 proxime
1334 2069 1377 2103 ad
1393 2069 1579 2102 Tarentum
1595 2077 1713 2102 acces-

255 2122 373 2153 serunt
385 2145 395 2161 ‚
421 2117 606 2162 expugnari
621 2118 739 2152 urbem
753 2118 842 2151 haud
865 2128 966 2163 posse
983 2117 1072 2161 rati,
1097 2117 1140 2150 ab
1155 2116 1212 2150 illa
1229 2115 1362 2160 quidem
1378 2114 1520 2158 digressi
1533 2117 1631 2147 sunt:
1654 2112 1714 2146 sed

254 2176 331 2198 cum
353 2163 396 2197 ad
418 2163 624 2207 Monopolim
641 2163 756 2208 copias
779 2164 959 2197 admovere
973 2162 1184 2206 cogitarent,
1207 2161 1386 2206 nullaeque
1401 2160 1464 2194 sibi
1487 2171 1528 2193 eo
1544 2164 1614 2192 tum
1628 2162 1715 2191 tem-

254 2221 340 2256 pore
363 2209 519 2243 adessent
535 2208 676 2241 bellicae
701 2209 892 2250 machinae,
917 2209 1056 2242 classem
1071 2234 1081 2250 ‚
1107 2219 1194 2253 quae
1208 2207 1288 2241 Bari
1302 2207 1440 2248 stabat,
1464 2210 1502 2239 ut
1523 2204 1633 2238 omnia
1647 2203 1714 2238 ista

254 2255 430 2290 celerrime
445 2254 630 2287 adveheret
645 2265 707 2298 per
721 2254 837 2289 literas
853 2255 1109 2288 arcessiverunt.
1155 2252 1287 2287 interim
1302 2251 1464 2292 Romani,
1488 2250 1565 2283 dum
1579 2249 1645 2283 iter
1660 2251 1714 2283 sa-

254 2301 348 2335 ciunt
362 2311 423 2346 per
444 2299 615 2342 regionem
641 2300 831 2343 opulentam
858 2301 1034 2333 admodum
1051 2304 1087 2333 et
1108 2299 1266 2332 immensa
1280 2299 1441 2331 bonorum
1456 2296 1553 2341 copia
1568 2294 1715 2328 affluen-

254 2351 321 2380 tem
334 2373 345 2389 ,
371 2345 599 2390 multipliciter
623 2344 783 2379 ditantur.
832 2345 926 2379 aiunt
944 2346 1029 2379 enim
1053 2350 1123 2379 tum
1139 2344 1274 2378 militem
1289 2354 1354 2376 uno
1372 2342 1445 2376 auri
1460 2346 1589 2375 statere
1604 2342 1713 2375 boves

253 2393 370 2426 decem
385 2391 587 2425 armentales
610 2390 803 2424 vendidisse
813 2419 823 2434 ‚
849 2391 916 2424 alia
929 2397 1038 2424 autem
1053 2401 1177 2436 pecora
1202 2394 1332 2423 centum
1348 2393 1382 2422 et
1395 2387 1544 2431 triginta.
1590 2387 1712 2421 multos

254 2438 300 2471 ad
315 2439 400 2472 haec
417 2438 587 2476 Romanos
603 2436 767 2470 diuturnis
784 2436 974 2469 carceribus
991 2441 1179 2470 maceratos
1195 2434 1405 2481 compedibus
1421 2436 1595 2467 exuerunt.

345 2485 378 2518 9.
425 2484 653 2528 Posteaquam
681 2482 795 2526 quinto
823 2482 901 2516 inde
918 2482 972 2515 die
997 2482 1037 2515 ad
1056 2481 1262 2526 Monopolitn
1279 2485 1461 2522 venerunt,
1486 2490 1581 2512 nemo
1598 2478 1636 2512 iis
1652 2489 1712 2512 oc-

254 2528 361 2563 currit
376 2529 531 2564 hostium.
577 2528 653 2573 ipsa
678 2527 763 2561 enim
788 2528 852 2561 iam
869 2533 948 2561 ante
971 2528 1059 2560 sama
1075 2526 1283 2561 consternati
1305 2526 1394 2559 intra
1408 2524 1537 2558 moenia
1552 2536 1588 2557 se
1604 2524 1714 2557 conti-

254 2575 394 2609 nebant.
442 2575 477 2608 in
493 2574 640 2608 turribus
657 2578 767 2607 autem
785 2573 903 2607 armati
921 2574 1121 2616 constitere,
1145 2577 1184 2606 ut
1199 2573 1226 2606 si
1243 2571 1317 2617 quis
1331 2571 1366 2604 in
1382 2570 1502 2604 vallum
1525 2570 1624 2603 fieret
1648 2570 1710 2603 im-

254 2625 373 2666 petus,
399 2624 516 2653 contra
530 2619 554 2653 ii
578 2619 790 2655 obsisterent.
835 2619 979 2654 Romani
1001 2619 1115 2662 itaque
1130 2618 1247 2663 positis
1263 2618 1384 2651 idoneo
1399 2616 1473 2649 loco
1491 2615 1577 2649 haud
1596 2615 1713 2660 procul

255 2666 334 2700 inde
349 2665 469 2700 castris
482 2691 493 2706 ‚
518 2665 711 2699 consedere.
757 2664 817 2698 sed
836 2665 892 2699 ubi
906 2691 916 2707 ,
941 2676 1038 2709 quam
1054 2664 1134 2698 Bari
1148 2664 1363 2705 acciverant,
1388 2661 1502 2695 classis
1516 2688 1525 2704 ‚
1553 2672 1640 2706 quae
1664 2661 1709 2695 ad

255 2711 536 2757 oppugnationem
564 2710 755 2744 necessaria
781 2715 879 2744 erant
901 2710 1060 2752 advexit,
1097 2721 1170 2743 cum
1197 2708 1346 2742 omnibus
1372 2707 1477 2752 copiis
1503 2707 1633 2740 moenia
1647 2706 1710 2740 ad-

256 2758 423 2792 oriuntur.
473 2760 510 2789 at
527 2755 772 2801 Monopolitani
788 2755 916 2790 emissis
931 2767 975 2789 ex
993 2755 1063 2788 alto
1079 2755 1112 2788 in
1127 2756 1241 2788 hostes
1255 2753 1330 2787 telis
1345 2754 1526 2786 subeuntes
1543 2753 1710 2797 repellunt

257 2805 447 2844 Romanos,
485 2801 726 2846 nonnullosque
749 2802 903 2837 caedunt.
957 2801 1092 2845 incepto
1118 2811 1214 2833 mane
1238 2798 1366 2844 praelio
1398 2798 1431 2832 in
1456 2804 1587 2832 noctem
1602 2809 1642 2832 us
1667 2809 1710 2831 ue

257 2852 434 2896 protracto
445 2875 457 2893 ,
476 2847 637 2889 Romani,
661 2858 736 2882 cum
760 2846 826 2881 iam
841 2847 1156 2892 advesperasceret,
1181 2849 1214 2880 in
1228 2850 1341 2880 castra
1355 2849 1584 2880 revertuntur.
1672 2854 1709 2878 o-
