1878 3262
473 232 533 276 IN
564 232 824 277 IOANNEM
856 233 1157 279 CINNAMUM
1189 235 1394 280 NOTAE.
1572 237 1670 283 305

308 355 350 395 p.
370 344 426 385 27
445 354 485 381 v,
506 345 546 384 2.
602 342 672 384 καὶ
692 343 828 385 πείθει
850 340 999 398 αἱρετὴν
1022 340 1147 403 ἆρετῇ
1164 342 1500 401 παραβάλλοντα]
1534 349 1672 402 Suspi-

199 413 268 438 cor
287 399 421 438 verius
439 399 515 451 legi
527 398 861 454 παραβάλλουσα,
890 415 944 440 sc.
962 400 994 454 ἦ
1009 401 1167 456 γνώμη.
1224 404 1267 443 id
1292 410 1374 454 est,
1403 418 1493 444 eum
1511 407 1673 458 praefe-

194 456 367 496 rendum
401 469 483 495 esse
511 458 748 509 persuadet,
778 471 914 509 quem,
944 461 1213 510 comparando
1245 461 1437 500 virtutem
1467 463 1550 501 eius
1579 476 1671 502 cum

194 513 345 552 virtute
363 514 543 563 alterius,
575 514 881 567 deprehenderit
899 516 1148 566 praecellere.
1206 518 1332 556 Galba
1354 519 1560 559 ambitiose
1580 521 1672 572 qui-

195 570 308 619 dem,
337 570 406 609 sed
439 572 607 623 egregie,
637 572 745 624 apud
775 572 990 611 Tacitum!
1018 572 1170 612 Histor.
1198 575 1250 613 ad
1275 575 1477 616 Pisonem:
1511 577 1671 630 Augu-

193 635 283 666 stus
301 629 346 665 in
363 627 480 667 domo
497 643 764 667 successorem
784 630 1008 681 quaesivit,
1037 644 1108 682 ego
1129 632 1173 668 in
1189 646 1232 669 re
1243 632 1424 683 publica.
1466 648 1549 673 non
1568 636 1672 688 quia

187 686 467 737 propinquos,
499 693 576 723 aut
601 688 734 724 socios
760 687 880 737 belli,
909 701 991 724 non
1015 685 1213 739 habeam‚·
1240 687 1315 726 sed
1338 704 1463 742 neque
1488 693 1575 743 ipse
1588 694 1671 730 im-

186 743 351 793 perium
382 742 603 780 ambitione
634 745 794 795 accepi,
824 751 861 781 et
893 742 1045 781 iudicii
1069 746 1148 782 mei
1179 743 1463 785 documentum
1490 750 1575 787 sint
1592 763 1672 788 non

193 813 303 836 meae
334 806 496 837 tantum
524 799 859 850 necessitudines,
891 814 999 852 quas
1029 800 1108 838 tibi
1129 804 1370 853 postposui,
1400 802 1474 842 sed
1496 813 1533 843 et
1554 813 1668 848 tuae.

193 862 251 893 est
275 856 498 907 tihisrater
510 859 613 908 pari
633 858 869 904 nobilitate,
895 865 1001 895 natu
1020 859 1175 910 maior,
1205 858 1359 912 dignus
1377 859 1458 899 hac
1469 862 1668 914 jor-tuna,

191 913 278 950 nisi
292 919 340 951 tu
353 914 496 964 potior
511 927 624 952 esses.

302 1016 341 1054 p.
359 1005 408 1045 31
432 1016 473 1043 v,
491 1006 563 1045 22.
619 1001 771 1056 τόμους
785 1002 827 1052 ἒς
843 1001 1065 1053 Βυζάντιον
1086 1003 1315 1058 ἐκπέμψαι]
1345 1006 1555 1047 Familiare
1572 1021 1669 1048 ver-

189 1059 287 1098 bum
305 1059 497 1098 Cinnamo
514 1059 591 1099 hac
612 1061 909 1112 significatione.
963 1074 1054 1113 pag.
1075 1061 1151 1104 57:
1180 1059 1226 1103 ὃν
1246 1060 1481 1105 ἐπικόλπιον
1502 1062 1580 1118 εἶχε
1598 1063 1669 1108 τό-

189 1131 290 1168 μον,
327 1116 515 1155 chartam
555 1131 680 1170 quam
719 1120 817 1156 sinu
845 1116 1033 1156 abditam
1058 1119 1236 1171 gerebat.
1293 1119 1399 1158 circa
1428 1121 1549 1161 finem
1574 1122 1668 1162 libri

189 1174 325 1223 quarti
353 1173 402 1211 de
433 1173 646 1213 donatione
675 1180 716 1213 et
739 1175 849 1214 bulla
879 1188 1021 1225 aurea,
1066 1189 1145 1226 qua
1174 1177 1410 1215 monasteria
1446 1179 1666 1230 Byzantina

186 1229 370 1282 ipsosque
390 1230 606 1270 monachos
622 1231 755 1270 litium
781 1232 936 1270 iniuriis
964 1233 1134 1271 exemit:
1163 1230 1239 1286 τὴν
1261 1233 1399 1287 μέντοι
1421 1233 1579 1288 δωρεᾶν
1595 1236 1667 1278 καὶ

186 1283 294 1342 τόμῳ
312 1286 539 1386 ἒσὲήριξεν,
569 1285 619 1330 ὃν
637 1284 708 1330 ὅτε
726 1291 863 1345 χρυσῷ
880 1288 1249 1342 ἐνσεσημασμένον,
1272 1287 1552 1345 χρυσόβουλον-
1567 1292 1666 1344 ἔθος

186 1346 325 1385 καλεῖν
374 1356 475 1386 στιν.

300 1436 339 1475 p.
359 1426 413 1465 33
437 1436 477 1462 v.
501 1425 541 1465 3.
598 1420 769 1476 Μιχαήλ
802 1423 868 1466 ἐπὶ
892 1421 964 1466 τόν
989 1419 1150 1477 θρόνον
1176 1420 1342 1479 α’νοῖγει]
1372 1426 1467 1465 Post
1491 1434 1665 1468 mortem

184 1479 376 1519 nimirum
399 1479 540 1519 Leonis
563 1480 808 1532 Styppiotae.
864 1480 974 1520 hunc
992 1481 1222 1521 Michaelem
1242 1483 1398 1521 Nicetas
1417 1491 1500 1523 non
1520 1499 1667 1524 mona-

185 1537 296 1575 sterii
325 1538 368 1575 in
401 1536 530 1576 insula
556 1543 695 1588 acuta,
724 1537 796 1576 sed
823 1541 954 1591 μονῆς
981 1541 1055 1592 τῆς
1074 1535 1246 1589 Ὀξείας,
1275 1541 1393 1578 acuti
1413 1545 1673 1594 monasterii,¹

183 1593 426 1633 monachum
446 1599 578 1634 vocat.

296 1687 338 1726 p.
366 1672 421 1715 34
451 1685 491 1712 v.
519 1671 559 1715 5.
616 1670 658 1719 ἐς
684 1668 889 1724 Ἀντιόχου
919 1668 1057 1726 ἦλθον
1084 1670 1161 1726 τήν
1188 1669 1310 1715 πόλιν
1337 1674 1450 1717 λείαν
1475 1675 1663 1731 Μυσῶν]

183 1729 387 1781 Distingue
415 1727 507 1783 ὅὶχρι
532 1727 603 1769 καὶ
630 1728 671 1777 ἐς
697 1725 904 1783 Ἀντιόχου
934 1725 1069 1783 ἦλθον
1096 1729 1173 1784 τήν
1191 1726 1312 1772 πόλιν
1321 1762 1333 1781 ,
1367 1733 1479 1773 λείαν
1500 1736 1665 1775 Μυσῶν

183 1785 254 1827 καὶ
279 1784 328 1826 τοὶ
357 1786 401 1827 ἐν
424 1785 546 1826 ποσὶν
574 1783 841 1839 ἐργαζόμενοι.
895 1793 1036 1827 notum
1056 1788 1339 1840 proverbium,
1371 1791 1538 1831 Μυσῶν
1560 1791 1662 1842 λεία,

184 1856 236 1881 ex
254 1843 377 1882 Suida
397 1849 437 1881 et
456 1842 642 1880 Zenobio.

298 1936 339 1974 p.
362 1922 416 1964 35
442 1935 483 1960 v,
500 1924 568 1963 23.
625 1920 695 1961 καὶ
727 1921 852 1969 λίζιον
883 1919 1005 1963 αὑτὸν
1032 1920 1202 1976 λοιπόν]
1244 1923 1407 1974 Λίζιος,
1446 1923 1517 1975 qui
1542 1923 1662 1963 semi-

181 1978 362 2018 barbaris
389 1978 535 2016 Latinis
562 1977 698 2028 ligius,
726 1977 794 2016 vel
825 1979 1011 2017 vasallus.
1068 1980 1229 2018 Manuel
1254 1980 1358 2018 libro
1373 1986 1538 2031 quarto,
1568 1995 1664 2019 ora-

182 2037 292 2075 tione
308 2035 360 2074 ad
375 2035 641 2074 Vladislaum:
670 2033 736 2074 καὶ
759 2036 906 2083 δοῦλος
925 2031 977 2076 ov'
997 2036 1068 2090 βίᾳ
1088 2035 1208 2089 ζυγὸν
1225 2034 1402 2086 ὕποδύς,
1432 2033 1534 2079 α’λλοέ
1558 2038 1662 2079 δοῦ-

181 2097 249 2143 λος
267 2088 557 2140 ἐθελόδουλος·
584 2086 795 2145 ἓρμηνεύει
819 2091 863 2132 δέ
883 2104 947 2132 σοι
970 2094 1090 2133 τοῦτο
1114 2090 1160 2134 vo*
1184 2094 1323 2143 λίζιον.

292 2187 334 2225 p.
351 2171 407 2214 42
429 2185 469 2210 v.
489 2174 529 2213 3.
588 2171 788 2223 διαβαίνει
805 2168 882 2224 γοῖρ
904 2170 974 2212 καὶ
992 2171 1034 2220 ἐς
1054 2167 1183 2224 αὐτήν
1201 2171 1442 2213 Λυκαονίαν
1460 2167 1506 2213 τό
1529 2169 1662 2225 ὄνομα

180 2231 321 2282 τοῦτο]
354 2228 599 2281 capiendum
621 2226 700 2266 hoc
722 2227 771 2266 de
790 2227 951 2266 nomine
979 2228 1168 2279 regionis,
1196 2229 1239 2267 in
1261 2243 1379 2280 quam
1399 2229 1539 2267 Persae
1558 2243 1659 2268 con-

181 2293 397 2336 cesserant,
427 2300 510 2324 non
529 2291 660 2323 autem
685 2285 734 2322 de
755 2285 918 2323 civitate
935 2284 1216 2338 Adrianopoli5
1245 2286 1357 2325 cuius
1377 2285 1445 2337 qui
1465 2285 1543 2325 dici
1561 2292 1658 2339 pot-

180 2349 241 2383 est
258 2357 403 2382 nomen
419 2343 551 2394 aliquo
568 2342 809 2389 excurrere?

293 2436 332 2475 p.
352 2422 406 2465 43
430 2435 470 2462 v.
491 2422 532 2465 5.
592 2417 739 2462 αὐτίκα
771 2422 847 2462 τοῦ
879 2416 1151 2474 σημειοφόρου
1186 2417 1430 2475 λαβόμενος]
1460 2422 1524 2460 Sic
1551 2421 1578 2461 1.
1606 2424 1656 2464 3:

183 2476 480 2533 συντονώτερον
494 2477 665 2531 ἤλαυνε,
696 2477 862 2532 ἐπείγων
882 2477 1051 2518 ἕπεσθαι
1070 2477 1138 2519 καὶ
1158 2475 1226 2520 τὸν
1247 2475 1534 2531 σημειοφόρον.
1590 2478 1657 2517 id-

182 2549 259 2586 que
292 2536 424 2575 adhuc
454 2549 476 2574 e
502 2535 633 2575 veteri
660 2535 824 2573 militiae
851 2535 1052 2573 Romanae
1079 2547 1203 2574 more.
1260 2535 1394 2574 Livius
1428 2535 1455 2576 l.
1474 2537 1499 2576 9
1529 2548 1562 2574 c.
1584 2538 1656 2578 13:

181 2592 340 2632 vadunt
372 2595 506 2645 igitur
527 2594 573 2630 in
593 2593 803 2644 praelium
831 2601 1019 2644 urgentes
1050 2593 1283 2644 signiferos.
1342 2598 1383 2630 et
1402 2591 1428 2630 l.
1451 2594 1504 2633 10
1523 2605 1557 2631 c.
1578 2594 1654 2636 36:

182 2656 271 2687 tum
301 2651 378 2688 alii
401 2651 510 2688 alios
529 2650 692 2688 hortari
713 2657 760 2686 ut
777 2657 991 2701 repeterent
1005 2662 1220 2701 pugnam:
1247 2650 1500 2687 centuriones
1520 2649 1572 2688 ab
1594 2650 1654 2686 si-

179 2706 355 2758 gniferis
374 2715 498 2759 rapta
515 2709 638 2759 signa
654 2708 816 2757 infirre.

294 2797 336 2835 p·
356 2785 412 2828 52
431 2799 471 2824 v.
488 2789 528 2827 2.
583 2781 846 2837 Ἀλεξάνδρου
866 2782 1018 2838 τόλμαν
1038 2783 1216 2825 ἐπαινεῖν
1238 2782 1332 2836 ἔχω,
1365 2779 1484 2825 ὁπότε
1498 2780 1555 2836 μή
1575 2780 1652 2823 σῦν

181 2837 426 2936 τύχὲἔέωῗπιὶῖ
448 2842 542 2880 facit
570 2842 620 2892 Q.
642 2843 771 2882 Curtii
791 2842 885 2880 Rufi
902 2842 952 2880 de
970 2841 1200 2880 Alexandro
1226 2841 1412 2939 elogiggi:
1421 2838 1650 2893 fatendum
