1878 3262
231 213 331 262 264
703 211 930 257 IOANNIS
964 212 1193 258 CINNAMI

178 338 208 374 B
233 330 322 379 δαῖς
346 343 425 369 τισι
454 322 588 384 χρόνῳ
622 326 695 381 μὲν
720 324 1007 378 αὖανθείσαις,
1048 323 1240 380 ἀλλήλαις
1272 325 1318 369 δέ
1346 318 1568 369 ’δικτυωτόν
1598 342 1688 368 τινα

233 395 596 450 ’ξυμπεπλεγμέναις
630 392 946 449 διαλαμβάνεται
982 392 1146 450 τρόπον.
1222 395 1400 449 σπουδὴν
1433 395 1566 449 μέντοι
1593 392 1688 436 ἑκά-

231 479 348 519 τερον
374 463 584 517 πεποίηται
620 464 742 520 μέρος
779 462 887 514 ὅπως
914 462 962 504 ἂν
989 464 1051 504 ε’πὶ
1076 460 1253 519 θάτερον
1278 461 1589 519 προτερήσαντες
1612 479 1687 516 με·

232 528 438 586 ταγάγωσι
464 531 602 587 πέρας,
631 530 653 574 ὃ
679 530 862 586 δηλονότι
890 531 1070 588 ἀρχῆθεν
1091 531 1227 580 αὐτοῖς
1254 529 1537 573 ἀποδέὸασται.
1578 531 1688 572 ἒπει-

234 599 310 641 δὰν
348 598 425 655 γὰρ
461 606 551 649 ταῖς
588 599 755 658 ῥάβδοις
788 602 844 650 εἷς
885 598 1146 656 ὁποτερονοῦν
1179 597 1426 653 ἐπειγόμενος
1460 596 1481 640 ὃ
1517 603 1720 656 σφαΐροςδ

235 666 429 723 ἀφίκηται
455 669 600 724 πέρας,
635 666 816 722 τοῦτο“’ἦ
842 669 928 722 νίκη
956 669 1088 725 ἐκείνῳ
1123 671 1181 725 τῷ
1205 668 1314 724 μέρει
1340 668 1499 723 γίνεται.
1564 665 1591 720 ἦ
1617 667 1691 720 μὲν

236 735 380 776 παιδιὰ
405 734 539 778 τοιάδε
566 738 626 787 τίς
652 738 771 788 ἐστιν,
808 736 1010 793 ὀλισθηρὰ
1036 735 1163 791 πάντη
1179 737 1244 777 καὶ
1258 733 1513 789 κινδυνώδης.
1546 731 1692 776 ὓπτιά-

236 805 313 855 ζειν
339 820 380 845 τε
406 804 482 860 γὰρ
521 805 581 846 ἀεὶ
618 807 685 847 καὶ
721 803 909 859 ἲσχιάζειν
946 803 1097 860 ἀνάγκη
1135 803 1204 846 τὸν
1241 802 1391 858 ταύτην
1415 800 1623 857 μετιόντα,
1650 803 1692 844 ἔν

236 870 369 928 κύκλῳ
394 889 436 914 τε
462 872 530 914 τὸν
547 874 670 916 ἵππον
701 875 958 930 περιελίσσειν
981 875 1048 915 καὶ
1068 871 1350 922 παντοδαποὺς
1374 875 1578 913 ποιεῖσθαι
1598 870 1694 920 τοὺς

237 938 415 996 δρόμους
438 940 644 992 τοσούτοις
669 959 709 984 τε
736 940 926 996 κινήσεων
950 939 1216 996 ὕπενηνέχθαι
1243 940 1399 991 εἴδεσιν,
1427 938 1537 989 ὅσοις
1562 937 1690 993 δήπου
1703 943 1746 980 10

236 1009 302 1049 καὶ
336 1007 408 1062 τὴν
442 1016 622 1066 σφαῖραν
656 1012 875 1064 ξυμβαίνει.
943 1007 968 1064 ἦ
1003 1010 1076 1064 μὲν
1111 1009 1161 1063 δὴ
1187 1009 1329 1050 παιδιὰ
1354 1007 1486 1050 τοιάδε
1511 1009 1571 1057 τίς
1595 1008 1694 1049 ἔστι.

187 1079 218 1114 C
241 1079 299 1132 τῷ
325 1076 369 1117 δὲ
391 1080 556 1130 βασιλεῖ
576 1080 791 1131 δαιμονίως
815 1080 903 1135 περὶ
930 1076 1079 1133 ταύτην
1115 1077 1371 1134 στρεφομένῳ
1396 1075 1614 1129 πάνσωμον
1639 1077 1695 1125 εἷς

236 1148 312 1199 γῆν
339 1145 550 1199 ἐνεχθῆναι
577 1147 723 1200 συνέβη
750 1146 819 1189 τὸν
840 1148 977 1188 ἰ’ππον.
1012 1144 1033 1187 ὅ
1062 1146 1104 1188 δὲ
1128 1146 1270 1202 νέρθεν
1294 1143 1525 1198 ὑπενεχθεὶς
1551 1143 1694 1198 ἔκαμνε

235 1213 310 1265 μὲν
335 1214 401 1254 καὶ
428 1214 558 1255 πολλὰ
597 1213 772 1268 ἐβιάζετο
807 1219 880 1257 τοῦ
905 1212 1119 1267 πτώματος
1153 1214 1391 1265 ἀνανεῦσαι,
1418 1213 1491 1254 οὐκ
1517 1211 1618 1266 ἔχων
1645 1210 1692 1253 δ’

238 1278 348 1330 ὅπως
372 1281 440 1323 τὸν
461 1283 586 1324 ἵππον
610 1281 858 1337 διωθήσαιτο
885 1280 1093 1336 ὃλόσωμον
1107 1314 1120 1333 ,
1156 1280 1288 1337 ὥσπερ
1315 1280 1430 1338 ἔφην,
1466 1280 1592 1322 αὐτοῦ
1616 1297 1692 1322 κα-
1705 1283 1747 1320 15

236 1349 537 1404 τενηνεγμένον,
570 1349 700 1407 μηρόν
725 1368 766 1394 τε
793 1352 860 1393 καὶ
879 1357 1005 1407 χεῖρα
1021 1354 1071 1406 τῇ
1093 1352 1135 1391 ἐκ
1161 1354 1232 1404 τῆς
1257 1350 1488 1405 ἕφεστρίδος
1507 1346 1693 1403 ἓπιλήψει

239 1418 398 1472 διετέθη
426 1423 571 1468 κακῶς.
641 1418 745 1461 οὕτω
778 1420 911 1473 μέντοι
946 1416 1240 1475 μεγαλοψύχως
1264 1416 1446 1473 ἤνεγκεν,
1485 1414 1540 1466 ὥς
1565 1417 1694 1458 καίτοι

239 1484 486 1540 καιριώτατα
512 1488 725 1537 πεπονθώς
762 1488 985 1542 ἀναστῆναί
1016 1505 1057 1529 τε
1084 1487 1259 1540 ταχέως,
1295 1489 1453 1527 πολλῶν
1477 1484 1555 1540 ἤδη
1581 1501 1695 1541 περι-

239 1551 420 1594 στάντων
448 1553 592 1606 αὐτόν,
624 1557 691 1596 καὶ
717 1556 786 1596 τὸν
806 1557 931 1597 ἵππον
957 1550 1080 1604 αὖθις
1107 1555 1323 1610 ἀναθορεῖν
1350 1551 1539 1602 διαύλους
1564 1553 1609 1594 τέ
1631 1569 1692 1594 τι-

238 1636 311 1670 νας
337 1625 464 1678 σχολῇ
488 1628 692 1665 ποιεῖσθαι
719 1624 787 1680 ἐφ’
817 1621 952 1665 ἱκανόν
965 1655 978 1674 ,
1018 1624 1093 1672 ἕως
1125 1621 1203 1677 ἤδη
1240 1622 1522 1678 σφοδροτέρων
1547 1619 1750 1663 αῗσθό-ΞΟ

237 1701 358 1742 μενος
382 1694 462 1731 τῶν
489 1691 642 1733 ὀδυνῶν
680 1693 742 1733 ἐπὶ
781 1692 853 1746 τὴν
891 1693 1025 1745 κλίνην
1050 1685 1166 1746 ἦλθε.
1234 1690 1279 1732 τὸ
1307 1692 1331 1731 δ
1339 1690 1351 1705 ²
1381 1690 1564 1731 ἐντεῦθεν
1590 1687 1705 1731 οὕτω-

186 1760 221 1796 D
246 1757 296 1811 δὴ
323 1762 396 1799 τοῦ
421 1757 582 1809 πάθους
606 1759 750 1814 ἥττητο
761 1792 774 1811 ,
809 1758 864 1809 ὡς
889 1761 931 1801 ἐκ
956 1764 1027 1814 τῆς
1051 1760 1326 1815 περιχεθείσης
1351 1757 1472 1799 αὐτὸν
1485 1755 1571 1799 τότε
1586 1756 1696 1798 ἀθυ-

240 1826 339 1879 μίας
364 1829 414 1882 τῇ
440 1824 632 1886 ὑστεραία
658 1830 858 1882 μηδεμίαν
895 1832 975 1870 τῶν
1001 1826 1089 1870 τότε
1115 1827 1391 1882 λελαληλιιένων
1416 1824 1441 1880 ἢ
1467 1825 1698 1882 πεπραγμέ-

237 1910 318 1935 νων
341 1892 503 1951 μνήμην
530 1896 652 1951 ἴσχειν
678 1895 779 1940 τινά.
848 1901 967 1938 τοῦτο
1006 1897 1078 1950 μὲν
1105 1895 1154 1950 δὴ
1181 1899 1360 1938 τοιοῦτον
1395 1894 1542 1950 ἐγένετο
1555 1925 1570 1946 ,
1604 1892 1625 1936 ὃ
1653 1894 1697 1936 δὲ

332 1990 364 2023 1.
389 1986 656 2035 αὐανθείσαις]
680 1991 735 2024 Ita
753 1991 840 2026 Duc.
887 1990 973 2024 cod.
996 1987 1250 2030 οἶνανθείσαις.

239 2066 390 2111 retisque
414 2067 446 2101 in
469 2068 601 2103 modum
625 2068 715 2102 inter
729 2080 767 2103 se
784 2069 941 2103 connexis
962 2068 1184 2114 intercipitur.
1229 2067 1290 2101 dat
1303 2078 1386 2102 vero
1402 2077 1536 2112 operam
1551 2068 1696 2111 utraque

238 2121 319 2156 pars
335 2117 373 2145 ut
389 2113 478 2146 ultra
492 2114 630 2147 alteram
647 2119 745 2148 antea
760 2115 930 2148 definitam
955 2121 1074 2148 metam
1099 2114 1192 2159 prior
1211 2114 1352 2158 quisque
1367 2113 1464 2158 pilam
1479 2112 1696 2147 transmittat.

240 2168 314 2190 cum
342 2158 427 2193 enim
451 2158 485 2191 in
510 2159 709 2194 alterutram
724 2166 846 2194 metam
862 2160 1049 2194 reticuiatis
1062 2160 1168 2204 virgis
1185 2159 1249 2204 pila
1263 2159 1515 2200 transmittitur,
1543 2157 1578 2190 id
1603 2157 1695 2202 parti

239 2202 339 2236 alteri
368 2214 430 2248 pro
460 2203 604 2238 victoria
635 2211 697 2239 est.
744 2206 932 2240 huiusmodi
961 2206 1091 2251 quidem
1117 2211 1169 2239 est
1183 2205 1280 2238 ludus
1294 2205 1381 2246 iste,
1409 2204 1515 2248 lapsui
1530 2203 1694 2237 obnoxius

238 2247 339 2295 plane
354 2260 395 2282 ac
411 2250 630 2294 periculosuS.
676 2262 814 2285 necesse
835 2252 960 2296 quippe
975 2257 1026 2285 est
1040 2257 1078 2285 ut
1092 2252 1148 2298 qui
1163 2251 1196 2285 in
1212 2262 1252 2284 eo
1268 2261 1304 2284 se
1319 2255 1456 2283 exercet
1470 2259 1543 2282 sese
1557 2248 1694 2293 supinet

239 2293 399 2327 continuo
426 2295 527 2339 inque
554 2296 641 2328 latus
662 2302 842 2340 utrumque
866 2298 1037 2339 flectatur,
1069 2303 1106 2330 ut
1121 2297 1155 2330 in
1172 2297 1286 2330 orbem
1301 2306 1419 2339 equum
1439 2294 1644 2338 circumagat
1659 2297 1694 2328 et

239 2339 356 2373 varios
371 2340 511 2375 subinde
526 2341 677 2374 instituat
693 2353 809 2375 cursus
826 2343 1031 2386 totidemque
1047 2348 1173 2385 motus,
1200 2346 1282 2386 quot
1295 2341 1392 2385 pilam
1409 2340 1522 2372 facere
1537 2339 1695 2383 contige-

240 2384 307 2418 rit=
341 2389 444 2430 atque
471 2386 535 2420 hoc
561 2397 599 2420 se
619 2386 718 2420 modo
744 2387 845 2420 habet
868 2388 1062 2422 exercitium
1083 2387 1183 2421 istud.
1232 2387 1308 2420 dum
1323 2386 1424 2429 igitur
1438 2385 1594 2429 princeps
1610 2385 1693 2419 miro

242 2430 388 2476 quodam
413 2431 511 2466 modo
531 2432 566 2465 in
593 2443 632 2466 eo
657 2443 732 2466 sese
755 2433 1013 2476 circumageret,
1043 2433 1166 2467 accidit
1189 2437 1228 2466 ut
1248 2443 1314 2476 quo
1338 2431 1524 2464 vehebatur
1539 2441 1645 2475 equus
1659 2430 1695 2465 in

240 2479 364 2512 terram
379 2481 472 2510 totus
488 2481 673 2511 corrueret.
721 2489 860 2523 cumque
880 2478 936 2511 ille
954 2480 1072 2512 subter
1086 2479 1213 2512 effusus
1228 2487 1344 2520 magno
1360 2476 1494 2521 labore,
1523 2480 1561 2509 ut
1574 2487 1610 2509 se
1627 2475 1695 2509 eri-

241 2527 342 2565 geret
363 2533 383 2555 a
406 2533 488 2556 casu
509 2523 594 2567 isto,
625 2523 852 2564 anniteretur,
882 2535 945 2557 nec
970 2535 1090 2568 equum
1111 2529 1183 2557 toto
1199 2523 1247 2556 uti
1263 2521 1422 2561 diximus,
1451 2521 1694 2556 incumbentem

241 2577 386 2610 corpore
401 2579 575 2602 removere
590 2573 721 2614 posset,
752 2570 859 2603 femur
880 2580 1077 2615 manumque
1087 2596 1097 2612 ,
1127 2570 1204 2603 dum
1220 2569 1280 2602 sub
1295 2568 1378 2601 sena
1393 2567 1539 2611 equestri
1553 2567 1695 2600 interci-

241 2610 397 2656 piuntur.
426 2613 579 2656 graviter
601 2614 718 2648 laesit:
749 2619 911 2660 tantaque
933 2615 968 2648 id
992 2615 1111 2649 malum
1133 2613 1319 2648 constantia
1346 2612 1503 2657 pertulit,
1533 2618 1572 2646 ut
1587 2623 1695 2657 quau-

241 2657 365 2691 tumvis
390 2657 511 2691 letales
537 2663 712 2704 pateretur
739 2660 894 2702 dolores,
926 2665 961 2694 et
985 2660 1157 2694 confestim
1184 2658 1384 2699 surrexerit,
1415 2657 1524 2691 multis
1539 2669 1612 2692 eum
1628 2657 1694 2692 iam

243 2701 535 2737 circumstantibus
545 2730 556 2746 ,
587 2708 622 2739 et
645 2705 879 2739 conscenderit
892 2716 1005 2739 rursus
1020 2717 1140 2748 equum
1155 2715 1335 2748 cursusque
1350 2702 1479 2747 aliquot
1495 2704 1580 2736 citra
1594 2703 1693 2737 labo-

242 2758 314 2782 rem
329 2747 468 2782 fecerim
499 2748 608 2783 donec
623 2761 804 2793 augescere
819 2751 953 2784 dolores
974 2750 1162 2795 percipiens
1176 2749 1219 2782 ad
1234 2749 1354 2783 lectum
1370 2749 1504 2782 tandem
1519 2760 1594 2783 sese
1609 2759 1691 2782 con·

241 2793 330 2829 tulit.
376 2793 535 2838 deinceps
560 2806 641 2828 vero
659 2795 708 2828 ita
731 2796 841 2829 crevit
863 2795 1004 2839 malum,
1033 2800 1071 2828 ut
1093 2807 1135 2829 ex
1160 2794 1259 2829 animi
1274 2794 1420 2839 deliquio
1439 2794 1517 2828 nihil
1532 2794 1694 2840 postridie

240 2850 356 2876 eorum
371 2849 457 2887 quae
472 2839 625 2884 dixerat,
654 2844 713 2875 aut
737 2841 888 2883 fecerat,
918 2840 1164 2876 recordaretur.
1210 2839 1246 2876 id
1267 2840 1398 2887 quidem
1415 2839 1601 2876 huiusmodi
1614 2839 1691 2875 fuit.
