1878 3262
638 175 1033 224 fflsromARum
1065 178 1115 222 L.
1139 176 1219 222 vi.
1456 155 1460 157 ’
1559 174 1659 223 289

199 293 296 345 τοὺς
325 293 475 344 παῖδας
511 290 755 350 ἐνεχυράζει,
797 293 966 350 χρυσίον
1002 310 1045 336 τε
1083 289 1189 336 οὕτω
1221 289 1482 346 κεκομισμὲνη
1518 287 1658 349 ἁδρόν,

199 362 398 416 πέμψασα
424 361 536 419 παρὰ
560 362 632 416 τὴν
657 361 773 404 πόλιν
797 360 942 416 ἐδήλου
975 365 1147 418 θαρσεΐν
1168 364 1242 404 τοῦ
1275 364 1419 402 λοιποῦ
1442 361 1545 414 μηδὲ
1571 365 1657 410 τοῖς

198 431 402 485 πολεμίοις
424 429 592 480 ἑαυτοὺς
612 427 964 487 καταπροδιδόναι.
1023 429 1256 485 ,Ἀγκωνῒται
1294 430 1426 471 τοίνυν
1463 427 1519 478 ὥς
1556 426 1652 470 ἐπύ-
1674 425 1704 461 Ρ
1731 428 1797 465 169

197 503 323 541 θοντο
349 503 502 550 ταῦτα,
538 496 823 556 ἀνεθάρσησάν
851 515 893 540 τε
927 497 994 540 καὶ
1027 504 1111 547 τοῒς
1133 498 1337 551 πολεμιόις
1358 498 1548 547 ἐπεξιέναι
1575 499 1659 539 διε,

164 571 377 610 ὄνοοῦντο.
446 567 538 609 ἀλλ’
562 568 699 609 ἐκεῖνοι
720 564 878 623 γνόντες
897 564 1382 622 μετεστρατοπεδεύσαντο
1406 565 1563 607 αὐτίκα.
1615 566 1658 608 ἐν

195 634 327 694 τούτῳ
362 636 406 678 δὲ
438 638 504 678 καὶ
534 633 560 691 ἡ
598 635 820 692 στρατηγὸς
845 635 968 690 ἐκείνη
995 634 1191 676 ἐπιστᾶσα
1215 638 1266 690 τῇ
1291 632 1401 676 πόλει
1419 634 1657 688 Ἀγκωνίτας

195 709 255 761 τῷ
278 703 423 759 ἑαυτῆς
449 705 634 759 ἀνεμίγνυ
661 708 846 761 στρατῷ,
888 706 1118 760 προσβολῆς
1141 719 1183 744 τε
1209 702 1420 757 γενομένης
1438 702 1658 756 Ἀλαμανοὶ

194 772 269 827 τὴν
305 771 434 830 ὁρμὴν
465 772 540 826 οὐχ
568 769 842 827 ὗπενεγκόντες
866 770 1032 828 ἔφευγον
1055 770 1133 812 ἀπὸ
1154 771 1375 825 γυναικείου
1402 769 1657 825 στρατεύμα-

194 857 265 890 τος
298 839 473 890 πολλούς
507 857 549 882 τε
585 838 718 882 αὖτῶν
753 838 1015 894 ἀπεβάλοντο.
1082 838 1168 892 ἥλω
1207 838 1248 880 δ’
1288 836 1338 879 ἂν
1366 842 1515 894 μικροῦ
1539 841 1606 879 καὶ
1633 836 1656 880 ὃ

140 916 186 951 10
197 909 418 965 στρατηγὸς
444 906 595 965 ἱερεύς,
643 911 678 951 εἶ
709 908 768 963 μὴ
802 911 911 964 φυγῇ
945 907 1019 962 τὴν
1048 908 1248 963 σωτηρίαν
1274 906 1494 960 ἐξέκλεψεν.
1562 904 1589 960 ἡ
1613 906 1658 948 δὲ

194 978 257 1018 ἐπὶ
276 978 514 1027 Οὐεννέτους
533 974 724 1034 ἐτράπετο
747 975 826 1019 ἀπὸ
846 974 1062 1030 θαλάσσης
1082 974 1268 1031 καθάπερ
1292 974 1444 1030 εἴρηται
1469 978 1520 1030 τῇ
1544 972 1658 1016 πόλει

194 1045 513 1100 ἐγκαθημένους,
559 1044 671 1101 μάχῃ
697 1062 738 1087 τε
762 1046 829 1086 καὶ
857 1044 990 1086 αὐτῶν
1015 1044 1293 1101 περιγενομένη
1318 1040 1477 1099 ἐπανῄει
1500 1043 1562 1083 ἐπὶ
1584 1042 1657 1097 τὴν

193 1112 330 1166 πόλιν,
371 1112 568 1170 εὐφήμοις
589 1120 743 1170 φωναῖς
763 1113 936 1166 βασιλέα
966 1113 1091 1168 μέγαν
1116 1112 1348 1165 ἀναβοῶσα.
1416 1109 1436 1151 ὃ
1463 1111 1507 1152 δὲ
1530 1115 1654 1164 βασι-
1674 1108 1706 1143 Β

192 1181 284 1231 λεὺς
308 1181 410 1238 πρὸς
435 1186 485 1239 τῇ
515 1183 801 1238 Φιλαδέλφου,
836 1179 1024 1236 καθάπερ
1050 1180 1176 1237 ἴφην,
1212 1177 1655 1236 ἐνστρατοπεὸευσάμε-

138 1255 182 1292 15
194 1266 263 1300 νος
296 1250 501 1292 ἐσκέπτετο
537 1254 622 1300 πῶς
661 1249 710 1291 ἂν
742 1247 976 1304 εὐμηχάνως
1011 1248 1187 1306 ἀφιστᾶν
1214 1246 1399 1302 ἀλλήλων
1424 1247 1519 1297 τοὺς
1545 1249 1655 1304 εἴρη-

188 1319 335 1372 μένους
359 1323 438 1360 τῶν
461 1316 686 1375 βαρβάρων
709 1318 819 1374 αὐτῷ
841 1318 1005 1372 γένοιτο.
1074 1317 1141 1358 καὶ
1168 1316 1218 1371 δὴ
1243 1315 1355 1372 παρὰ
1381 1315 1450 1357 τὸν
1474 1317 1651 1358 Λυκαο-
1674 1315 1709 1352 V
1733 1318 1801 1355 132

189 1388 278 1436 νίας
302 1386 470 1440 πέμψας
504 1386 678 1428 σουλτὰν
699 1386 871 1437 ὥνείδιζέ
890 1402 931 1427 τε
957 1389 1029 1440 τῆς
1055 1386 1110 1434 εἷς
1137 1384 1258 1426 αὐτὸν
1283 1384 1471 1433 ἀπιστίας
1492 1386 1560 1426 καὶ
1582 1384 1657 1439 τὴν

189 1456 323 1497 αἰτίαν
349 1453 672 1506 ἀνεπυνθάνετο,
708 1455 767 1496 δι’
801 1454 850 1508 ἢν
886 1452 990 1495 οὕτω
1005 1451 1219 1506 Ῥωμαίοις
1248 1451 1405 1509 ἀθρόον
1427 1453 1658 1506 ἐκπολεμω-

187 1524 297 1578 θείη.
366 1520 387 1564 ὃ
424 1523 467 1564 δὲ
504 1522 610 1564 ἄλλα
649 1540 690 1565 τε
723 1525 935 1578 προΐσχετο
969 1520 1101 1562 πολλὰ
1131 1523 1199 1562 καὶ
1229 1524 1360 1574 χολᾶν
1382 1520 1494 1577 αὐτῷ
1517 1521 1587 1563 τὸν
1613 1522 1656 1574 ἐν

133 1593 328 1648 Ξοσφίσιν
354 1589 458 1646 ἔλεγε
480 1590 680 1648 Χαλιφιὶν
706 1590 779 1633 εἴτ’
808 1585 878 1632 οὗν
900 1589 1028 1645 μέγαν
1065 1589 1167 1646 παρ’
1210 1589 1347 1638 αὐτοῖς
1380 1587 1568 1645 ἀρχιερέα
1593 1589 1657 1631 ἐπὶ

187 1663 380 1702 τοσοῦτον
400 1659 478 1714 ἤδη
499 1657 713 1713 Ῥωμαίοις
736 1658 977 1715 συγκειμένῳ
1000 1657 1104 1699 κατὰ
1126 1657 1171 1699 τὸ
1196 1659 1343 1714 φίλιον.
1382 1660 1512 1699 ταῦτα
1531 1658 1656 1712 λέγων

187 1727 284 1777 τούς
328 1727 515 1783 πρέσβεις
553 1725 783 1784 ἀπράκτους
820 1727 1090 1780 ἀπέπεμψενή
1127 1723 1148 1768 ὅ
1189 1727 1232 1767 δὲ
1269 1724 1461 1780 βασιλεὺς
1500 1724 1655 1767 τούτων

189 1793 368 1845 ἀκούσας
390 1797 457 1837 καὶ
483 1796 650 1856 δευτέρα
671 1796 863 1856 πρεσβεία
888 1798 1030 1837 τοῦτον
1054 1793 1276 1849 ἀμείβεται,
1302 1794 1526 1843 ἐπιστείλας
1545 1793 1657 1851 αὐτῷ

280 1924 316 1959 8.
340 1919 443 1969 ἀπὸ]
466 1919 574 1960 zinci?

186 2036 312 2071 liberos
328 2036 429 2071 etiam
445 2047 524 2071 suos
541 2035 799 2083 oppigneravit,
823 2039 929 2082 atque
949 2034 998 2071 ita
1019 2034 1180 2071 maiorem
1194 2032 1412 2081 pecuniarum
1426 2032 1558 2080 copiam
1571 2033 1653 2069 ade-

187 2086 266 2129 pta,
291 2082 398 2116 missis
415 2082 450 2116 in
466 2084 582 2118 urbem
596 2083 742 2127 nuntiis,
767 2087 805 2117 ut
824 2083 914 2117 bono
937 2083 1097 2127 deinceps
1120 2086 1232 2116 essent
1253 2081 1361 2115 animo
1385 2092 1475 2115 neve
1490 2092 1528 2115 se
1543 2081 1653 2115 hosti-

187 2130 251 2162 bus
267 2127 430 2162 dederent
445 2129 583 2163 hortata
598 2134 662 2164 est.
709 2129 832 2174 quibus
855 2128 1005 2173 acceptis
1030 2139 1244 2173 resumpsere
1269 2127 1396 2161 animos
1413 2126 1601 2160 Anconitae
1616 2130 1654 2160 et

185 2173 221 2207 in
237 2174 352 2208 hostes
369 2174 556 2219 irrumpere
571 2178 736 2209 statuere.
783 2174 846 2208 sed
868 2174 933 2207 hoc
961 2185 1002 2208 eo
1020 2173 1154 2218 cognito
1170 2177 1262 2206 retro
1280 2176 1395 2207 castra
1411 2172 1588 2206 confestim
1606 2171 1653 2205 illi

187 2224 376 2257 moverunt.
422 2220 511 2254 inter
537 2221 623 2254 haec
643 2220 840 2265 imperatrix
865 2220 933 2253 ista
957 2223 1037 2254 ante
1052 2219 1167 2253 urbem
1182 2218 1370 2252 consistens
1387 2219 1567 2252 Anconitas
1582 2218 1653 2251 suis

186 2264 366 2300 immiscuit
387 2266 509 2311 copiis:
540 2266 694 2310 initoque
721 2265 904 2300 certamine
918 2264 1112 2307 Alemanni,
1137 2275 1211 2298 cum
1226 2264 1385 2309 impetum
1401 2264 1570 2297 sustinere
1585 2274 1654 2296 non

185 2312 328 2364 possent
339 2336 350 2353 ‚
382 2323 404 2345 a
418 2311 575 2345 feminino
592 2311 742 2345 exercitu
758 2312 941 2355 fugantur,
972 2310 1079 2344 caesis
1094 2321 1208 2344 eorum
1223 2320 1321 2354 quam
1346 2308 1514 2354 plurimis:
1547 2312 1655 2352 atque

187 2367 262 2401 lpse
284 2368 396 2402 prope
423 2357 458 2391 in
484 2358 626 2391 hostium
648 2368 765 2391 manus
790 2356 940 2390 venisset
964 2356 1032 2390 dux
1049 2356 1248 2401 episcopus,
1282 2355 1317 2389 ni
1331 2355 1416 2399 fuga
1430 2355 1495 2388 sibi
1510 2354 1652 2388 salutem

189 2402 411 2436 conciliasset.
459 2407 529 2437 tum
555 2414 639 2437 vero
664 2402 698 2435 in
723 2403 894 2444 Venetos,
926 2401 983 2446 qui
1009 2413 1028 2435 e
1052 2401 1158 2443 mari,
1189 2406 1228 2434 ut
1250 2412 1354 2446 supra
1374 2400 1540 2442 diximus,
1575 2399 1654 2432 urbi

187 2446 421 2490 imminebant,
454 2460 532 2483 sese
553 2448 737 2489 convertit,
767 2448 877 2492 iisque
902 2447 1028 2492 praelio
1055 2446 1232 2481 debellatis
1257 2446 1292 2479 in
1317 2446 1488 2479 civitatem
1510 2454 1654 2479 reversa

189 2497 260 2536 est,
291 2494 389 2528 laetis
403 2504 557 2538 magnum
571 2494 804 2539 imperatorem
821 2492 1116 2527 acclamationibus
1133 2497 1327 2537 prosecuta.
1366 2489 1524 2536 princeps
1540 2495 1651 2524 autem

187 2537 329 2581 locatis,
359 2539 408 2573 uti
434 2545 607 2574 narratum
632 2544 704 2583 est,
729 2539 772 2573 ad
788 2538 1052 2583 Philadelphiam
1076 2537 1220 2578 castris,
1251 2536 1285 2570 id
1307 2541 1419 2571 mente
1441 2536 1652 2581 potissimum

189 2583 363 2627 agitabat,
394 2596 461 2630 qua
476 2585 606 2620 demum
623 2590 697 2620 arte
711 2585 877 2618 barbaros
892 2585 935 2617 ab
951 2595 987 2617 se
1004 2583 1147 2617 invicem
1163 2581 1352 2617 divelleret.
1392 2593 1433 2616 ac
1447 2582 1554 2627 primo
1569 2581 1652 2616 mis-

188 2628 235 2661 sis
250 2629 292 2662 ad
308 2629 500 2673 Lycaoniae
514 2632 691 2665 Sultanum
707 2630 850 2674 legatis,
884 2629 1060 2675 perfidiam
1083 2628 1130 2663 illi
1150 2628 1291 2670 obiecit,
1318 2631 1354 2662 et
1370 2638 1430 2661 cur
1445 2627 1494 2662 sic
1508 2633 1652 2673 repente

188 2673 349 2707 Romanis
371 2675 406 2709 in
432 2676 563 2711 hostem
586 2688 706 2712 versus
732 2680 846 2720 esset,
877 2678 1118 2720 percunctatus
1144 2678 1205 2708 est.
1251 2673 1308 2708 ille
1337 2677 1450 2707 autem
1481 2677 1552 2707 tum
1583 2673 1652 2707 alia

189 2719 292 2753 multa
311 2722 500 2767 protendit,
532 2726 602 2757 tum
628 2723 751 2757 iratum
774 2733 869 2756 suum
891 2721 954 2755 sibi
979 2731 1054 2754 esse
1072 2719 1167 2754 Chali
1193 2719 1268 2753 ham
1291 2719 1364 2753 sive
1387 2730 1546 2753 summum
1561 2717 1652 2763 apud

189 2775 250 2798 eos
266 2765 478 2812 pontificem,
508 2768 598 2813 quod
614 2768 743 2802 tamdiu
766 2767 984 2802 amicitiarum
1010 2765 1150 2800 foedere
1198 2765 1325 2800 omanis
1345 2765 1554 2808 iungeretur.
1599 2763 1650 2795 his

189 2809 286 2844 dictis
311 2810 444 2853 legatos
465 2813 574 2849 rebus.
588 2813 723 2850 infectis
745 2813 888 2849 remisit.
935 2818 1005 2848 tum
1020 2823 1102 2847 vero
1117 2811 1323 2858 imperator,
1353 2814 1393 2845 ut
1406 2811 1492 2845 haec
1504 2807 1650 2853 accepit,

250 2863 445 2898 Cinnamus.
1322 2861 1375 2901 19
