1878 3262
557 186 1101 240 COMMENTARIORUM
1131 194 1250 243 L.'1.
1293 240 1301 243 -
1571 203 1634 251 31

170 295 331 354 ἔγγιστα
358 304 436 342 τοῦ·
461 301 582 353 Βαᾶς
611 308 951 362 στρατοπεδεῦσαι
975 309 1114 366 ἤθελε.
1182 314 1324 366 δεδιώς
1348 316 1394 359 δὲ
1411 314 1636 373 Ῥωμαίους

169 368 461 423 ἔγκρατοῦντας
481 370 571 414 ’τότε
596 372 768 429 Μηδίας
791 377 1051 433 πρεσβεύεται
1078 381 1180 438 πρὸς
1200 383 1270 425 τὸν
1300 390 1374 440 τῆς
1391 386 1533 444 χώρας
1555 388 1633 447 ἄρ-
1653 398 1685 435 Β

163 451 291 488 χσντα
321 432 400 491 (ἦν
421 440 465 481 δὲ
485 439 573 483 τότε
594 445 767 498 Μηδίας
792 445 928 502 ἄρχων
950 450 1161 505 Στέφανος
1180 450 1202 494 ὃ
1224 454 1534 499 Κωνσταντίνου
1559 463 1635 500 τοῦ

166 506 594 560 παραδυναστεύοντος
613 516 672 570 τῷ
691 511 778 555 τότε
799 518 983 567 βασιλεῖ’,
1013 517 1060 559 ὃν
1081 521 1148 560 καὶ
1169 523 1421 566 Λεικουδιάν
1447 524 1633 579 ἐκάλουν,

132 575 331 628 ὅθεῖος),
368 575 490 625 ἀξιῶν
528 585 847 636 συγχωρηθῆναί
878 584 917 626 οἳ
949 585 1035 640 τὴν
1053 589 1190 631 δίοδον
1220 593 1287 632 καὶ
1316 590 1635 649 ὑπισχνούμενος

164 640 380 695 ἄψαυστον
402 647 469 687 καὶ
493 647 611 703 ἀσινῆ
629 649 702 704 τὴν
721 650 863 708 χώραν
882 655 1137 711 διατηρῆσαι.
1206 657 1228 700 ὃ
1251 661 1294 701 δὲ
1313 668 1397 712 τοῖς
1417 664 1633 719 πρέσβεσιν

162 711 338 764 ἐντυχών
357 716 424 755 καὶ
443 715 516 769 τὴν
537 717 790 773 παράκλησιν
808 723 958 764 δειλίαν
972 721 1070 765 εἶναι
1089 723 1351 780 ὖποτοπάσας
1361 763 1374 782 ,
1409 732 1480 773 τὸν
1503 731 1632 789 ἐγχώ-

161 796 248 834 ριον
283 781 485 837 ἀθροίσας
516 787 690 842 στρατὸν
720 789 943 843 συμβάλλει
972 799 1056 842 τοῖς
1087 794 1288 852 Tei-92:019
1314 799 1632 856 ἀπειροπόλεμος

159 847 216 889 ὢν
247 850 613 907 ἐμπειροπολέμοις.
682 859 749 899 καὶ
779 861 906 913 μηδέν
936 877 975 902 τι
1005 861 1117 912 ἄξιον
1148 863 1268 920 λόγου
1304 869 1632 924 διαπραξάμενος

104 920 150 954 10
160 914 329 970 ἡττᾶται
352 918 438 974 ἅμα
460 927 511 978 τῇ
531 929 743 981 συμβολῇ,
773 929 840 969 καὶ
864 930 1052 972 πίπτουσι
1074 933 1148 986 μὲν
1162 936 1301 988 συχνοὶ
1314 935 1627 992 τιῦνῬωμαίων,

157 983 264 1028 ἑάλω
296 988 339 1028 δὲ
374 991 441 1031 καὶ
469 991 603 1042 αὐτός.
672 994 776 1037 ἀλλὰ
795 1001 938 1039 τοῦτον
958 1000 1032 1052 μὲν
1058 999 1078 1042 ὃ
1103 1003 1396 1058 Κουτλουμοῦς
1417 1006 1627 1062 γενόμενος
1648 1017 1681 1052 C

156 1055 261 1096 κατὰ
286 1055 357 1098 τὸν
382 1060 545 1114 Βρίζιον
575 1061 815 1116 ἅπεμπολεῖ,
852 1067 976 1117 αὐτὸς
997 1069 1042 1110 δὲ
1063 1069 1165 1126 πρὸς
1184 1071 1253 1113 τὸν
1279 1074 1500 1117 σουλτάνον
1523 1079 1626 1120 ἐπα-

154 1123 312 1166 νελθών
346 1126 599 1184 ἀπολογεῖται
630 1132 703 1184 μὲν
731 1139 822 1190 περὶ
854 1140 927 1189 τῆς
960 1140 1172 1193 στρατείας
1181 1172 1193 1190 ,
1222 1138 1278 1193 ὡς
1305 1143 1346 1183 ἐν
1376 1143 1544 1203 παρόδῳ
1579 1147 1624 1188 δὲ

154 1191 367 1249 ἅφηγεῖται
391 1198 458 1237 καὶ
482 1197 532 1239 τὰ
555 1201 644 1256 περὶ
667 1206 739 1255 τῆς
761 1205 955 1257 Μηδίας,
991 1204 1046 1256 ὡς
1079 1207 1137 1262 εἴη
1168 1209 1243 1262 μὲν
1261 1209 1381 1267 χώρα
1402 1211 1624 1271 πάμφορος

97 1268 143 1303 15
154 1262 359 1315 κατέχεται
382 1265 426 1306 δὲ
446 1264 524 1307 ὑπὸ
547 1274 757 1322 γυναικῶν,
783 1272 878 1322 τοὺς
899 1274 1206 1329 πολεμήσαντας
1229 1279 1331 1335 πρὸς
1350 1280 1474 1323 αὐτὸν
1494 1300 1622 1339 στρα-

150 1329 298 1380 τιώτας
320 1330 659 1388 ὗπαηνιττόμενος.
726 1338 884 1390 τούτοις
907 1350 990 1392 τοῖς
1009 1343 1142 1399 λόγοις
1165 1344 1186 1387 ὃ
1203 1347 1424 1399 σουλτάνος
1444 1352 1620 1408 ἐπιρρω-

149 1400 267 1448 σθεὶς
292 1398 463 1454 δύναμιν
488 1404 591 1446 κατὰ
606 1403 816 1459 ιΡωμαίων
835 1410 1022 1463 ἐκπέμπει
1045 1413 1152 1470 ἀμφὶ
1174 1415 1247 1465 τὰς
1268 1417 1390 1460 εἴκοσι
1412 1419 1618 1473 χιλιάδας,

149 1469 374 1523 στρατηγὸν
400 1471 617 1527 ἐπιστήσας
642 1475 746 1532 αὐτῇ
771 1477 840 1518 τὸν
865 1478 1147 1536 ἄδελφόπαιδα
1164 1483 1287 1526 Ἀσὰν
1310 1486 1380 1528 τὸν
1406 1487 1617 1544 λεγόμενον

147 1535 326 1593 Κωφόν,
356 1539 586 1594 ἐπισκήψας
608 1543 719 1601 αὐτῷ
739 1545 812 1599 τὴν
832 1549 1025 1603 ταχίστην
1046 1551 1259 1607 ἐφικέσθαι
1280 1556 1348 1596 καὶ
1374 1556 1448 1610 τὴν
1468 1560 1617 1612 Mn&-

90 1603 222 1658 ξοκήν
234 1599 255 1656 ,λ
275 1608 311 1648 εἴ
330 1606 389 1661 μὴ
408 1613 664 1667 προσχωροίη
689 1614 801 1670 αὐτῷ’
812 1646 826 1666 ,
853 1617 1205 1673 προσκτήσασθαι.
1241 1623 1394 1666 ἐκεῖθεν
1416 1630 1490 1667 τοῦ
1514 1627 1618 1683 πρὸς

139 1670 364 1727 Ῥωμαίους
402 1679 580 1732 πολέμου
618 1681 655 1722 οἶ
692 1686 870 1740 Τοῦρκοι
906 1685 1123 1743 ἀρξάμενοι
1153 1692 1376 1734 διετέλεσαν
1399 1695 1519 1751 μέχρι
1544 1700 1618 1751 τῆς

235 1806 269 1839 2.
313 1803 601 1854 ἐγκρατοῦντας]
644 1811 700 1846 lta
736 1814 854 1859 scripsi
889 1828 952 1861 pro
985 1815 1245 1861 ἐκκρατοῧντα.
1293 1822 1335 1857 Ρ.
1371 1826 1615 1866 κρατοῦντας.

234 1851 269 1885 3.
296 1846 418 1895 ἅρχων
442 1853 639 1898 Στέφανος
663 1854 683 1892 ὁ
708 1861 1012 1907 Κωνσταντίυου]
1050 1866 1088 1899 Ρ.
1112 1862 1236 1910 ἅρχων
1262 1865 1282 1902 ὁ
1307 1871 1502 1913 πατρίκιος
1520 1870 1616 1906 Στέ-

234 1907 358 1976 (ἔαυθος
379 1900 674 1989 Ιῖωιὲσταντίνου.
721 1905 810 1943 Cod.
834 1903 956 1951 ἅρχων
978 1908 1176 1954 Στέφανος
1195 1912 1258 1948 καὶ
1278 1910 1297 1949 ὁ
1317 1916 1612 1959 Κωνσταντῖνος.

259 1966 269 1976 .
324 1954 399 1983 ειος
478 1971 488 1980 .
512 1958 608 1987 νιος.

142 2058 255 2089 mstra
270 2056 387 2091 voluit.
435 2060 563 2094 veritus
578 2065 689 2097 autem
705 2064 875 2101 Romanos
894 2068 1084 2103 obtinentes
1099 2072 1170 2104 tum
1185 2071 1331 2107 Mediam
1341 2101 1351 2118 ‚
1381 2076 1518 2121 legatos
1530 2078 1611 2113 mit-

141 2101 186 2134 tit
199 2102 241 2135 ad
258 2108 448 2147 praetorem
466 2108 669 2151 provinciae.
717 2116 792 2144 erat
813 2113 842 2146 is
862 2115 1022 2158 patn’cius
1038 2117 1232 2162 Stephanus
1248 2119 1463 2157 Constantini
1479 2124 1609 2159 Lichu-

141 2146 217 2180 diae
231 2150 475 2192 cognominati,
493 2153 550 2196 qui
567 2155 740 2198 plurimum
757 2159 845 2202 apud
861 2165 940 2193 tunc
955 2161 1173 2206 imperantem
1190 2170 1343 2211 poterat,
1358 2168 1457 2202 filius.
1505 2176 1606 2216 pete-

139 2192 199 2226 bat
214 2193 339 2237 legatio
356 2195 501 2230 Cutlumi
517 2199 655 2234 liberum
670 2204 867 2249 transitum,
896 2206 1056 2250 pollicens
1071 2208 1238 2243 innoxium
1255 2213 1340 2246 fore.
1390 2221 1526 2259 praetor
1541 2228 1604 2251 au·-

91 2273 94 2276 ,
139 2237 211 2272 dita
234 2241 479 2285 supplicatione
503 2243 688 2288 legatorum
712 2260 756 2282 ex
778 2251 981 2285 conscientia
1003 2253 1185 2288 debilitatis
1200 2257 1396 2294 modestiam
1413 2273 1488 2295 esse
1502 2262 1603 2298 istam

138 2283 383 2330 interpretans,
417 2289 521 2334 copiis
545 2293 740 2335 provinciae
766 2298 966 2340 contractis,
995 2303 1122 2333 temere
1146 2301 1245 2335 homo
1267 2303 1535 2350 imperitissimus
1550 2310 1602 2343 rei

138 2329 281 2364 bellicae
294 2357 304 2373 ‚
334 2335 498 2378 proelium
530 2338 733 2383 praecipitat
761 2352 834 2375 cum
865 2344 1162 2388 experientissimis
1191 2359 1356 2385 armorum
1387 2352 1511 2387 Turcis
1522 2380 1532 2396 ,
1566 2359 1602 2389 et

139 2377 227 2419 quod
255 2385 330 2412 erat
356 2386 614 2416 consentaneum
626 2410 636 2426 ‚
666 2397 705 2419 re
731 2388 876 2430 pessime
891 2395 990 2432 gesta
1003 2391 1114 2424 victus
1130 2397 1183 2426 est
1195 2420 1204 2435 ,
1235 2395 1356 2430 occisis
1374 2398 1600 2434 Romanorum

137 2421 289 2465 plurimis
305 2431 475 2471 captoque
489 2427 563 2472 ipso
580 2429 685 2474 duce,
713 2443 811 2476 quem
827 2435 1020 2478 Cutlumus‚
1049 2449 1122 2470 cum
1138 2438 1279 2474 Brisium
1297 2444 1528 2489 pervenisset,
1551 2445 1599 2480 ibi

77 2467 81 2469 ’
137 2468 307 2514 vendidit,
334 2482 560 2518 reversusque
587 2476 628 2508 ad
652 2477 827 2513 Sultanum
851 2480 1080 2516 infelicitatem
1096 2485 1317 2528 expeditionis
1335 2490 1531 2531 excusavit,
1560 2496 1599 2527 ut

138 2514 266 2556 potuit,
297 2517 472 2562 obiterque
487 2522 629 2554 sermoni
644 2524 844 2559 mentionem
860 2527 1006 2561 intexuit
1020 2529 1157 2562 Mediae
1170 2555 1178 2569 ‚
1209 2542 1306 2574 quam
1323 2545 1398 2567 esse
1414 2535 1528 2570 aiebat
1543 2538 1598 2572 fe-

137 2568 248 2593 racem
274 2563 415 2597 omnium
431 2566 563 2609 frugum
580 2569 811 2614 bonorumque
825 2572 996 2615 regionem
1007 2599 1015 2614 ‚
1048 2585 1067 2607 a
1085 2575 1277 2610 mulieribus
1293 2590 1505 2624 posses-saun
1535 2584 1598 2618 mi-

133 2602 228 2638 litum
253 2606 479 2643 Romanorum
500 2612 545 2646 ibi
567 2613 759 2657 degentium
774 2624 948 2662 expertam
974 2619 1141 2662 ignaviam
1157 2621 1292 2667 oblique
1307 2627 1539 2672 perstringens
1555 2642 1599 2664 eo

136 2649 255 2684 verbo.
301 2653 352 2686 his
379 2656 595 2692 confirmatus
619 2661 802 2705 Sultanus,
835 2665 1014 2697 exercitum
1039 2665 1174 2700 circiter
1195 2668 1316 2712 viginti
1329 2672 1464 2707 millium
1482 2681 1596 2711 contra

136 2694 308 2730 Romanos
331 2700 455 2744 mittit,
486 2703 574 2738 duce
599 2705 648 2739 illi
672 2709 869 2752 praeposito
892 2710 1012 2744 fratris
1037 2711 1108 2744 filio
1127 2714 1261 2756 Anne,
1299 2717 1410 2752 Surdo
1427 2723 1599 2764 cognomi-

135 2746 216 2773 nato
228 2767 239 2784 ‚
269 2742 359 2777 datis
381 2746 430 2779 illi
454 2750 624 2785 mandatis
645 2752 821 2788 adeundae
843 2767 940 2800 quum
956 2756 1097 2801 primum
1110 2757 1264 2801 Mediae,
1296 2767 1334 2796 et
1348 2764 1410 2798 nisi
1427 2771 1545 2810 sponte
1561 2779 1599 2802 se

136 2785 296 2831 dederet,
326 2789 372 2822 viv
385 2793 600 2837 subigendae.
648 2798 697 2831 sic
712 2799 818 2834 Turci
835 2808 1022 2847 coeperunt
1036 2814 1190 2847 pugnare
1213 2818 1289 2840 cum
1304 2808 1484 2853 Romanis,
1517 2823 1596 2846 suc-

135 2842 301 2879 cessuque
319 2834 497 2876 initiorum.
507 2840 614 2878 illecti
637 2843 798 2893 deinceps
818 2858 1004 2895 perrexere
1022 2849 1112 2886 bello
1127 2861 1190 2888 nos
1205 2858 1325 2900 petere
1337 2855 1373 2891 in
1386 2856 1476 2893 huuc
1490 2868 1598 2904 usque
