1878 3262
232 199 327 247 108
654 188 961 242 NIGEPHORI
993 195 1260 240 BRYENNII

176 319 207 354 B
229 311 386 369 τωτάτη
425 315 566 354 πασῶν
597 315 821 367 γυναικῶν,
867 309 960 353 οὐδ’
999 308 1143 353 ἔδωκεν
1175 307 1299 352 ὕπνον
1331 317 1415 362 τοῖς
1451 309 1686 367 ὀφθαλμοῖς

226 381 320 424 οὐδὲ
353 381 582 436 νυσταγμὸν
607 387 692 431 τοῖς
719 377 964 437 βλεφάροις,
1000 378 1093 421 οὐδὲ
1117 376 1339 435 χρημάτων
1371 380 1556 436 ἐφείσατο
1591 379 1680 422 ἴστ’

225 449 277 491 ἂν
296 453 354 506 τῷ
375 451 574 507 καλλίστῳ
596 453 677 491 τῶν
699 452 864 491 νεανιῶν
885 448 958 503 τὴν
979 448 1194 501 καλλίστην
1216 445 1522 501 ἐμνηστεύσατο.
1569 445 1590 489 ὅ
1610 448 1684 501 μὲν

225 512 299 560 οὖν
326 518 459 575 πατὴρ
492 518 594 572 μετὰ
614 518 687 572 τὴν
712 518 927 572 μνηστείαν
946 514 1106 573 βραχύν
1127 533 1215 558 τινα
1230 513 1379 572 χρόνον
1398 516 1575 570 ἐπιβιοὺς
1599 517 1684 558 ἓτε-

225 584 347 628 λεύτα
377 586 444 628 ἐπ’
482 587 660 642 ἀγαθαῖς
689 593 777 637 ταῖς
810 587 938 628 ἐλπίσι
968 585 1041 639 τὴν
1072 582 1268 641 φιλτάτην
1291 585 1418 626 παῖδα
1442 583 1717 631 καταλιπών.5

224 654 317 697 ἀλλ’
348 649 471 705 αὖθις
489 659 602 698 νικᾶν
623 654 789 697 ἐδόκουν
809 654 847 697 οἳ
868 654 1056 709 πονηροί,
1092 655 1159 695 καὶ
1181 651 1202 695 ὃ
1224 650 1354 708 γάμος
1372 647 1416 695 εὗ
1430 654 1683 708 παρετίθετο,

225 727 307 766 τῶν
332 724 512 781 ἀρχῆθεν
532 728 666 766 κακῶν
698 723 1030 780 ἐπεισερχομένων
1051 721 1124 776 τὴν
1144 726 1217 764 τοῦ
1235 722 1434 776 βασιλέως
1457 718 1684 775 ἁπλότητα,-

227 791 333 834 οῧτω
366 793 443 849 γὰρ
479 793 555 848 ἐγὼ
592 796 703 835 καλῶ
735 793 808 847 τὴν
841 793 989 833 ἐκείνου
1021 789 1267 848 κουφότητα.
1349 789 1442 832 ἀλλ’
1476 788 1687 846 ὕπερενίκα

228 859 350 902 πάλιν
371 861 423 903 τὰ
444 866 516 916 τῆς
536 863 746 917 προνοίας,
781 863 847 903 καὶ
869 860 920 902 τὰ
939 864 1012 902 τοῦ
1035 858 1194 916 φθόνου
1219 857 1274 909 ὥς
1296 863 1447 914 σμῆνος
1470 859 1512 900 ἔκ
1533 861 1688 900 καπνοῦ

175 931 206 965 C
226 926 421 986 ὗπεχιόρει
442 933 509 972 καὶ
533 928 727 980 διελύετο,
758 931 825 971 καὶ
846 929 884 970 οἳ
905 932 1038 979 καλῶς
1058 928 1371 983 μνηστευθέντες
1394 928 1486 981 μετ’
1515 927 1562 969 οὗ
1583 925 1685 968 πολὺ
1699 938 1744 973 1ο

228 999 296 1039 καὶ
319 999 484 1054 νυμφιόι
509 999 807 1052 ἀπεδείχθησαν
828 996 1047 1039 κάλλιστοι.
1115 997 1184 1039 τὸν
1205 998 1248 1039 δὲ
1269 995 1417 1053 τρόπον
1438 997 1604 1053 ἐροῦμεν
1623 996 1688 1037 ε’πὶ

226 1065 300 1120 τὴν
322 1066 503 1122 ἀρχῆθεν
525 1067 774 1108 ἀκολουθίαν
797 1064 1095 1122 ἀναδραμόντες
1115 1070 1188 1108 τοῦ
1209 1064 1344 1121 λόγου.

366 1134 411 1179 7.
473 1132 522 1176 ‘O
545 1134 762 1190 Βρυέννιος
781 1133 986 1188 Ἰωάννης,
1022 1128 1070 1176 οὗ
1090 1134 1167 1190 πρὸ
1190 1135 1366 1189 βραχέος
1385 1131 1406 1174 ὃ
1428 1129 1546 1188 λόγος
1565 1128 1688 1186 ε’μνή-

225 1205 313 1256 σθη
328 1234 341 1253 ,
376 1200 482 1259 δρῶν
502 1202 571 1245 τὸν
593 1202 769 1259 ἀδελφὸν
796 1202 851 1244 ἔτι
873 1203 1070 1256 μέλλοντα
1097 1205 1164 1244 καὶ
1196 1200 1467 1255 ἀναδυόμενον
1500 1202 1566 1242 καὶ
1596 1203 1688 1242 δια-

104 1279 137 1314 V
159 1280 204 1316 53
229 1272 374 1327 ὃρᾶναι
405 1268 460 1321 ὥς
490 1269 575 1313 οἷόν
603 1288 643 1313 τε
675 1269 898 1313 σπεύδοντα
931 1269 958 1325 ἢ
989 1273 1045 1320 εἷς
1075 1270 1325 1312 ἀποστασίαν
1353 1273 1561 1326 χωρῆσαι,
1606 1271 1687 1311 ὁεΐν
1699 1276 1742 1311 15

223 1338 343 1397 ᾠήθη
367 1338 673 1396 παρασκευάσαι
698 1344 840 1382 τοῦτον
859 1341 925 1382 καὶ
947 1339 1096 1381 ἄκοντα
1120 1343 1193 1381 τοῦ
1216 1339 1331 1395 ἔργον
1359 1337 1567 1392 ἅψασθαι.
1594 1337 1688 1387 τοὺς

222 1407 475 1464 προῦχοντας
492 1410 625 1450 τοίνυν
648 1407 803 1458 πάντας
823 1413 895 1463 τῆς
916 1407 1069 1458 πόλεως
1091 1411 1328 1462 κοινωνῆσαι
1349 1407 1459 1463 αὐτῷ
1476 1410 1548 1448 τοῦ
1564 1408 1688 1459 σκέμ-

170 1482 203 1517 1)
225 1494 357 1530 ματος
377 1479 518 1526 πείσας
537 1479 603 1518 καὶ
629 1477 700 1531 τὴν
714 1475 1042 1533 Ἀδριανούπολιν
1063 1475 1225 1518 ἅπασαν
1243 1474 1342 1531 ὑπὲρ
1368 1475 1493 1517 αὐτοῦ
1515 1473 1688 1528 ποιησά-

220 1562 341 1599 μενος
362 1549 519 1599 συχνῶς
540 1549 791 1599 μετεκαλεῖτο
815 1546 885 1587 τὸν
908 1543 1097 1602 ἀδελφόν.
1165 1546 1247 1587 ἐπεὶ
1281 1544 1324 1585 δ”
1352 1544 1572 1585 ἀνθίστατο
1598 1549 1686 1592 ταῖς

222 1611 368 1655 τούτου
399 1612 589 1670 πράξεσιν
614 1611 634 1654 ὃ
660 1612 1020 1670 Ταραχανειώτης,
1057 1613 1157 1669 ἀνὴρ
1179 1614 1266 1662 νέος
1286 1613 1358 1666 μὲν
1381 1612 1437 1654 ἔτι
1459 1609 1744 1653 συνετώτα-20

222 1698 292 1731 τος
316 1682 357 1722 δ’
385 1682 492 1738 εἴπερ
514 1699 575 1731 τις
596 1681 718 1731 ἄλλος
741 1684 807 1723 καὶ
833 1680 1165 1738 φρονιμώτατος,
1213 1683 1279 1723 καὶ
1301 1680 1401 1737 πρὸς
1424 1680 1493 1723 τὸν
1514 1680 1687 1733 βασιλέα
1744 1698 1748 1701 ·

224 1751 292 1791 καὶ
319 1749 389 1792 τὸν
420 1751 641 1805 λογοθέτην
674 1750 878 1792 ἐπέστελλε
903 1752 1029 1805 ζητῶν
1052 1751 1313 1806 ἐπικουρῆσαι
1341 1749 1409 1791 διὰ
1431 1746 1686 1805 στρατεύμα-

316 1846 352 1880 6.
376 1838 420 1880 εὖ
442 1844 686 1890 παρετίθετο]
711 1845 751 1881 Ρ.
775 1842 893 1886 εὐθὺς
915 1847 1127 1893 παρῃτεῖτο.
1149 1845 1228 1879 fort.
1249 1840 1503 1889 ὑπερετίθετο.

225 1923 317 1971 ptias
338 1924 545 1959 morantibus
568 1937 635 1959 non
658 1924 785 1959 remisit
807 1924 1053 1958 contentionem
1076 1923 1334 1970 prudentissima
1349 1924 1467 1958 mulier
1480 1923 1598 1958 Irene:
1614 1933 1686 1957 ma-

224 1976 300 2014 ter,
331 1982 395 2005 nec
419 1971 512 2005 dedit
538 1983 689 2005 somnum
714 1971 840 2013 oculis,
870 1982 934 2006 nec
954 1970 1222 2005 dormitationem
1247 1970 1434 2014 palpebris,
1467 1981 1528 2003 nec
1544 1969 1687 2013 denique

225 2016 375 2061 pecuniis
390 2017 545 2061 pepercit
558 2017 670 2064 quoad
687 2016 908 2062 pulcherrimo
923 2017 1081 2051 iuvenum
1096 2016 1349 2061 pulcherrimam
1365 2015 1532 2059 virginum
1547 2014 1687 2058 copula-

224 2061 297 2105 vit,
327 2061 446 2095 Alexio
463 2063 604 2098 irenem.
650 2075 691 2096 ac
707 2068 803 2108 pater
819 2062 952 2107 quidem
969 2062 1107 2106 virginis
1123 2066 1202 2106 post
1217 2061 1387 2095 celebrata
1404 2060 1575 2106 sponsalia
1589 2059 1686 2094 brevi

225 2112 398 2151 superstes
423 2109 532 2152 spatio
560 2109 707 2142 decessit
731 2109 765 2142 in
789 2108 886 2142 bonis
904 2109 1029 2153 spebus
1045 2108 1245 2141 carissimam
1259 2107 1360 2141 filiam
1375 2107 1576 2152 relinquens.
1621 2104 1686 2139 sed

225 2163 343 2186 rursus
368 2153 504 2187 vincere
531 2155 733 2189 videbantur
754 2154 845 2188 malit
879 2159 913 2189 et
927 2165 1108 2188 consensus
1122 2153 1155 2187 in
1171 2154 1271 2186 hasce
1286 2153 1420 2196 nuptias
1436 2158 1531 2186 recta
1544 2161 1685 2184 recusa-

225 2198 328 2232 batur
339 2224 350 2240 ‚
382 2198 498 2243 pravis
524 2199 710 2233 hominibus
727 2205 765 2233 ut
779 2200 903 2234 dudum
917 2200 1072 2233 solebant
1086 2199 1297 2244 imperatoris
1311 2198 1511 2243 simplicitati
1525 2197 1633 2230 denuo
1648 2196 1684 2233 in

225 2255 321 2278 suum
337 2250 515 2290 quaestum
531 2245 782 2289 obrepentibus.
830 2246 1073 2289 simplicitatem
1091 2256 1177 2278 voco
1205 2256 1292 2288 quae
1316 2245 1438 2278 levitas
1461 2244 1551 2277 forte
1567 2241 1685 2275 melius

222 2289 402 2324 diceretur.
452 2301 565 2324 verum
584 2291 625 2324 ad
642 2297 827 2327 extremum
845 2292 1020 2335 superavit
1035 2290 1267 2336 providentia,
1299 2295 1335 2323 et
1350 2299 1462 2326 omnes
1476 2288 1524 2322 illi
1538 2288 1580 2321 ab
1595 2287 1684 2321 invi-

225 2334 282 2368 dia
308 2336 428 2369 structi
453 2342 637 2380 apparatus
660 2336 709 2370 sic
732 2341 962 2379 evanuerunt,
993 2341 1032 2369 ut
1054 2336 1164 2370 solent
1185 2336 1319 2369 admoto
1339 2336 1429 2368 fumo
1453 2345 1534 2377 apes
1549 2333 1683 2376 fugere.

225 2385 261 2415 et
275 2381 332 2426 qui
344 2381 514 2426 sponsalia
525 2382 780 2415 celebraverant
796 2382 1005 2426 postmodum
1019 2381 1176 2424 legitimis
1195 2381 1260 2414 rite
1275 2381 1397 2424 nuptiis
1411 2383 1491 2413 sunt
1506 2378 1684 2416 coniuncti.

223 2427 389 2471 quomodo
405 2427 437 2460 id
456 2427 633 2471 contigerit
649 2432 767 2472 postea
783 2428 929 2467 dicetur,
950 2427 1009 2460 ubi
1027 2428 1113 2460 hunc
1128 2437 1315 2460 sermonem
1331 2435 1544 2460 resumemus.

316 2474 348 2508 7.
396 2473 539 2506 Ioannes
555 2473 766 2517 Bryennius,
797 2473 890 2506 cuius
914 2473 1012 2517 paulo
1036 2472 1190 2516 superius
1216 2473 1306 2505 facta
1321 2474 1373 2504 est
1388 2470 1509 2504 mentio
1523 2498 1532 2513 ‚
1563 2469 1683 2504 videns

225 2518 368 2551 fratrem
393 2523 604 2552 cunctantem
630 2524 665 2552 et
687 2519 966 2562 tergiversantem
989 2530 1030 2552 ac
1057 2517 1145 2551 omni
1166 2528 1232 2561 ope
1253 2516 1362 2549 vitare
1385 2516 1572 2560 cupientem
1588 2527 1631 2549 ne
1646 2515 1682 2550 in

225 2562 449 2598 defectionem
465 2570 501 2598 et
514 2564 727 2598 rebellionem
743 2564 971 2609 implicaretur
982 2591 993 2606 ‚
1026 2563 1180 2597 decrevit
1192 2562 1256 2596 sibi
1271 2561 1480 2595 efficiendum
1497 2567 1535 2595 ut
1549 2561 1681 2596 omnino
1702 2567 1707 2570 '

226 2607 256 2641 is
272 2609 463 2651 adigeretur
478 2610 689 2656 quantumvis
703 2610 830 2644 invitus
845 2621 916 2643 rem
931 2621 1120 2654 capessere.
1150 2619 1224 2642 cum
1238 2607 1342 2650 igitur
1358 2606 1449 2640 cives
1467 2619 1546 2643 suos
1560 2607 1682 2641 Adria-

226 2654 395 2698 nopolitas
419 2657 592 2689 universos
607 2657 808 2700 primoribus
824 2656 917 2700 prius
931 2655 994 2688 sibi
1010 2654 1173 2689 devinctis
1188 2653 1221 2686 in
1235 2663 1328 2685 suam
1344 2653 1540 2686 sententiam
1556 2652 1682 2686 traxis-

228 2705 301 2737 set,
325 2701 444 2733 crebro
459 2700 625 2734 invitabat
641 2707 676 2735 et
692 2702 891 2738 accersebat
906 2703 1043 2735 fratrem
1054 2728 1064 2740 ,
1086 2698 1281 2742 interposito
1298 2698 1429 2731 nomine
1444 2698 1575 2743 patriae
1590 2709 1682 2732 com-

229 2744 336 2780 munis
362 2746 467 2791 ipsum
493 2746 535 2779 ad
559 2758 718 2781 summum
745 2747 902 2781 honorem
922 2746 1136 2780 concorditer
1150 2744 1314 2777 vocantis.
1358 2744 1518 2778 obstabat
1532 2755 1614 2777 vero
1631 2743 1682 2778 his

231 2802 344 2824 eorum
372 2791 503 2835 coeptis
518 2791 804 2834 Tarachaniotes,
834 2792 964 2826 iuvenis
991 2791 1048 2825 ille
1070 2789 1201 2836 quidem
1226 2789 1287 2823 sed
1304 2789 1449 2834 prudens
1463 2789 1491 2823 si
1505 2790 1680 2834 quisquam

232 2837 318 2873 alius
334 2841 370 2873 et
383 2837 490 2872 solers
503 2837 658 2875 maxime.
689 2838 745 2872 hio
761 2838 806 2872 ad
819 2837 1055 2883 imperatorem
1070 2841 1172 2881 atque
1186 2835 1231 2872 ad
1245 2834 1453 2880 logothetam
1465 2835 1574 2872 literis
1590 2835 1681 2870 datis
