1878 3262
617 234 1007 278 HISTORIARUM
1037 235 1086 276 L.
1117 234 1176 279 V.
1537 232 1636 277 217

192 365 271 394 νων
299 346 521 391 {neumam}
551 366 692 399 τινας,
735 347 853 404 γνοὺς
883 345 904 389 ὃ
937 346 1143 404 Στέφανος
1171 346 1392 403 πανστρατὶ
1417 345 1481 388 ἐπ’
1512 345 1633 388 αῧτὸν
1655 352 1685 386 Β

191 418 367 476 ἐφέρετο.
435 418 503 459 διὰ
520 421 637 459 τοῦτο
661 415 851 470 βασιλεὺς
868 416 930 456 ἐπὶ
951 417 1138 457 Κιλικίαν
1169 416 1242 470 μὲν
1259 413 1489 471 στράτευμα
1505 414 1557 457 τὰ
1573 416 1638 456 ἐν-

192 490 332 529 ταῦθα
355 490 587 543 φρουρῆσον
609 485 743 527 ἱκανὸν
763 484 959 538 ἔπεμψεν,
990 481 1011 524 ὃ
1032 484 1075 525 δὲ
1097 485 1160 525 ἐπὶ
1178 483 1246 525 τὸν
1257 482 1413 540 Ἴστρον
1431 484 1498 525 καὶ
1518 481 1639 525 πάλιν

191 553 338 609 ἤλαυνε
369 552 479 597 Σᾶόν
502 571 545 596 τε
571 551 893 610 περαιωσάμενος
921 551 1083 607 ἀντικρὺ
1117 553 1300 593 Τιτελιόυ
1334 551 1380 593 τὸ
1409 549 1640 607 στράτευμα

160 629 183 664 6
196 622 334 678 ἔστησε
344 653 358 674 ,
392 622 496 665 κατὰ
512 611 605 664 νοῦν
623 622 723 675 ἔχων
742 619 797 670 ὥς
815 622 927 678 Reae}
943 619 1015 673 μὲν
1037 619 1107 660 τὸν
1126 623 1273 675 κλῆρον
1299 618 1551 662 ἀνασώσαιτο
1569 619 1639 661 τὸν

192 695 402 748 πατρῷον,
438 691 643 748 Στέφανον
666 690 709 731 δὲ
725 693 805 731 τῶν
833 687 946 744 παρὰ
963 685 1092 736 πόδας
1106 685 1272 743 ῥύσαιτο
1290 689 1506 744 δυσχερῶν.
1558 687 1638 742 ἤδη

191 759 269 817 γὰρ
291 760 357 801 καὶ
377 757 538 815 ὖπέρρει
566 757 618 800 τὰ
637 761 708 811 τῆς
734 754 939 810 δυνάμεως
956 755 1088 813 αὐτῷ,
1123 756 1190 796 καὶ
1214 749 1264 809 ἦν
1279 756 1320 795 ἐν
1338 760 1462 813 στενῷ
1479 758 1639 812 κομιδῇ,

192 831 273 870 τῶν
290 828 364 870 σὺν
387 827 497 884 αὐτῷ
519 825 681 868 Οὕννων
702 826 763 866 ἐπὶ
784 825 853 866 τὸν
871 823 973 880 ῥῆγα
991 823 1312 878 μετατιθεμένων
1332 821 1531 866 ἑκάστοτε.
1572 826 1640 866 καὶ

193 895 245 949 δὴ
274 897 341 937 καὶ
361 892 612 951 Ἀνδρόνικον
639 893 709 935 τὸν
737 897 810 935 τοῦ
833 890 1167 949 Κοντοστεφάνου
1191 891 1304 942 υἱέα,
1348 890 1394 941 ὃς
1421 892 1488 932 καὶ
1515 892 1641 946 μέγας

137 973 182 1008 10
193 963 311 1021 ὀλίγῳ
339 961 506 1020 ὕστερον
536 960 774 1019 ἐχρημάτισε
813 959 930 1012 δούξ,
966 959 1052 1014 ἅμα
1077 958 1345 1015 στρατεύματι
1365 960 1521 1009 στείλας
1539 961 1640 1001 Στέ-

191 1048 322 1089 φανον
350 1032 423 1085 μὲν
454 1029 658 1087 ἀνήρπασε
681 1033 755 1071 τοῦ
781 1027 985 1081 κινδύνου,
1018 1027 1039 1070 ὃ
1064 1029 1106 1070 δὲ
1126 1027 1228 1084 ἄρας
1255 1029 1297 1069 ἐκ
1316 1029 1498 1069 Τιτελιόυ
1518 1029 1635 1069 παντὶ
1659 1035 1692 1068 V
1713 1037 1758 1071 99

189 1103 250 1156 τῷ
269 1103 430 1157 στρατῷ
448 1098 688 1155 προσωτέρω
705 1095 856 1154 ἐχώρει.
926 1095 946 1138 ὃ
968 1095 1045 1154 γάρ
1066 1113 1128 1138 τοι
1159 1101 1231 1151 τῆς
1251 1096 1378 1152 ἀρχῆς
1394 1094 1638 1150 ἐπιβατεύων
1661 1105 1691 1139 C

191 1168 420 1224 Στέφανος,
454 1167 588 1220 ἐπειδὴ
607 1166 664 1220 μὴ
684 1167 725 1216 ἐξ
742 1163 958 1208 ἀντιπάλου
981 1164 1188 1218 δυνάμεως
1203 1168 1261 1221 τῷ
1279 1168 1444 1217 βασιλεῖ
1454 1169 1643 1218 συμπλα-

189 1233 389 1289 κήσεσθαι
409 1232 485 1289 εἶχε
498 1266 511 1286 ,
537 1235 582 1276 τὸ
599 1235 671 1288 μὲν
702 1238 861 1291 πρῶτον
890 1234 963 1276 σὺν
982 1240 1070 1283 ταῖς
1091 1234 1179 1289 περὶ
1204 1232 1324 1274 αὐτὸν
1341 1231 1533 1285 δυνάμεσι
1550 1235 1644 1290 περί

137 1307 180 1344 15
190 1319 267 1344 που
284 1303 336 1345 τὰ
357 1307 430 1357 τῆς
465 1303 659 1356 Οὖννικῆς
687 1302 835 1356 ἔσχατα
864 1300 1003 1358 ἐχώρει
1017 1315 1028 1326 ·
1076 1300 1208 1342 ἔπειτα
1229 1299 1467 1355 συμμάχους
1488 1302 1640 1343 ἐκεῖθεν

190 1370 433 1427 ἐπαγόμενος
453 1370 673 1425 εΡωμαίοις
706 1369 989 1420 ἀντιτάξεσθαι
1024 1369 1217 1424 ἠπείγετο.
1292 1369 1484 1422 βασιλεὺς
1510 1370 1553 1411 δὲ
1579 1370 1646 1410 ἐπί

189 1457 280 1482 τινα
309 1443 445 1496 χῶρον
481 1441 681 1495 Πετρίκον
709 1437 954 1492 καλούμενον
970 1436 1232 1491 καταλαβών,
1256 1437 1435 1479 ἐνταῦθα
1462 1436 1643 1491 ἐσκήνου.

190 1506 273 1550 ἴστι
295 1509 338 1549 δὲ
356 1506 376 1549 ὃ
394 1511 528 1564 χῶρος
546 1502 662 1556 οὗτος
679 1511 751 1561 τῆς
770 1509 825 1556 εἷς
847 1507 919 1560 τὴν
938 1507 1130 1562 ἐνδοτέρω
1149 1507 1350 1547 Παιονίαν
1371 1504 1645 1562 παρελεύσεως

190 1574 285 1632 ὅρος
304 1574 324 1617 ὅ
345 1579 514 1631 πρῶτος.
583 1574 684 1617 ἔνθα
711 1574 880 1631 γεγονὼς
897 1572 1091 1631 Στεφάνῳ
1120 1573 1296 1630 ἔγραψεν
1323 1567 1413 1615 ὦδε.
1479 1573 1643 1627 ἥκομεν,
1679 1599 1682 1601 Δ

135 1638 223 1686 ΞΟῶ
244 1645 313 1698 ἐμὲ
331 1650 425 1695 παῖ,
461 1644 507 1684 οὗ
535 1641 709 1697 πόλεμον
744 1642 911 1692 Οὕννοις
942 1642 1125 1698 ἄγοντες,
1162 1642 1266 1683 ἀλλὰ
1283 1644 1394 1700 Βελᾷ
1415 1658 1456 1683 τε
1479 1641 1644 1699 ἀδελφῷ

189 1716 248 1769 τῷ
266 1715 326 1769 σῷ
343 1712 415 1766 τὴν
428 1710 570 1768 χώραν
589 1709 887 1765 ἀνασωσόμενοι
898 1742 911 1763 ,
942 1710 991 1765 ’ἢν
1010 1711 1056 1751 οὗ
1079 1711 1292 1769 δυναστείᾳ
1312 1715 1362 1766 τῇ
1378 1708 1494 1764 ἡμῶν
1510 1727 1646 1766 παρα-

191 1777 416 1828 σπάσαντες
445 1779 621 1833 εἶχομεν,
664 1779 768 1821 ἀλλὰ
796 1777 846 1821 σύ
873 1796 915 1820 τε
940 1778 1040 1828 {dmg
1067 1781 1134 1820 καὶ
1161 1779 1293 1834 πατὴρ
1319 1777 1339 1819 ὁ
1370 1776 1485 1831 ὑμῶν
1505 1782 1641 1834 πολλῷ
1662 1780 1694 1814 D

192 1846 271 1902 ἤδη
290 1845 494 1903 πρότερον.
561 1849 628 1888 καὶ
650 1848 857 1903 Στέφανον
879 1847 921 1888 δὲ
950 1846 1019 1888 τὸν
1048 1847 1119 1888 σὸν
1145 1851 1218 1888 τοῦ
1235 1844 1418 1887 κινδύνου
1440 1845 1651 1901 ἐξαιρησό-

191 1931 304 1970 μενοι
330 1918 467 1966 θεῖον,
501 1914 686 1971 γαμβρὸν
714 1914 793 1969 ἤδη
828 1916 896 1955 καὶ
925 1913 1047 1956 αὐτὸν
1076 1912 1212 1970 κράτει
1230 1911 1419 1969 γεγονότα
1440 1917 1499 1970 τῷ
1518 1911 1647 1967 ἡμῶν.

193 2044 406 2090 Stephams,
428 2054 503 2077 cum
517 2042 680 2076 universis
697 2043 802 2087 copiis
816 2042 851 2076 in
865 2043 956 2076 illum
970 2042 1146 2096 profectus
1162 2043 1222 2075 est.
1269 2042 1484 2087 quamobrem
1499 2043 1645 2088 impera-

191 2095 247 2125 tor
269 2090 304 2123 in
327 2089 477 2123 Ciliciam
502 2089 544 2122 ad
565 2088 759 2133 oppidorum
783 2089 950 2133 praesidia
970 2088 1090 2121 idoneo
1115 2087 1214 2121 misso
1237 2088 1405 2132 exercitu,
1428 2089 1501 2134 ipse
1522 2100 1644 2124 versus

191 2136 316 2170 Istrum
332 2135 441 2168 denuo
457 2135 647 2168 contendit:
673 2134 831 2179 Savoque
846 2134 1038 2167 transmisso
1056 2138 1165 2167 castra
1181 2133 1293 2178 posuit
1307 2134 1350 2167 ad
1365 2134 1525 2168 Titelium
1537 2161 1547 2177 ‚
1571 2141 1644 2169 tum

191 2186 232 2215 ut
245 2181 349 2215 Belae
364 2186 538 2225 paternam
560 2179 801 2213 haereditatem
818 2179 1004 2224 reciperet,
1027 2183 1096 2212 tum
1112 2184 1150 2212 ut
1165 2179 1369 2223 Stephanum
1383 2181 1555 2224 praesenti
1574 2181 1644 2214 eri-

191 2232 290 2272 peret
311 2226 500 2259 discrimini.
547 2225 671 2270 quippe
691 2225 757 2258 iam
778 2225 867 2258 illius
880 2224 1070 2258 imminutae
1093 2229 1190 2258 erant
1213 2225 1326 2266 vires,
1346 2226 1548 2270 summisque
1564 2238 1644 2271 pre-

190 2273 346 2307 mebatur
361 2271 521 2315 angustiis
532 2297 542 2313 ,
568 2270 757 2314 Hungaris,
778 2270 835 2315 qui
851 2282 924 2303 cum
939 2282 980 2303 eo
996 2273 1111 2314 erant,
1134 2269 1178 2304 ad
1192 2281 1308 2314 regem
1323 2271 1468 2316 undique
1483 2272 1644 2305 deficien-

191 2318 294 2354 tibus,
339 2316 454 2361 itaque
475 2316 663 2350 Andronico
691 2315 957 2361 Contostephani
982 2316 1072 2357 filio,
1111 2315 1168 2360 qui
1203 2316 1315 2359 magni
1337 2316 1431 2350 ducis
1445 2317 1643 2361 dignitatem

191 2362 290 2397 brevi
303 2371 382 2407 post
406 2362 570 2404 obtinuit,
594 2373 668 2395 cum
687 2362 790 2406 copiis
805 2362 903 2395 misso
915 2389 924 2406 ,
953 2362 1159 2406 Stephanum
1186 2362 1318 2406 quidem
1332 2362 1482 2406 periculo
1498 2363 1643 2398 exemit:

191 2408 266 2454 ipse
281 2419 384 2450 vero,
407 2409 506 2441 motis
521 2408 563 2441 ab
587 2407 711 2441 Titelio
739 2407 876 2451 castris,
900 2418 974 2440 cum
989 2407 1146 2440 universo
1162 2407 1312 2441 exercitu
1329 2408 1468 2441 ulterius
1484 2408 1645 2453 perrexit.

191 2454 289 2498 regni
305 2453 392 2487 enim
406 2453 544 2486 invasor
558 2453 762 2497 Stephanus,
787 2464 861 2486 cum
875 2453 1002 2487 viribus
1018 2453 1118 2497 longe
1132 2453 1240 2498 impar
1256 2464 1329 2486 cum
1346 2453 1548 2497 imperatore
1564 2465 1646 2487 con-

193 2499 289 2543 gredi
311 2510 378 2532 non
405 2498 569 2543 auderet,
601 2499 742 2543 primum
766 2498 896 2543 quidem
918 2510 992 2532 cum
1017 2499 1059 2532 iis
1085 2510 1171 2543 quae
1186 2498 1326 2531 aderant
1340 2498 1444 2542 copiis
1463 2499 1497 2531 in
1513 2499 1647 2533 ultimos

193 2544 389 2588 Hungariae
406 2544 491 2577 fines
510 2544 677 2578 concessit
690 2570 698 2586 ‚
722 2548 823 2588 atque
836 2544 884 2577 ibi
899 2544 996 2578 novis
1012 2544 1138 2578 coactis
1161 2543 1292 2576 auxiliis
1308 2543 1382 2576 acie
1397 2555 1470 2577 cum
1486 2544 1647 2578 Romanis

195 2589 370 2623 decertare
395 2589 526 2624 statuit.
571 2589 756 2634 imperator
778 2600 861 2623 vero
882 2595 921 2623 ut
947 2589 990 2623 ad
1013 2589 1123 2623 locum
1145 2589 1317 2633 quemdam
1341 2590 1517 2633 pervenit,
1548 2602 1648 2634 quem

195 2633 365 2669 Petricum
386 2640 529 2677 vocant,
551 2640 664 2668 castra
684 2635 732 2669 ibi
747 2635 870 2680 posuit.
919 2640 973 2668 est
998 2646 1082 2668 vero
1097 2635 1191 2668 locus
1206 2634 1269 2667 iste
1284 2634 1391 2668 aditus
1407 2634 1440 2667 in
1455 2635 1648 2669 interiorem

196 2679 400 2722 nungariam
414 2680 538 2726 primus
552 2681 734 2721 terminus,
757 2692 823 2725 quo
841 2691 913 2714 cum
926 2680 1148 2725 pervenisset,
1172 2680 1259 2713 hune
1276 2679 1309 2712 in
1324 2679 1455 2714 modum
1473 2681 1648 2726 Stephano

196 2725 378 2770 rescripsit.
423 2727 447 2746 ‘⁶
459 2737 527 2760 non
541 2727 584 2759 ad
599 2726 808 2760 inferendum
823 2725 996 2769 Hungaris
1010 2726 1136 2759 bellum
1147 2751 1158 2767 ‚
1181 2725 1230 2758 fili
1245 2725 1306 2766 mi,
1331 2726 1480 2759 venimus
1496 2754 1506 2771 ‚
1536 2727 1594 2760 sed
1611 2732 1650 2759 ut

198 2768 303 2802 Belae
323 2770 422 2804 fratri
435 2774 494 2805 tuo
519 2772 764 2816 possessionem
789 2772 1003 2806 restituamus
1014 2796 1024 2812 ‚
1058 2782 1155 2824 quam
1171 2782 1191 2804 a
1205 2770 1428 2805 dominatione
1442 2776 1503 2805 tua
1518 2772 1649 2806 minime

199 2814 406 2857 abstulimus,
428 2817 488 2850 sed
503 2828 602 2861 quam
617 2822 655 2851 tu
670 2818 742 2863 ipse
756 2822 922 2863 paterque
935 2822 1052 2851 vester
1067 2828 1130 2850 iam
1145 2816 1274 2870 pridem
1289 2817 1521 2852 concessistis:
1546 2823 1649 2860 atque

201 2859 286 2895 adeo
301 2860 403 2895 etiam
414 2866 454 2896 ut
467 2867 622 2907 patruum
636 2867 730 2899 tuum
754 2864 963 2910 Stephanum
989 2862 1173 2898 maiestatis
1195 2868 1334 2898 nostrae
1347 2864 1483 2898 affinem
1499 2861 1647 2909 periculo
