1878 3262
248 191 314 237 32
638 228 643 232 .
675 186 985 233 NICEPHORI
1000 216 1002 218 v
1015 187 1284 235 BRYENNH

198 314 232 350 D
250 309 324 348 νῦν
350 304 615 361 πολεμοῦντες
625 299 852 356 Ῥωμαίοις.
919 301 1013 344 ἀλλ’
1038 302 1211 346 ἐπανίτω
1230 320 1302 358 μοι
1326 303 1349 347 ὅ
1373 302 1490 363 λόγος
1510 304 1613 364 πρὸς
1637 306 1711 361 τὴν

245 374 427 430 ἀρχῆθεν
450 371 711 413 ἀκολουθίαν.

387 440 462 486 11.
530 438 760 495 Μανουήλ,
794 437 850 491 ὥς
885 437 1058 496 εἴρηται,
1094 438 1117 482 ὃ
1149 438 1455 497 κουροπαλάτης
1485 441 1710 500 στρατηγὸς

241 507 507 566 αὐτοκράτωρ
522 513 601 551 τῶν
622 507 733 567 ἑῴων
748 507 964 565 ταγμάτων
985 508 1086 565 πρὸς
1107 513 1180 551 τοῦ
1199 509 1418 565 Διογένους
1438 511 1707 566 ἀποδειχθείς,

241 581 332 636 περὶ
354 578 426 633 τὴν
447 578 659 632 Χαλτικὴν
686 579 904 635 διατρίβων
928 575 1169 634 ἐφυλάττετο
1192 578 1266 628 τὰς
1291 583 1372 620 τῶν
1399 578 1593 635 Τούρκων
1618 582 1742 625 ἐπι-5

1870 278 1878 346 Ξ

1870 350 1878 406 ἱ

1871 408 1878 439 Ξ

242 646 414 705 δρομάς.
483 648 566 689 ἐπεὶ
602 647 644 689 δ’
680 646 879 702 ἀπηγγέλη
910 646 1021 703 αὐτῷ
1045 646 1158 703 παρὰ
1187 651 1268 689 τῶν
1295 651 1456 690 σκοπῶν
1476 645 1531 698 ὥς
1550 652 1710 704 πλῆθος

243 716 441 773 Τούρκων
464 715 688 773 στρατηγὸν
708 715 863 770 ἔχοντες
883 715 951 757 τὸν
975 713 1297 772 Χρυσόσκουλον
1307 747 1320 768 ,
1349 715 1393 766 ὃς
1413 716 1456 758 ἐκ
1481 715 1710 761 σουλτάνων

241 790 380 842 σειρᾶς
403 783 589 842 ὥρμητο,
616 788 688 839 τῆς
712 785 752 826 δ’
774 786 957 835 ἐξουσίας
975 784 1216 827 ἀντεποιεῖτο
1234 787 1410 841 Περσῶν
1428 784 1539 842 αὐτῷ
1554 801 1710 842 προση-

242 854 413 910 κούσης,
458 855 589 895 ἐπιάσι
624 853 698 903 τὰς
733 858 807 895 τοῦ
836 853 1100 909 Ἀρμενιακοῦ
1135 852 1384 907 κωμοπόλεις
1420 851 1711 910 πορθήσοντες,

241 924 316 974 τὰς
350 920 539 976 δυνάμεις
571 922 789 983 ἀναλαβὼν
817 920 957 978 ἐχώρει
979 921 1084 965 κατὰ
1103 926 1183 964 τῶν
1205 921 1401 979 Τούρκων
1419 924 1486 964 καὶ
1502 924 1710 966 διεσκεδα-
1721 926 1767 963 10

120 1003 152 1037 Ρ
173 1003 218 1039 25
243 993 403 1046 σμένοις
429 991 565 1040 αὐτοῖς
591 990 764 1044 ἐντυχών
795 988 849 1040 ὡς
878 993 934 1040 εἰς
965 991 1172 1047 προνομὴν
1192 992 1343 1041 ἐξιοῦσι
1371 990 1519 1050 ῥᾳδίως
1542 990 1712 1042 τούτους

242 1062 456 1117 ἐτρέψατο.
525 1059 684 1115 ἔγγιστα
704 1060 747 1101 δὲ
761 1063 834 1101 τοῦ
855 1060 1128 1116 στρατοπέδου
1153 1064 1232 1102 τῶν
1261 1058 1456 1117 Τούρκων
1473 1060 1516 1101 ἐν
1534 1064 1592 1117 τῷ
1613 1058 1711 1103 διώ-

243 1147 324 1172 κειν
349 1127 557 1212 γενόμενος
579 1129 647 1168 καὶ
672 1125 807 1181 λόχοις
830 1126 1074 1182 αὐτομάτοις
1102 1128 1325 1185 περιπεσών
1354 1131 1420 1170 καὶ
1445 1129 1612 1170 ἐπιπολὺ
1637 1129 1711 1171 ἀν-

243 1215 392 1253 τισχων
424 1198 491 1239 καὶ
518 1197 706 1252 γἐιναίως
734 1194 1049 1250 ἀγωνισάμενος,
1078 1198 1160 1239 ἐπεὶ
1183 1197 1241 1251 μὴ
1267 1195 1352 1247 οἱός
1369 1214 1410 1239 τε
1431 1215 1481 1251 ην
1506 1204 1711 1255 καρτερεῖν

245 1266 303 1309 ἔτι
338 1270 410 1320 τῆς
434 1264 644 1318 ΗΡωμαιων
673 1262 880 1321 φάλαγγος
908 1267 965 1315 εἷς
995 1281 1126 1322 φυγην
1159 1267 1375 1322 τραπείσης
1401 1267 1467 1307 καὶ
1494 1268 1766 1308 διασκεδα-15

243 1337 436 1389 σθείσης,
468 1332 630 1390 ὥρμησε
659 1334 726 1375 καὶ
759 1333 880 1383 αὐτὸς
907 1335 962 1383 εἷς
999 1331 1152 1390 φυγήν,
1191 1335 1414 1384 κυκλωθεὶς
1445 1334 1488 1376 δ’
1519 1332 1598 1376 ὑπὸ
1630 1339 1711 1377 τῶν

245 1403 443 1460 Τούρκων
475 1400 678 1445 ἁλίσκεται
705 1401 791 1455 ἅμα
822 1409 906 1451 τοῖς
937 1404 1051 1445 δυσὶν
1073 1402 1199 1444 αὐτοῦ
1219 1407 1441 1459 γαμβροῖς,
1471 1406 1530 1459 τῷ
1552 1420 1593 1445 τε
1613 1406 1712 1446 Με-

242 1476 419 1529 λισσηνῷ
441 1473 508 1513 καὶ
534 1472 770 1527 Ταρωνίτῃ·
805 1469 945 1513 ἔπεσον
968 1472 1012 1513 δὲ
1034 1473 1100 1514 καὶ
1122 1476 1203 1513 τῶν
1228 1475 1377 1514 λοιπῶν
1392 1469 1602 1524 Ῥωμαίων
1625 1472 1711 1514 ὀλί-

185 1544 217 1578 Β
239 1558 315 1597 γοι.
387 1541 588 1593 ἀπαχθεὶς
605 1533 683 1580 οὖν
706 1538 807 1595 πρὸς
829 1539 898 1581 τὸν
918 1538 1237 1596 Χρυσόσκουλον
1260 1539 1386 1582 δεινὸν
1408 1539 1506 1596 ᾤετο
1529 1540 1588 1593 μὴ
1607 1542 1711 1598 δρῶ-

119 1615 152 1650 V
178 1616 222 1652 13
246 1611 318 1652 σαί
335 1626 373 1652 τι
391 1613 464 1651 τοῦ
481 1608 618 1663 γένους
637 1605 823 1658 ἐπάξιον,
850 1609 917 1649 καὶ
936 1609 1071 1661 μέντοι
1092 1610 1159 1649 καὶ
1182 1609 1372 1664 δέδρακεν
1396 1607 1510 1663 ἔργον
1530 1607 1767 1666 ἀξιαφή-20

238 1694 373 1735 γητον.
445 1675 632 1731 διαγνοὺς
653 1675 730 1732 γὰρ
756 1673 810 1725 ὥς
833 1674 1063 1731 ἀποστάτης
1080 1677 1163 1718 ἐστὶ
1184 1681 1257 1718 τοῦ
1279 1674 1502 1719 σουλτάνου
1525 1674 1545 1718 ὃ
1567 1681 1710 1720 τοῦτον

236 1745 405 1802 νικήσας
427 1747 494 1788 καὶ
519 1748 590 1798 τῆς
610 1746 785 1801 Περσῶν
812 1745 965 1802 ἐφίεται
993 1746 1254 1797 δυναστείας,
1290 1747 1372 1788 δεῖν
1397 1743 1516 1804 ᾠήθη
1540 1743 1710 1789 ἀπόπει-

327 1888 363 1925 7.
386 1883 693 1933 Χρυσόσκουλον]
718 1885 807 1920 Vide
829 1888 928 1920 notas
952 1885 994 1920 P.

240 2011 339 2046 diem.
388 2011 472 2045 sed
463 2023 497 2044 ιιι
513 2022 634 2055 g>rum
649 2013 830 2056 susceptae
851 2010 1055 2045 narrationis
1071 2010 1266 2056 ordinisque
1281 2021 1394 2045 rerum
1407 2011 1603 2048 reducenda
1617 2022 1706 2048 nunc

239 2057 320 2092 mihi
335 2058 443 2091 oratio
461 2062 528 2090 est.
1701 2079 1706 2087 -

334 2105 387 2138 11.
434 2103 593 2146 Manuffl,
617 2106 656 2136 ut
671 2102 795 2137 dictum
810 2107 883 2144 est,
907 2102 1137 2147 curopalates,
1161 2102 1231 2137 dux
1246 2114 1392 2138 summus
1409 2085 1630 2138 Orientalium
1645 2114 1706 2138 co-

240 2148 372 2194 piarum
388 2160 408 2181 a
425 2148 581 2192 Diogene
596 2148 802 2189 declaratus,
835 2149 924 2182 circa
940 2148 1125 2182 Chalticam
1151 2161 1360 2184 commorans
1377 2149 1564 2184 Tur-corum
1581 2161 1705 2183 excur-
1747 2179 1749 2184 ,

241 2195 353 2229 siones
381 2194 599 2228 obserhabat
648 2206 722 2228 cum
738 2206 820 2228 vero
837 2195 867 2228 ei
883 2206 903 2228 a
919 2195 1184 2239 speculatoribus
1207 2195 1388 2229 indicatum
1409 2199 1522 2237 esset,
1552 2194 1706 2229 multitu-

241 2240 352 2274 dinem
368 2239 559 2273 Turcorum
573 2240 659 2273 duce
675 2241 903 2283 chrysosculo
927 2253 946 2274 e
968 2251 1094 2284 genere
1110 2241 1343 2283 Sultanorum,
1374 2240 1595 2294 principatum
1616 2241 1706 2275 Per-

241 2286 325 2320 sidis
340 2285 428 2328 sibi,
456 2290 495 2318 ut
511 2287 675 2330 putabat,
699 2286 847 2320 debitum
865 2287 1051 2327 ambiente,
1074 2286 1205 2320 irruere
1217 2287 1251 2321 in
1266 2287 1361 2320 vicos
1374 2286 1486 2320 limitis
1503 2286 1704 2329 Armeniaci,

240 2332 352 2366 animo
376 2341 434 2364 eos
457 2331 630 2372 vastandi,
662 2333 843 2376 assumptis
871 2333 974 2378 copiis
991 2338 1110 2365 contra
1125 2332 1261 2368 Turcos
1278 2331 1391 2376 vadit,
1421 2342 1508 2376 quos
1523 2336 1558 2365 et
1573 2332 1706 2377 disper·-

239 2389 316 2420 sos‚
340 2381 465 2422 utpote
488 2377 759 2431 praedabundus.
772 2378 949 2411 offendens
964 2378 1090 2412 facile‘
1080 2389 1112 2411 ιιι
1131 2378 1245 2422 fugam
1261 2378 1377 2413 vertit.
1423 2377 1499 2410 hinc
1515 2389 1590 2411 cum
1605 2379 1704 2423 fuga.-

241 2435 299 2458 ces
323 2434 428 2467 usque
449 2423 493 2457 ad
518 2422 701 2467 proximam
724 2424 878 2457 viciniam
900 2429 1086 2458 castrorum
1102 2424 1324 2458 Turcicorum
1339 2421 1514 2466 cupidius·
1505 2434 1705 2468 insequere-‚-

239 2475 316 2511 tur,
349 2468 599 2502 coorientibus·
589 2480 624 2502 ιιι
640 2480 714 2502 eum
731 2469 853 2503 Turcis
872 2482 890 2502 e
906 2470 988 2503 locis
1003 2475 1105 2503 antea
1120 2470 1314 2524 occupatiS‚
1345 2479 1431 2512 quae
1446 2474 1525 2502 tunc
1541 2480 1635 2504 usum
1649 2469 1704 2504 in-

239 2515 397 2549 sidiarum
414 2519 488 2548 arte
504 2514 684 2559 positarum
698 2514 781 2559 ipsis
799 2516 1049 2560 praebuerunt,
1075 2515 1133 2549 diu
1148 2515 1282 2549 fortiter
1297 2525 1448 2568 pugnans
1464 2515 1600 2550 restitit.
1639 2514 1702 2550 sed

240 2571 316 2593 cum
331 2571 432 2593 versa
451 2561 485 2594 in
500 2562 614 2604 fugam
630 2560 860 2606 dissipatisque
877 2562 1042 2606 phalange
1057 2561 1230 2603 Romana,
1257 2559 1448 2594 obsistere
1439 2572 1512 2606 ipse
1527 2572 1612 2594 unus
1627 2572 1702 2596 am-

240 2605 328 2650 plius
344 2617 412 2638 non
428 2611 564 2650 posset,
590 2607 778 2640 necessario
795 2612 831 2640 et
845 2618 921 2641 sero
938 2608 1068 2650 fugiens
1084 2607 1259 2641 conclusus
1275 2610 1459 2650 captusque
1475 2618 1496 2640 a
1511 2606 1635 2640 'rumis
1648 2608 1704 2641 est

241 2662 317 2684 cum
345 2651 473 2684 duobus
497 2663 651 2685 sororum
680 2663 812 2687 suarum
835 2652 937 2695 viris,
970 2653 1152 2686 Melisseno
1174 2656 1208 2686 et
1230 2651 1406 2688 Ἰοτοιιὶῐο.
1453 2651 1647 2689 ceciderunt
1664 2654 1705 2687 et·

238 2696 445 2740 reliquorum
469 2697 694 2732 Romanorum
719 2698 829 2743 pauci.
877 2699 1043 2732 abductus
1057 2698 1159 2742 igitur
1173 2697 1216 2730 ad
1232 2696 1497 2740 Chrysosculum
1513 2709 1620 2742 grave
1634 2708 1701 2743 pu·-

237 2743 357 2784 tabat,
388 2741 416 2775 si
439 2753 505 2775 non
528 2742 649 2786 aliquid
675 2755 800 2787 genere
817 2743 953 2787 dignum
969 2744 1123 2777 efficeret
1137 2753 1221 2784 suo,
1253 2742 1433 2787 effecitque
1449 2743 1550 2788 piane
1564 2743 1701 2787 dignum

237 2787 270 2822 in
294 2787 408 2832 primis
435 2792 575 2821 narratu
600 2789 738 2823 facinus.
786 2789 921 2832 cognito
937 2789 1022 2823 enim
1040 2788 1200 2822 victorem
1216 2799 1310 2822 suum
1327 2788 1493 2823 defecisse
1509 2800 1529 2823 a
1536 2788 1701 2843 Summo,

239 2836 276 2870 et
290 2844 352 2880 spe
367 2832 543 2869 ambitiosa
556 2833 781 2880 principatum
795 2834 977 2870 Persarum
992 2845 1131 2870 versare
1144 2834 1253 2872 auimo
1263 2858 1275 2878 ,
1297 2835 1444 2881 experiri
1457 2834 1624 2871 hominem
1637 2834 1702 2872 de-
