1878 3262
287 208 349 258 14
700 206 1009 253 NICEPHORI
1033 208 1301 255 BRYENNII

282 319 525 382 ῥιζώματος,
561 314 610 363 οὗ
636 322 703 364 καὶ
722 320 758 377 ἦ
788 314 931 365 τούτου
958 319 1092 380 μήτηρ
1123 322 1242 380 ἐξέφυ
1264 323 1417 381 καρπὸς
1435 324 1604 384 εὐγενής.
1671 329 1741 370 καὶ

284 393 345 440 ’τίς
371 389 448 446 γὰρ
474 388 577 443 μετὰ
608 390 678 433 τὸν
697 391 1083 448 Πορφυρογέννητον
1113 392 1245 449 ἕτερος
1278 392 1347 434 τὸν
1371 395 1461 447 βίον
1492 393 1738 438 ἀπολιπόντα

282 461 342 508 εἷς
358 458 404 500 τὸ
425 457 561 515 ἄρχειν
582 457 760 513 μάλιστα
785 461 1039 514 δεδικαίωτο,·
1078 459 1245 515 εὔδηλον
1268 462 1400 503 τοίνυν
1424 454 1481 513 ιὥς
1509 461 1530 505 ὃ
1551 465 1592 506 ἐν
1615 468 1737 518 βασι-

285 531 421 569 λεῦσιν
443 527 588 577 ἐκεῖνος
609 528 792 582 ἀοίδιμος
805 528 978 578 Ἀλέξως
997 532 1076 570 τῶν
1108 532 1180 583 τῆς
1203 530 1411 582 βασιλείας
1440 529 1650 588 σκήπτρων
1672 534 1738 588 ἐγ-

231 604 265 639 Ῑ)
288 595 439 652 κρατὴς
469 594 675 651 γενόμενος
713 597 759 638 οὗ
790 595 913 651 μόνον
950 597 1022 638 οὐκ
1055 595 1265 647 αἲτιάσεως
1296 596 1407 648 ἄξιος
1436 598 1528 640 ἀλλ’
1559 599 1638 655 ἤδη
1670 602 1771 645 καὶὸ

284 663 490 720 ἐγκωμίων
518 671 602 715 τοῖς
631 660 675 707 εὖ
704 670 898 722 φρονοῦσι
921 663 1159 722 κριθήσεται
1188 667 1254 707 καὶ
1275 664 1497 722 ὑπόδειγμα
1521 669 1588 709 καὶ
1617 668 1739 725 ἀρχέ-

284 749 410 775 τυπον
433 732 591 788 ἀγαθὸν
610 740 693 784 τοῖς
714 735 857 790 ἐφεξῆς
876 729 1190 790 προτεθήσεται,
1226 732 1281 784 ὥς
1316 733 1366 776 ἂν
1392 737 1460 776 καὶ
1491 735 1616 792 ἕτεροι
1644 737 1739 788 τοὺς

284 801 481 858 φυσικοὺς
521 801 654 844 αὐτῶν
691 803 853 859 κυρίους
888 803 1330 859 παρευδοκιμουμένους
1372 801 1541 859 ὁρῶντες
1583 805 1650 846 καὶ
1692 804 1738 847 τὸ

284 868 577 927 προσαρμόσαν
601 870 736 920 αὐτοῖς
757 871 951 913 ἀνέκαθεν
973 873 1126 912 δίκαιον
1149 871 1473 928 ἀφαιρουμένους
1497 870 1741 928 παραζηλώ-

678 939 689 954 Χ
729 938 749 953 ΊΙ

166 943 195 976 P
220 943 263 979 11
286 954 410 980 σωσιν
442 940 504 979 ε’πὶ
532 945 615 988 τοῖς
643 956 694 980 τα
722 941 843 981 αδικα
878 938 1123 991 πεπονθόσι,
1164 941 1231 981 καὶ
1265 944 1399 981 πᾶσαν
1425 940 1499 993 μὲν
1524 941 1738 998 εἰσφέρουσι
1750 951 1794 986 10

283 1007 465 1061 σπουδὴν
486 1008 548 1048 ἐπὶ
573 1007 646 1061 τὴν
666 1006 818 1049 τούτων
838 1009 1037 1062 ἐκδίκησιν
1063 1009 1130 1049 καὶ
1154 1010 1209 1057 εἷς
1235 1008 1280 1049 τὸ
1304 1008 1585 1050 ἀποκαθιστᾶν
1603 1009 1739 1059 αὐτοῖς

285 1075 358 1129 τὴν
394 1075 527 1117 αὐτῶν
561 1078 828 1132 κληρονομίαν
865 1078 920 1126 εἷς
954 1075 1034 1132 ἀφ’
1074 1070 1129 1118 ὧν
1159 1074 1477 1128 ε’κπεπτώκασιν,
1519 1078 1553 1118 εἷ
1585 1077 1629 1119 δὲ
1659 1081 1740 1119 τῶν

285 1142 533 1199 πραγμάτων
557 1143 654 1193 ἴσως
676 1142 986 1186 ἀντιπιπτόντων
1005 1149 1122 1186 τοῦτο
1144 1144 1201 1199 μὴ
1225 1143 1430 1197 δύναιντο,
1459 1145 1530 1187 τὸν
1550 1150 1647 1200 γοῦν
1666 1145 1740 1200 τὴν

283 1213 380 1265 βίαν
417 1210 574 1261 τούτοις
612 1210 866 1267 ἕπενεγκόντα
902 1211 1228 1266 ἀντιβιάζωνται,
1276 1214 1343 1254 καὶ
1382 1212 1452 1255 τὸν
1496 1212 1740 1264 ἓκδιώξαντα

181 1263 260 1345 vg
283 1278 449 1329 τούτους
470 1285 542 1335 τῆς
563 1282 709 1330 οἰκείας
730 1282 996 1337 κληρονομίας
1018 1279 1166 1335 ταύτης
1187 1278 1440 1323 ἀποδιώκωσι
1451 1313 1464 1334 ,
1499 1281 1557 1336 μὴ
1580 1299 1738 1337 συγχω-
1751 1291 1794 1328 15

284 1353 446 1405 ροῧντες
480 1349 590 1406 αὐτῷ
622 1354 693 1404 τῆς
722 1351 868 1398 οἰκείας
899 1351 1167 1405 κακοτροπίας
1197 1347 1453 1401 ἀπόνασθαι,
1486 1348 1541 1399 ὥς
1563 1352 1629 1391 καὶ
1654 1349 1739 1392 ἑτέ-

283 1433 381 1474 ρους
414 1418 563 1459 ἀδικεῖν
594 1419 868 1475 ἐγχειροῦντας
901 1417 946 1460 τὸ
978 1417 1036 1472 μὴ
1061 1417 1287 1459 ἀπολαῦσαι
1311 1411 1367 1459 ὧν
1389 1416 1547 1474 ἑτέρους
1567 1418 1740 1461 ἀποστε-

283 1484 489 1541 ρήσουσιν.
571 1486 608 1527 οἳ
638 1486 715 1543 γὰρ
749 1486 806 1540 μὴ
841 1485 968 1536 οὕτως
998 1490 1215 1540 τηνικαῦτα
1244 1484 1515 1542 φρονήσαντες
1547 1487 1652 1541 μηδὲ
1681 1490 1741 1544 τῷ

282 1555 507 1610 Κομνηνῷ,
541 1554 686 1595 ταύτὸν
718 1555 761 1596 δὲ
789 1557 909 1596 εἰπεῖν
935 1558 993 1612 τῷ
1017 1553 1183 1613 Δούκᾳ,
1218 1556 1307 1610 περὶ
1336 1554 1409 1608 τὴν
1441 1558 1513 1608 τῆς
1543 1558 1739 1611 κληρονο-

231 1626 262 1660 C
283 1623 381 1676 μιάς
402 1622 534 1664 αὐτῶν
554 1621 880 1664 ἀποκατάστασιν
894 1621 1173 1678 συναράμενοι,
1211 1621 1314 1663 ἀλλὰ
1335 1623 1403 1663 καὶ
1423 1626 1578 1675 μᾶλλον
1600 1620 1736 1665 ὁπωσ-
1747 1627 1795 1663 20

282 1695 354 1733 οὗν
382 1689 540 1740 τούτοις
573 1689 845 1740 ἀντιπεσόντες
874 1691 941 1732 καὶ
973 1691 1030 1745 μὴ
1063 1690 1254 1748 ῥίψαντες
1276 1689 1328 1732 τὰ
1351 1688 1456 1732 ὅπλα
1477 1691 1544 1732 καὶ
1565 1690 1635 1732 τὸν
1657 1689 1739 1748 φύ-

375 1798 430 1833 15.
455 1795 711 1843 οἷποδιοόκωσι]
735 1794 1065 1832 ἄνταποδιιόκωσιὲ

281 1891 336 1924 ret
352 1901 371 1923 e
385 1888 555 1923 Ducamm
571 1889 668 1923 domo
682 1888 796 1934 regia,
827 1892 864 1923 et
877 1889 972 1934 ipsa,
1005 1889 1099 1923 cuius
1124 1900 1144 1923 e
1170 1888 1276 1934 stirpe
1301 1890 1408 1924 mater
1425 1888 1497 1923 eius
1512 1888 1738 1925 nobilissimus

281 1935 484 1969 effloruerat
506 1935 668 1969 surculus.
716 1935 790 1980 quis
818 1935 904 1968 enim
927 1946 1009 1969 sane
1033 1939 1112 1981 post
1134 1935 1388 1969 Constantinum
1413 1936 1737 1980 Porphyrogenitum

280 1981 355 2014 vita
377 1981 569 2014 defunctum
593 1980 716 2025 potiori
737 1992 836 2025 quam
851 1981 994 2014 Ioannes
1018 1981 1062 2014 ad
1085 1980 1313 2025 imperandum
1333 1981 1407 2015 iure
1431 1981 1538 2015 videri
1565 1981 1737 2026 praeditus

280 2026 423 2072 posset?
468 2027 677 2060 manifestum
693 2032 744 2059 est
759 2026 860 2070 igitur
876 2026 1127 2060 celeberrimum
1142 2026 1231 2059 ilium
1250 2026 1338 2060 inter
1353 2027 1574 2071 imperatores
1582 2026 1735 2060 Alexium

279 2071 423 2116 imperio
440 2072 502 2105 sibi
522 2072 718 2106 vindicando
735 2083 801 2105 non
816 2072 914 2105 modo
930 2072 1010 2105 nihil
1027 2072 1174 2116 iniquum
1189 2076 1248 2105 aut
1262 2072 1572 2117 reprehendendum
1585 2071 1736 2106 admisis-

281 2128 338 2152 se:
370 2129 487 2150 verum
512 2118 612 2151 etiam
636 2118 665 2151 si
691 2117 764 2162 quis
788 2124 882 2151 recte
909 2129 948 2151 ac
974 2118 1160 2163 prudenter
1177 2117 1319 2162 pretium
1333 2118 1520 2152 actionibus
1535 2122 1657 2163 ponat,
1691 2128 1733 2151 eo

280 2163 355 2208 ipso
371 2164 503 2196 nomine
517 2163 623 2196 videri
639 2164 763 2196 debere
777 2163 878 2197 laude
897 2163 1030 2207 dignum
1046 2163 1231 2208 praecipua
1242 2188 1253 2203 ‚
1284 2168 1320 2196 et
1342 2164 1526 2208 exemplum
1541 2162 1736 2207 praebuisse

282 2208 445 2242 imitabile
471 2209 614 2253 posteris
638 2209 680 2242 ad
706 2220 801 2242 usum
819 2214 852 2242 et
868 2220 1039 2242 commune
1056 2209 1261 2242 commodum
1277 2219 1385 2242 rerum
1401 2210 1633 2242 humanarum:
1660 2207 1734 2241 imi-

282 2258 375 2288 tatus
390 2254 423 2288 in
439 2254 502 2288 hoc
519 2259 555 2287 et
567 2254 642 2298 ipse
658 2259 869 2298 praestantes
886 2266 928 2288 ex
943 2254 1047 2299 priori
1063 2254 1220 2288 memoria
1234 2254 1342 2295 viros,
1373 2254 1431 2298 qui
1444 2252 1540 2287 simili
1556 2252 1631 2286 vice
1645 2256 1734 2287 tem-

280 2310 401 2346 porum
427 2305 604 2334 cernentes
626 2301 794 2333 naturales
817 2311 896 2333 suos
922 2300 1073 2334 dominos
1096 2299 1250 2345 populari
1272 2300 1410 2333 levitate
1436 2303 1470 2332 et
1498 2297 1732 2334 seditiosorum

280 2346 512 2380 rebeuantium
528 2345 733 2378 contumacia
749 2346 919 2390 perculsos
934 2345 1102 2379 excidisse
1117 2345 1208 2378 avita
1223 2345 1434 2389 possessione
1447 2343 1663 2388 principatus,
1677 2354 1734 2378 se-

282 2402 322 2426 se
338 2391 488 2425 vindices
502 2402 667 2435 generose
682 2402 722 2424 ac
736 2391 871 2424 sortiter
887 2391 1035 2424 tulerunt
1049 2390 1239 2424 iniuriarum
1253 2390 1418 2424 illatarum
1432 2389 1532 2434 ipsis,
1559 2394 1733 2423 conatum-

282 2448 351 2481 que
373 2448 501 2471 omnem
524 2436 746 2470 adhibuerunt
770 2436 812 2469 ad
837 2436 1045 2470 ulciscendos
1062 2448 1176 2470 eorum
1194 2437 1317 2478 hostes,
1333 2440 1367 2468 et
1381 2435 1471 2480 ipsos
1486 2434 1519 2467 in
1539 2434 1733 2468 haeredita·-

280 2488 351 2517 tem
365 2483 526 2516 maiorum
536 2507 547 2525 ‚
578 2481 666 2515 unde
681 2482 816 2515 fuerant
829 2481 946 2523 eiecti,
975 2482 1214 2516 restituendos.
1275 2480 1392 2526 quodsi
1407 2479 1550 2523 negotiis
1565 2480 1732 2515 obstanti-

281 2529 345 2562 bus
360 2529 394 2561 id
412 2528 516 2562 minus
530 2532 689 2572 possent,
720 2527 755 2561 vi
778 2533 870 2561 certe
893 2531 1007 2561 mutua
1033 2527 1195 2561 violentia
1210 2527 1277 2562 usis
1292 2525 1464 2560 inferenda
1479 2527 1733 2570 perturbatores

281 2574 421 2607 aliorum
437 2574 569 2617 quietos
586 2584 661 2607 esse
676 2585 742 2607 non
756 2573 904 2607 sinerent
915 2599 926 2616 ‚
957 2584 1018 2606 nec
1034 2573 1295 2613 committerent,
1324 2575 1362 2604 ut
1376 2582 1436 2615 per
1449 2571 1598 2615 ipsorum
1612 2582 1734 2605 socor-

281 2619 369 2652 diam
396 2619 610 2652 incubatores
636 2618 735 2652 alieni
757 2618 946 2663 patrimonii
968 2619 1146 2664 tranquillo
1170 2617 1324 2662 amplexu
1348 2616 1496 2661 praedae
1521 2628 1603 2650 suae
1628 2617 1732 2661 longe

281 2665 380 2699 alium
396 2676 494 2708 quam
509 2676 574 2708 quo
588 2664 683 2708 digni
698 2670 791 2698 erant
807 2664 942 2698 sceleris
957 2665 1007 2698 sui
1024 2666 1169 2698 fructum
1183 2673 1317 2707 capere.
1362 2673 1426 2695 nec
1442 2673 1521 2695 vero
1538 2662 1595 2696 ina
1610 2673 1733 2707 capes-

280 2710 368 2745 senti
385 2710 554 2743 Comneno
573 2721 634 2753 pro
651 2720 713 2743 sua
728 2710 962 2754 Ducarumque
989 2709 1110 2743 familia
1132 2713 1183 2742 tot
1204 2719 1243 2742 se
1258 2707 1321 2740 viri
1335 2710 1404 2740 tum
1421 2712 1630 2752 praestantes
1645 2718 1731 2742 con-

279 2766 380 2791 sensu
395 2760 490 2788 tanto
509 2760 773 2798 aggregassent,
802 2755 865 2788 nisi
889 2766 929 2788 eo
951 2755 1072 2796 modo,
1103 2765 1200 2799 quem
1223 2752 1455 2798 exposuimus,
1485 2753 1589 2797 ipsius
1614 2755 1732 2787 essent

281 2806 423 2837 mentem
448 2812 488 2834 ac
503 2799 756 2834 destinationem
771 2799 994 2854 interpretati.
1041 2799 1183 2843 alioquin
1208 2797 1364 2832 obstituri
1390 2798 1420 2832 ei
1444 2798 1578 2844 potius,
1609 2801 1731 2844 utpote

279 2847 397 2884 rebelli
410 2846 494 2883 etin
507 2856 583 2881 eum
592 2871 604 2890 ‚
635 2845 692 2891 qui
706 2850 830 2882 natura
841 2845 905 2880 sibi
919 2850 1013 2880 esset.
1027 2843 1197 2887 dominus,
1226 2854 1320 2880 arma.
1342 2843 1445 2890 impia
1465 2843 1610 2880 sumenti
1620 2868 1635 2890 ,
1664 2853 1733 2889 pro
