1878 3262
263 187 359 236 142
694 219 697 222 .
739 182 961 228 IOANNIS
996 181 1222 227 GINNAMI

261 320 336 353 κας
355 295 562 357 διατριβήν
581 314 670 340 τινα
690 296 870 339 ἐνταῦθα
888 299 1091 339 ποιεῖσθαι
1108 293 1345 354 ἀσύμφορον
1363 299 1516 355 οἰηθείς
1522 331 1535 352 ,
1571 298 1627 350 ὥς
1646 300 1704 356 μὴ

255 368 469 425 Ῥιτζάρὸῳ
488 366 581 408 κατ’
602 366 783 416 ἐξουσίαν
802 365 875 419 τὴν
891 369 964 407 τοῦ
980 365 1154 419 πολέμου
1177 366 1412 410 διοικεῖσθαι
1430 366 1547 410 δώσει
1566 366 1704 426 ῥοπήν,

260 442 389 481 ταῦτα
421 436 492 489 μὲν
522 436 562 476 ἓν
589 438 647 490 τῷ
671 434 767 481 τέως
803 437 1011 491 παρῆλθε,
1048 432 1216 475 δυνατὸν
1239 431 1284 475 ὃν
1303 435 1369 476 καὶ
1391 436 1582 478 εἷσέπειτα
1602 436 1706 478 κατὰ

261 504 400 561 καιρὸν
427 504 671 553 ἄνθε’ξεσθαι
700 499 873 553 τούτων,
910 503 971 543 ἐπὶ
997 502 1040 543 δὲ
1069 501 1138 543 τὸν
1157 499 1384 559 Ῥιτζάρὸον
1414 502 1525 554 ὅλαις
1543 505 1704 562 ἐφέρετο

260 572 416 630 ὃρμαΐς.
485 570 567 613 ἔστι
597 571 642 612 δέ
660 587 698 612 τι
721 569 1006 612 ε’πιθαλάττιον
1030 568 1208 623 πόλισμα
1239 571 1399 626 Βαρλὲτ
1417 570 1568 625 ὄνομα,
1604 572 1737 615 ἕνθαό

258 641 328 684 τὸν
358 640 621 696 καντζιλέριον
644 639 869 693 συνέβαινεν
900 637 1009 680 εἶναι.
1078 636 1220 680 τούτου
1247 638 1296 693 δὴ
1326 638 1494 694 ἄγχιστα
1514 641 1707 698 γενομένῳ

141 724 171 758 P
195 723 240 758 83
261 713 320 767 τῷ
341 706 486 767 Δούκα
508 708 635 756 ἷππεῖς
660 708 701 748 ἐκ
721 711 792 762 τῆς
819 708 964 748 ἐκείνου
987 710 1177 762 στρατιᾶς
1202 705 1422 764 τριακόσιοι
1445 705 1622 761 μάλιστα
1642 710 1707 750 ἔκ-

259 778 416 835 δρομὴν
436 774 695 830 ποιησάμενοι
714 774 799 829 ἅμα
827 777 952 827 πεζιῦν
973 773 1148 832 φάλαγγι
1167 777 1366 832 αἷφνίὸιον
1384 774 1633 831 ὑπηντίαζον.
1686 774 1707 818 ὅ

263 848 307 889 δὲ
324 850 382 903 τῷ
408 842 623 902 ἀπροόπτῳ
649 845 773 898 μηδὲν
794 845 1058 899 καταπλαγεὶς
1077 845 1117 893 ἐς
1134 841 1323 900 φάλαγγά
1340 862 1380 886 τε
1398 845 1611 886 ἐπυκνοῦτο
1634 861 1709 886 τα-

262 915 315 969 χὺ
344 915 410 956 καὶ
433 913 506 955 σὺν
535 911 640 969 ῥύμῃ
673 914 835 971 σφοδρᾷ
861 912 952 954 κατ’
988 912 1120 953 αὐτῶν
1135 913 1240 964 ἵετο,
1276 912 1376 969 πρὸς
1400 911 1532 970 βραχύ
1550 930 1591 955 τε
1609 911 1711 954 acmo-
1724 921 1768 956 10

267 980 430 1031 στάντες
457 981 688 1038 ἐτρέψαντο.
759 980 860 1022 ἔνθα
881 979 1093 1034 Ῥωμαίοις
1109 981 1181 1034 μὲν
1201 986 1284 1030 τοῖς
1305 980 1441 1031 ἄλλοις
1459 981 1531 1022 οὐκ
1551 979 1628 1034 ἔχω
1646 981 1711 1022 λε’-

265 1068 345 1107 γειν
367 1049 476 1099 ὅπως
507 1047 661 1105 ἑκάστῳ
693 1049 1077 1105 ἀνδραγαθίσασθαι
1105 1049 1292 1104 ἐξεγένετο
1305 1081 1318 1101 ,
1354 1048 1375 1091 ὅ
1392 1066 1433 1105 γε
1450 1049 1530 1103 μὴν
1549 1046 1714 1099 Δούκας

265 1121 307 1169 ἐς
333 1115 546 1175 τριάκοντά
575 1134 699 1173 φασιν
730 1118 793 1158 ἐπὶ
829 1116 962 1171 στόμα
987 1115 1194 1173 κατήνεγκε
1224 1118 1294 1167 ξὺν
1311 1122 1368 1175 τῷ
1388 1116 1526 1174 δόρατι
1546 1115 1714 1159 ἐπελαύ-

265 1204 365 1238 νων,
401 1186 475 1235 ἕως
503 1189 640 1226 πυλῶν
668 1185 780 1227 ἔνδον
804 1186 976 1235 πολλοὺς
1004 1190 1082 1227 τῶν
1113 1186 1313 1242 σφετέρων
1340 1184 1608 1239 ἀποβαλόντες
1630 1185 1714 1240 ἐγέ-

266 1272 395 1298 νοντο.
458 1252 648 1307 Ῥωμαῖοι
677 1254 719 1295 δὲ
741 1254 867 1295 ὀπίσω
897 1252 1130 1304 διώξαντες,
1166 1254 1299 1308 ἐπειδὴ
1322 1249 1600 1305 συνεσκόταζεν
1621 1253 1713 1309 ἤὸη,
1724 1260 1767 1296 15

267 1324 331 1366 ἐπὶ
349 1323 393 1365 τὸ
421 1319 692 1378 στρατόπεδον
720 1320 945 1378 ἀνεχώρουν
951 1353 964 1374 ,
1001 1322 1131 1363 οὐδενὶ
1156 1319 1275 1379 ἑτέρῳ
1295 1319 1316 1362 ὅ
1333 1340 1370 1364 τι
1390 1323 1446 1376 μὴ
1466 1326 1546 1364 τῶν
1564 1326 1716 1375 μισθο-

214 1403 245 1438 Β
270 1389 502 1450 φορούντων
535 1389 798 1444 ζημιωθέντες
828 1390 975 1432 ἱππέων
1003 1392 1091 1432 τινί.
1159 1390 1231 1444 τὴν
1250 1390 1322 1443 μὲν
1342 1385 1412 1432 οὖν
1430 1389 1554 1432 νύκτα
1570 1391 1717 1444 ἐκείνην

149 1473 180 1507 V
203 1473 246 1509 65
274 1457 454 1502 ἐνταῦθά
477 1475 553 1499 που
573 1458 801 1512 ηὐλίσαντο,
831 1457 918 1511 ἅμα
937 1459 980 1500 δὲ
999 1456 1129 1517 ἡμέρα
1150 1456 1249 1499 ὁδοῦ
1267 1459 1431 1512 εἴχοντο.
1499 1462 1616 1500 τοῦτο
1634 1475 1718 1512 μα-

264 1528 355 1570 θών
377 1526 397 1568 ὅ
415 1525 665 1582 Ῥιτζάρὸος,
702 1524 757 1575 ὥς
783 1527 840 1580 μὴ
867 1525 1063 1568 κύκλωσίν
1088 1543 1177 1567 τινα
1197 1526 1322 1568 αὐτοῦ
1340 1525 1528 1579 Ῥωμαῖοι
1544 1524 1718 1581 ποιησά-

265 1612 376 1651 μενοι
398 1592 594 1648 ἀνήκεστα
613 1591 805 1650 δράσωσι,
835 1593 907 1647 τὴν
924 1595 1114 1648 ταχίστην
1133 1595 1283 1636 ἐκεῖθεν
1303 1595 1477 1651 ἐφέρετο,
1514 1595 1554 1636 ἓν
1566 1594 1718 1652 Ἄντρῳ
1729 1601 1775 1635 20

265 1682 307 1707 τε
328 1662 495 1720 γεγονὼς
517 1663 695 1703 ἐνταῦθα
717 1661 861 1715 ἔμενεν.
928 1660 948 1703 ὃ
973 1663 1016 1703 δὲ
1037 1660 1202 1711 Δούκας
1218 1663 1262 1704 τὸ
1287 1663 1360 1704 σὺν
1378 1667 1436 1719 τῷ
1449 1661 1720 1719 Παλαιολόγῳ

236 1739 237 1742 ’
267 1730 490 1789 ῥυσάμενος
520 1728 747 1786 στράτευμα
779 1731 840 1773 ἐπὶ
863 1728 1090 1786 Ῥιτζάρὸον
1118 1730 1344 1783 μετέβαινε,
1380 1731 1508 1772 καίτοι
1541 1734 1612 1785 τῆς
1631 1731 1722 1788 περὶ

270 1800 391 1843 αὐτὸν
431 1796 638 1852 δυνάμεως
676 1802 812 1855 πολλῷ
848 1797 920 1852 τὴν
948 1796 1155 1852 Ῥωμαίων
1196 1796 1344 1853 πλήθει
1378 1796 1723 1855 ὑπερβαλλούσης.

360 1907 395 1943 5.
417 1902 576 1950 Βαρλὲτ]
598 1904 723 1938 Nonne
746 1902 958 1948 Βαρλὲτονῒ
980 1908 1019 1938 ut
1039 1905 1128 1939 infra
1149 1902 1367 1949 Μαλφέτον.
1504 1907 1558 1941 12.
1583 1904 1722 1952 ἄνδρα·

361 1951 614 1997 γαθίσασθοιι]
642 1950 728 1984 Cod.
745 1947 1118 1995 ἄνδραγαθήσᾱσθαι.
1243 1953 1298 1987 18.
1321 1950 1487 1997 εἴχοντο]
1510 1953 1564 1987 Ita
1591 1953 1723 1987 Tollius

365 2010 386 2032 e
400 1997 606 2032 coniectura.
630 1996 714 2032 Cod.
732 1995 858 2040 εἴχετο.

275 2086 388 2120 Ducas
404 2087 534 2130 longius
551 2088 596 2121 ibi
611 2088 776 2123 immorari
801 2088 891 2122 haud
906 2100 925 2122 e
940 2099 978 2122 re
994 2099 1056 2122 sua
1069 2089 1144 2123 fore
1159 2088 1360 2128 arbitratus,
1384 2100 1426 2122 ne
1447 2087 1616 2122 Richardo
1641 2088 1724 2122 belli

275 2143 339 2177 pro
363 2133 502 2166 arbitrio
526 2134 664 2177 gerendi
688 2134 895 2168 occasionem
918 2136 1116 2179 praeberet,
1148 2135 1181 2168 id
1205 2135 1239 2168 in
1266 2145 1425 2180 praesens
1449 2134 1581 2179 quidem
1597 2133 1722 2174 omisit,

276 2184 346 2211 tum
361 2178 461 2212 etiam
478 2179 567 2222 quod
583 2191 623 2211 eo
638 2179 670 2211 in
688 2185 861 2223 posterum
878 2180 1107 2225 opportuniori
1122 2183 1273 2225 tempore
1288 2180 1391 2225 potiri
1405 2191 1443 2213 se
1458 2190 1557 2224 posse
1572 2190 1636 2212 non
1652 2179 1721 2213 dif-

276 2224 409 2257 fideret.
455 2223 490 2256 in
514 2223 716 2258 Richardum
739 2225 841 2268 igitur
863 2230 934 2258 toto
957 2225 1083 2270 impetu
1109 2226 1305 2268 contendit,
1328 2225 1385 2270 qui
1404 2225 1436 2257 in
1456 2224 1616 2258 maritimo
1632 2236 1720 2269 quo-

277 2269 353 2303 dam
369 2269 492 2314 oppido
516 2273 584 2302 tum
608 2270 748 2312 agebat,
782 2270 835 2303 cui
861 2271 987 2304 Barleti
1004 2283 1140 2311 nomen,
1163 2271 1220 2305 ubi
1245 2271 1342 2304 etiam
1358 2269 1474 2303 aderat
1490 2269 1718 2307 cancellarius.

278 2326 351 2348 cum
368 2314 518 2359 proxime
534 2314 577 2347 ad
593 2316 709 2348 urbem
724 2315 922 2349 accessisset
936 2316 1057 2358 bacas,
1075 2317 1117 2350 de
1133 2316 1282 2351 exercitu
1295 2315 1452 2349 Richardi
1467 2314 1608 2348 trecenti
1623 2316 1720 2360 equi-

277 2365 331 2394 tes
357 2371 430 2393 cum
454 2360 599 2406 peditum
624 2360 806 2404 phalange,
836 2361 1020 2405 irruptione
1044 2363 1157 2403 facta,
1192 2361 1324 2395 obviam
1347 2360 1526 2405 improviso
1541 2365 1719 2396 venerunt.

277 2417 395 2439 verum
409 2417 447 2439 re
461 2406 632 2450 inopinata
655 2406 907 2450 haudquaquam
924 2407 1096 2450 perculsus
1112 2408 1226 2449 Ducas
1241 2433 1251 2448 ‚
1277 2407 1311 2440 in
1326 2406 1459 2440 densam
1473 2417 1511 2439 se
1527 2405 1631 2439 aciem
1649 2407 1720 2440 col-

277 2451 361 2494 legit
377 2451 526 2497 totisque
541 2451 668 2485 viribus
683 2451 716 2485 in
733 2452 845 2484 hostes
860 2451 973 2492 irruit,
998 2452 1054 2496 qui
1078 2453 1133 2486 vix
1149 2453 1350 2486 sustinentes
1363 2451 1522 2495 impetum
1537 2452 1628 2485 versi
1642 2456 1722 2487 sunt

276 2497 311 2531 in
327 2497 450 2540 fugam.
496 2508 536 2531 eo
555 2496 590 2530 in
617 2496 795 2530 certamine
816 2503 854 2530 ut
880 2497 984 2531 ceteri
1009 2508 1084 2531 sese
1100 2498 1264 2541 gesserint
1284 2496 1425 2531 Romani
1447 2501 1483 2530 et
1497 2497 1722 2542 unusquisque

279 2552 392 2576 eorum
417 2543 625 2587 praeclarum
648 2542 792 2576 ediderit
814 2542 961 2581 saoinus,
992 2543 1080 2576 haud
1103 2543 1255 2587 equidem
1270 2543 1382 2577 dicere
1404 2541 1538 2586 possim.
1582 2543 1616 2576 id
1634 2544 1723 2578 fama

279 2591 429 2631 constat,
452 2587 580 2622 Ducam
604 2589 705 2621 hasta
725 2588 895 2621 invectum
918 2588 1058 2632 triginta
1083 2594 1291 2633 prostrasse,
1327 2587 1434 2621 donec
1461 2587 1570 2621 multis
1585 2599 1722 2623 suorum

281 2632 409 2666 amissis
424 2633 513 2666 intra
527 2639 643 2678 portas
667 2644 742 2667 sese
765 2638 975 2678 receperunt.
1022 2634 1188 2678 fugientes
1203 2633 1342 2667 insecuti
1358 2633 1512 2675 Romani,
1540 2639 1724 2678 appetente

281 2679 348 2712 iam
362 2682 460 2711 nocte
472 2704 481 2718 ‚
503 2679 537 2711 in
561 2683 672 2712 castra
691 2679 818 2713 reversi
842 2684 920 2712 sunt
933 2704 943 2721 ,
967 2679 1056 2712 nullo
1071 2680 1135 2712 alio
1151 2685 1383 2724 praeterquam
1399 2689 1464 2712 uno
1481 2691 1525 2712 ex
1549 2679 1724 2714 conducti-

282 2724 340 2759 tiis
361 2723 526 2778 equitibus
551 2723 763 2768 interempto.
810 2729 910 2758 nocte
934 2724 991 2757 illa
1012 2725 1057 2758 ibi
1081 2729 1193 2758 castra
1208 2725 1322 2757 metati
1347 2730 1444 2757 sunt:
1467 2725 1526 2758 sed
1543 2725 1597 2759 ubi
1613 2725 1725 2759 illuxit

285 2770 357 2803 dies
369 2780 387 2812 ,s
399 2769 510 2804 itineri
524 2780 599 2802 sese
613 2769 800 2803 accinxere.
846 2770 898 2803 his
923 2770 1071 2814 acceptis
1086 2769 1274 2803 Richardus
1288 2795 1298 2811 ‚
1322 2769 1450 2803 veritus
1475 2781 1517 2803 ne
1533 2770 1559 2803 si
1579 2771 1725 2816 undique

285 2815 577 2850 circumveniretur
594 2825 615 2848 a
629 2815 786 2849 Romanis
798 2839 809 2858 ‚
830 2815 983 2850 damnum
997 2815 1085 2849 haud
1099 2814 1197 2850 facile
1210 2815 1419 2849 sarciendam
1432 2815 1631 2860 incurreret,
1644 2815 1728 2851 inde

559 2862 571 2875 Ι
