1878 3262
272 235 372 281 202
751 232 982 276 'IOANNIS
1017 233 1248 279 CINNAMI

213 355 247 391 D
271 347 366 391 ἀλλ’
396 344 509 388 οὔπω
538 341 651 404 ἔφθη
684 346 754 390 τὸν
765 345 925 405 Ἴστρον
944 351 1210 402 καταλαβεῖν,
1244 348 1415 394 κᾶκεῒνοι
1437 352 1511 408 τὴν
1525 350 1734 408 Ῥωμαίων

267 413 510 466 ἀκούσαντες
527 414 677 473 ἔφοδον
699 415 803 470 ταχὺ
823 414 1166 471 συσκευασάμενοι
1189 417 1459 477 ἀνεχώρησαν.

265 524 391 558 Istrum
407 526 631 568 pervenerat,
661 535 735 559 cum
749 524 795 559 illi
810 527 974 572 percepto
991 525 1221 563 Romanorum
1236 526 1407 573 adventu,
1437 519 1626 566 convasatis
1642 530 1735 567 cele-

264 569 348 605 riter
362 570 483 617 rebus,
512 574 607 606 retro
623 581 769 607 cessere.

620 788 1232 920 BIBAJO'N
1303 836 1378 890 E.

244 985 246 987 ’
271 960 314 1006 1·
392 940 564 1013 Ταῦτα
586 970 660 1025 μὲν
677 974 771 1028 τῇδε
791 973 1017 1028 συνηνέχθη
1038 972 1239 1029 γενέσθαι.
1283 970 1304 1014 ὅ
1325 972 1369 1014 δὲ
1384 973 1576 1026 βασιλεὺς
1595 972 1731 1028 ἐπειδὴ

266 1040 394 1094 μηδὲν
435 1037 679 1094 ὃθενδήποτε
720 1042 982 1084 ἀντιστατοῢν
1017 1046 1068 1098 τῇ
1092 1040 1303 1096 Ῥωμαίων
1338 1039 1578 1098 ὑπεφαίνετο
1610 1041 1731 1098 ἀρχῇ,

266 1109 533 1164 ψυχαγωγίας
561 1109 673 1151 ἕνεκα
703 1111 770 1151 ἐπί
798 1128 837 1153 τι
876 1115 958 1153 τῶν
983 1111 1099 1166 ἔγγὺς
1131 1111 1342 1167 Βυζαντίῳ
1365 1111 1528 1166 χωρίων
1562 1111 1764 1165 ε’ξῆλθε·5

265 1176 425 1233 Λόγγοι
455 1175 584 1230 ὄνομα
606 1175 750 1235 τούτῳ.
818 1179 999 1221 ἐνταῦθα
1019 1179 1231 1235 διατριβὴν
1251 1179 1514 1232 ποιουμένου,
1541 1177 1732 1233 ἦτὲλειος

265 1243 397 1302 ἡμέρα
414 1249 487 1287 τοῦ
504 1246 597 1299 βίου
626 1250 678 1302 τῇ
707 1249 889 1300 βασιλίδι
921 1248 1117 1302 ἐπεγένετο
1145 1246 1321 1305 Εἰρήνῃ,
1366 1249 1523 1302 γυναικὶ
1554 1248 1616 1288 ἐπὶ
1647 1264 1730 1289 σω-

263 1310 472 1371 φροσύνῃ,
508 1312 642 1370 ὥσπερ
674 1314 832 1372 εἴρηταί
858 1332 929 1370 μοι
962 1317 1028 1357 καὶ
1059 1313 1275 1373 πρότερον,
1312 1317 1380 1371 καὶ
1407 1313 1639 1370 κοσμιότητι
1661 1316 1758 1357 καὶ

248 1383 382 1440 ὀἴκτῳ
411 1387 469 1439 τῷ
498 1382 600 1439 πρὸς
625 1383 721 1433 τοὺς
754 1385 966 1438 δεομένους
992 1388 1131 1442 πολλῷ
1150 1385 1224 1434 τὰς
1241 1384 1333 1426 κατ’
1355 1385 1502 1426 ἐκεῖνον
1522 1382 1729 1441 ῧπερβαλ-

116 1455 145 1489 P
172 1456 235 1491 118
260 1450 389 1508 λούσῃ
408 1451 478 1493 τὸν
491 1450 652 1508 χρόνον.
724 1451 826 1508 αὕτη
848 1455 955 1495 δυεῖν
973 1454 1047 1506 μὲν
1067 1453 1217 1509 ἐγένετο
1235 1455 1469 1510 θυγατρίων
1489 1451 1637 1508 μήτηρ,
1672 1446 1728 1494 ὧν
1741 1454 1786 1489 10

256 1519 284 1574 ἡ
304 1521 378 1574 μὲν
400 1521 653 1577 πρεσβυτέρα
674 1522 818 1575 ἐπεβίω
848 1539 890 1564 τε
921 1523 988 1563 καὶ
1017 1526 1076 1578 τῷ
1093 1524 1214 1578 πατρὶ
1235 1521 1511 1577 ξυνδιήγαγεν,
1540 1519 1664 1577 ἁτέρα
1685 1521 1730 1563 δὲ

240 1588 380 1645 Ιὀλίγῳ
411 1587 580 1644 ὕστερον
604 1588 674 1630 τὸν
701 1591 793 1643 βίον
814 1588 1131 1646 ’ξυνεμετρήσατο
1157 1591 1349 1646 τέταρτον
1372 1588 1530 1644 ἡλικίας
1546 1588 1728 1631 ἄνύουσα

239 1673 241 1675 ·
252 1655 414 1713 χρόνον.
486 1656 582 1698 ἀλλ’
608 1656 664 1699 ἔτι
689 1662 828 1715 περιῆν
858 1657 885 1713 ἡ
909 1665 1004 1708 παῖς
1022 1662 1073 1714 τῇ
1097 1657 1203 1716 νόσῳ
1224 1660 1477 1710 παλαίουσα,
1515 1659 1582 1700 καὶ
1601 1656 1622 1700 ὃ
1643 1662 1727 1711 βα·
1760 1668 1762 1674 “

257 1724 414 1777 σιλεύς,
448 1729 529 1768 τῶν
551 1723 743 1782 ἑσπερίων
762 1731 821 1784 τῷ
848 1725 935 1769 τότε
954 1725 1184 1769 καλούντων
1214 1725 1486 1783 πραγμάτων,
1520 1730 1601 1768 τῶν
1622 1726 1728 1768 κατὰ

256 1794 330 1848 τὴν
353 1793 489 1836 ἑστίαν
507 1793 706 1850 ἀφέμενος
726 1795 792 1836 ἐπ’
817 1796 945 1836 ἐκεῖνα
964 1793 1116 1848 ἐχώρει.
1187 1793 1302 1850 φήμη
1320 1793 1398 1850 γάρ
1417 1812 1478 1843 τις
1493 1792 1649 1850 ἐκράτει
1668 1798 1727 1852 τῷ
1738 1799 1783 1836 15

240 1866 478 1916 ’τηνικαῦτα
501 1860 556 1911 ὥς
579 1861 599 1903 ὃ
620 1868 700 1904 τῶν
722 1864 963 1915 Ἀλαμανῶν
992 1861 1066 1918 ῥὴξ
1087 1864 1331 1919 Φρεδερίκος
1347 1862 1393 1904 τὸ
1421 1861 1586 1916 σύμπαν
1605 1862 1725 1913 ἔθνος

258 1929 502 1984 ἀνακινήσας
522 1932 745 1987 πανστρατὶ
773 1931 836 1971 ἐπὶ
867 1930 940 1984 τὴν
956 1928 1166 1984 Ῥωμαίων
1196 1931 1357 1987 φέρεται
1374 1934 1460 1986 γῆν.
1507 1930 1575 1972 διὰ
1594 1929 1724 1974 ταῦτά

258 2016 300 2042 τε
328 1993 399 2039 οὖν
431 1999 499 2039 καὶ
530 1996 585 2048 ὡς
613 1997 634 2040 ὃ
663 2003 744 2041 τῶν
776 1997 940 2041 Οὕννων
965 1998 1040 2055 ῥὴξ
1058 1999 1212 2050 Ἰατζᾶς
1235 1999 1305 2041 τὸν
1330 2001 1421 2053 βίον
1447 1999 1636 2041 ἀπολίποι
1657 2000 1722 2040 ἐπὶ

258 2066 465 2125 Σαρδικὴν
483 2060 626 2122 ἦλθεν.
694 2066 797 2111 ἔνθα
828 2068 900 2125 ἐφ’
931 2067 1067 2112 ἱκανὸν
1085 2069 1306 2126 διατρίψας
1323 2069 1411 2126 περὶ
1431 2068 1619 2114 πλείστου
1647 2067 1720 2124 τὴν

682 2198 1126 2256 LIBER
1214 2198 1288 2256 V.

252 2333 287 2370 1.
332 2300 467 2370 Haec
483 2331 616 2376 quidem
640 2342 681 2365 eo
704 2331 770 2366 loci
793 2335 862 2367 tum
878 2333 1103 2378 contigerunt.
1149 2332 1331 2378 imperator
1345 2333 1454 2366 autem
1469 2341 1544 2366 cum
1559 2330 1715 2367 Romano

252 2379 392 2424 imperio
408 2379 544 2412 obstare
560 2378 638 2411 nihil
651 2378 829 2412 videretur
841 2406 850 2422 ‚
876 2380 972 2413 animi
989 2378 1164 2413 recreandi
1180 2390 1300 2422 causa,
1323 2378 1357 2411 in
1374 2377 1558 2423 proximum
1575 2378 1716 2422 Byzan-

253 2425 304 2459 tio
328 2424 521 2470 praedium,
548 2424 601 2457 cui
616 2424 724 2468 Longi
743 2435 861 2457 nomen
879 2431 952 2466 est,
977 2425 1131 2459 secessit.
1178 2425 1232 2458 hic
1251 2424 1328 2458 dum
1343 2428 1626 2466 commoraretur,
1651 2435 1715 2458 ex-

247 2473 390 2504 tremum
405 2470 498 2504 vitae
514 2469 600 2503 diem
618 2470 736 2503 clausit
758 2470 856 2503 Irene
880 2470 1096 2515 imperatrix,
1119 2470 1266 2512 femina,
1290 2481 1396 2514 quae,
1421 2469 1471 2504 uti
1494 2480 1596 2514 supra
1612 2480 1633 2502 a
1648 2480 1712 2503 no·-

249 2515 302 2550 bis
316 2517 442 2550 dictum
458 2520 530 2561 est,
554 2516 739 2560 modestia,
763 2527 890 2549 morum
906 2517 1097 2560 probitate,
1126 2521 1162 2550 et
1185 2516 1219 2550 in
1241 2526 1366 2560 egenos
1381 2514 1629 2559 misericordia,
1652 2526 1712 2549 ca-

251 2565 345 2595 teras
361 2573 443 2595 suae
459 2561 581 2595 aetatis
606 2562 706 2606 longe
721 2562 956 2607 praecellebat.
1005 2563 1143 2596 duarum
1161 2562 1219 2596 illa
1233 2562 1373 2595 filiarum
1392 2566 1502 2595 mater
1516 2561 1581 2594 fuit
1592 2587 1603 2604 ,
1625 2571 1713 2606 qua-

251 2617 327 2641 rum
342 2611 423 2640 natu
439 2607 544 2640 maior
560 2612 732 2652 superstes
747 2619 821 2642 cum
837 2614 935 2654 patre
950 2608 1054 2650 vixit,
1078 2608 1186 2642 altera
1200 2618 1282 2641 vero
1298 2606 1398 2652 paulo
1414 2614 1494 2652 post
1507 2611 1542 2641 et
1556 2606 1632 2652 ipsa
1647 2607 1712 2641 ob-

250 2651 311 2695 iit,
336 2656 490 2696 quartum
514 2654 635 2686 aetatis
659 2665 780 2687 annum
794 2665 910 2697 agens.
954 2665 1073 2688 verum
1099 2654 1210 2688 adhuc
1223 2656 1401 2698 supererat
1416 2665 1488 2688 cum
1502 2653 1621 2686 morbo
1637 2651 1711 2686 col·-

251 2697 385 2732 luctans
413 2698 579 2742 puellula,
603 2710 678 2733 cum
702 2700 904 2745 imperator,
935 2699 1153 2734 evocantibus
1176 2698 1269 2733 illum
1294 2699 1396 2732 rebus
1421 2697 1710 2741 Occidentalibus,

252 2742 453 2788 posthabitis
469 2743 658 2777 domesticis
669 2771 679 2787 ‚
714 2756 754 2778 eo
778 2757 816 2779 se
831 2746 982 2780 contulit.
1029 2747 1120 2779 fama
1135 2755 1275 2789 namque
1300 2748 1381 2778 tunc
1395 2745 1554 2791 temporis
1569 2754 1707 2790 percre-

252 2789 433 2823 brescebat
449 2800 563 2832 regem
578 2790 835 2825 Alemaunorum
850 2790 1064 2824 Fredericum
1074 2816 1084 2832 ,
1106 2790 1270 2824 universis
1285 2790 1403 2824 accitis
1418 2791 1628 2832 nationibus,
1650 2793 1708 2824 ω-

251 2834 298 2868 tis
316 2834 446 2869 viribus
467 2834 502 2867 in
528 2834 754 2869 Romanorum
786 2847 888 2881 agros
913 2837 1110 2882 irrumpere.
1157 2846 1199 2869 ea
1221 2835 1324 2880 igitur
1355 2842 1520 2882 propter,
1551 2840 1589 2870 et
1613 2834 1704 2881 quod

255 2879 367 2916 Geiza
386 2880 626 2926 Hungarorum
648 2892 709 2918 rex
732 2881 806 2918 vita
831 2882 1069 2926 concessisset,
1093 2881 1268 2918 Sardicam
1291 2883 1408 2918 venit:
1431 2882 1490 2918 ubi
1501 2879 1702 2929 aliquamdiu
