1878 3262
669 194 1064 240 HISTORIARUM
1095 197 1143 240 L.
1168 195 1247 241 lv.
1593 196 1688 246 141

366 308 410 355 4.
481 309 549 353 Τὰ
565 310 638 365 μὲν
656 303 728 353 οὖν
747 310 852 354 κατὰ
867 313 1002 369 Βᾶριν
1015 313 1111 369 τῇδε
1129 310 1342 371 ἐχώρησεν.
1399 311 1421 355 ὃ
1440 313 1484 357 δὲ
1497 315 1690 361 Παλαισ-

228 378 346 436 λόγος
368 379 503 434 ἐπειδὴ
522 377 672 435 ταύτην
695 379 808 434 ἴσχεν
819 412 833 433 ,
869 381 932 422 {ni
952 385 1106 437 Τρᾶνιν
1127 381 1313 425 ἀπέπλει·
1349 380 1542 443 ὁμολογίᾳ
1557 401 1600 426 τε
1621 386 1690 427 καὶ

227 447 379 504 ταύτην
416 447 799 505 παραστησάμενος,
854 446 938 491 εἶτα
979 451 1047 491 καὶ
1087 452 1130 491 Γ
1126 449 1344 505 ιβενᾶτζιον
1356 484 1369 503 ,
1417 449 1534 494 πόλιν
1566 450 1688 509 λόγου

227 518 357 569 ἀξίαν,
391 515 646 560 ὑπόσπονδον
665 516 892 573 ἐποιήσατο.
960 511 1011 571 ἦν
1030 518 1076 560 δέ
1092 518 1393 578 τιςῬιτζάρδος
1411 519 1553 575 ὄνομα,
1586 522 1688 580 ἀνὴρ

193 585 474 637 5κολαστικός.
529 586 748 645 ἄνθρωπον
766 586 844 643 γὰρ
863 587 931 628 καὶ
948 587 1011 628 ἐπὶ
1030 595 1190 644 μικροῖς
1208 589 1319 646 αὐτῷ
1335 590 1689 647 προσκεκρουκότα

225 654 282 706 ὥς
299 656 437 713 ἱερεῖον
460 660 715 708 καταθῦσαι,
750 654 778 710 ἢ
795 654 1005 711 σπλάγχνα
1031 656 1240 710 ἀνατεμεῖν
1260 660 1326 698 καὶ
1340 663 1487 715 χειρῶν
1508 658 1535 714 ἢ
1552 661 1688 701 ποδῶν

223 725 497 782 ἀποστερῆσαι
523 723 688 775 κόλασις
717 724 829 782 αὐτῷ
865 723 891 779 ἦ
918 724 1209 782 προχειροτάτη
1238 720 1301 780 ἦν.
1378 721 1496 777 οὗτος
1518 727 1686 785 Ἄντρου

222 795 296 848 μὲν
318 789 414 851 ἦρχε
435 795 644 850 φρουρίου,
677 795 719 835 Γ
717 795 936 848 ιβενατζίου
962 795 1005 836 δὲ
1017 799 1327 848 μεταποιεῖσθαι
1340 793 1564 848 Ῥωμαίους
1585 797 1686 853 ἀκη-

222 863 327 912 κοὼς
356 863 506 918 ἠπείλει
536 863 610 917 μὲν
639 864 705 904 καὶ
732 862 778 905 τὸ
811 861 1005 920 πρότερον
1034 863 1288 918 ἀποσχέσθαι
1315 868 1389 918 τῆς
1416 863 1688 921 ἐγχειρήσεως,

167 939 212 974 10
222 929 277 981 ὡς
299 931 342 973 δὲ
364 936 444 973 τῶν
471 932 644 973 ἀπειλῶν
663 930 1053 989 ἀφροντιστήσαντες
1075 934 1117 973 Γ
1114 931 1333 987 ιβενάτζιόν
1352 950 1394 974 τε
1413 933 1510 974 αὐτὸ
1537 931 1688 987 ὁμολο-

218 1002 286 1059 γίᾳ
315 999 431 1053 ἴσχον
458 1002 525 1042 καὶ
548 1002 637 1057 περὶ
666 1005 747 1042 τῶν
768 1003 918 1042 λοιπῶν
944 999 1150 1057 προϊόντες
1174 1002 1434 1054 ἐσκέπτοντο,
1469 1000 1620 1057 κόμησί
1639 1019 1681 1044 τε
1705 1004 1735 1039 C

220 1068 359 1118 ἄλλοις
381 1069 448 1110 καὶ
479 1069 528 1123 δὴ
553 1071 620 1111 καὶ
645 1073 704 1127 τῷ
723 1071 763 1110 Γ
761 1070 938 1123 ιλιέλμου
963 1072 1217 1128 καντζιλεριίρ
1243 1069 1510 1126 συγγεγονώς,
1546 1070 1592 1113 ὃν
1612 1076 1686 1113 λο-

218 1138 391 1194 γοθέτην
422 1137 523 1179 εἷ’ποι
545 1136 594 1179 ἄν
620 1155 681 1188 τις
699 1136 910 1193 ἑλληνίζων
938 1137 1040 1195 ἀνήρ
1052 1172 1065 1190 ,
1094 1140 1158 1181 ἐπὶ
1179 1143 1331 1197 Τρᾶνιν
1361 1139 1434 1181 σὺν
1452 1140 1590 1190 αὐτοῖς
1607 1135 1683 1195 ἦλ-

215 1209 292 1248 θεν
312 1203 367 1255 ὥς
386 1205 571 1260 αῧτοβοεὶ
600 1207 674 1262 τὴν
693 1205 810 1249 πόλιν
839 1206 1181 1265 ἀναρπασόμενος.
1248 1207 1464 1263 ἠκολούθει
1485 1209 1528 1250 δὲ
1547 1208 1685 1259 αὐτοῖς

161 1278 205 1316 15
217 1272 462 1331 στράτευμα,
493 1275 623 1325 ἱππεῖς
637 1276 711 1330 μὲν
730 1278 915 1330 δισχίλιοι
933 1278 1060 1328 πεζῶν
1082 1278 1125 1319 δὲ
1141 1278 1208 1319 καὶ
1229 1274 1402 1319 ὁπλιτῶν
1415 1275 1561 1333 μύριος
1581 1277 1683 1333 ἄγαν

215 1342 369 1398 ὅμιλος.
432 1342 624 1398 Ῥωμαῖοι
651 1346 784 1387 τοίνυν
812 1345 887 1387 σὺν
912 1347 1086 1404 βραχείᾳ
1104 1347 1180 1388 τινὶ
1210 1347 1276 1387 καὶ
1294 1344 1586 1403 ὀλιγανδρούσῃ
1609 1349 1683 1388 δυ·-

213 1411 331 1467 νάμει
364 1411 476 1454 ἔνδον
501 1413 813 1471 ἀπολειφθέντες
837 1415 932 1471 περί
954 1432 995 1456 τε
1028 1419 1079 1471 τῇ
1106 1413 1218 1456 πόλει
1251 1415 1356 1471 αὐτῇ
1381 1416 1448 1456 καὶ
1471 1421 1556 1464 τοῖς
1575 1414 1684 1465 ὅλοις

213 1480 372 1523 ἔδεισαν
401 1479 647 1538 πράγμασιν.
724 1482 822 1525 ὅθεν
862 1484 929 1524 καὶ
958 1483 1060 1537 ταχὺ
1088 1483 1158 1525 τὸν
1187 1482 1355 1525 Δούκαν
1384 1484 1682 1538 μετεπέμποντο

211 1548 423 1608 γράμμασι
443 1549 569 1605 τύχην
589 1551 699 1609 αὐτῷ
717 1551 791 1606 τὴν
812 1551 1034 1594 ἐνεστῶσαν
1051 1554 1391 1608 παραδηλοῦντες.
1440 1550 1461 1593 ὃ
1483 1553 1526 1593 δὲ
1544 1552 1681 1607 ἐπειδὴ

155 1619 264 1668 Ξοτὰ
282 1617 504 1676 γράμματα
530 1620 712 1672 ἐδέξατο,
747 1619 1098 1675 συσκευασάμενος
1121 1620 1356 1677 αὐθημερὸν
1377 1620 1450 1675 τὴν
1471 1620 1535 1662 ἐπὶ
1557 1624 1675 1677 Τρᾶ-
1697 1624 1731 1661 D

211 1706 272 1730 νιν
294 1689 487 1743 ἠπείγετο.
555 1689 751 1747 γενομένῳ
767 1693 864 1745 γοῦν
884 1691 978 1746 περί
998 1707 1086 1732 τινα
1101 1693 1239 1746 χῶρον
1262 1683 1294 1747 ᾧ
1320 1687 1519 1745 Βουνόςῆ
1540 1691 1682 1744 κλῆσίς

213 1756 340 1807 ἔστιν,
377 1755 540 1812 ἐξῄεσαν
564 1758 601 1800 οἷ
630 1756 758 1815 ταύτῃ
790 1758 1002 1816 ἄνθρωποι
1025 1757 1350 1815 παραλήψεσθαι
1369 1759 1487 1815 σφίσι
1507 1757 1581 1813 τὴν
1602 1756 1681 1800 πό-

211 1828 274 1866 λιν
296 1825 472 1880 ἀμαχητὶ
492 1826 561 1868 τὸν
574 1825 784 1882 Ῥωμαίων
804 1825 1118 1885 προτρεπόμενοι
1140 1825 1328 1884 στρατόν.
1396 1826 1494 1868 ἀλλ’
1519 1825 1541 1868 ὃ
1560 1824 1678 1878 Δούς

302 1933 358 1970 22.
382 1931 520 1979 ταύτῃ]
547 1934 635 1971 Cod.
657 1932 810 1980 ταύτην.

301 2025 336 2059 4.
382 2024 481 2059 Haec
495 2028 566 2060 tum
581 2025 625 2059 ad
639 2025 754 2059 Barim
776 2024 949 2069 contigere
960 2053 970 2070 ‚
995 2036 1062 2070 qua
1087 2028 1189 2071 capta
1203 2024 1428 2070 palaeologus
1442 2035 1562 2060 versus
1577 2025 1674 2062 Tra-

209 2070 278 2104 nim
295 2070 446 2115 navigat.
494 2083 535 2105 ea
551 2071 692 2105 civitate
707 2071 858 2105 similiter
873 2072 975 2105 certis
991 2071 1235 2105 conditionibus
1250 2072 1283 2105 in
1297 2072 1499 2106 deditionem
1515 2077 1670 2117 accepta,

207 2116 420 2151 Iuvenalium
435 2128 502 2151 non
519 2118 792 2151 contemnendam
808 2117 924 2151 urbem
939 2117 1078 2151 foedere
1092 2118 1157 2153 sibi
1172 2117 1334 2161 adiungit.
1381 2122 1459 2152 erat
1482 2117 1523 2151 iis
1538 2118 1571 2151 in
1586 2117 1672 2151 locis

209 2162 400 2197 Richardus
416 2163 548 2207 quidam
563 2164 661 2197 homo
676 2163 847 2197 vindictae
861 2163 1041 2197 sumendae
1055 2163 1138 2196 mire
1154 2163 1303 2208 cupidus.
1350 2163 1477 2209 quippe
1491 2163 1671 2206 hominem,

209 2219 232 2242 a
247 2219 314 2253 quo
338 2209 395 2243 vel
423 2209 592 2243 levissime
613 2214 705 2243 esset
719 2209 869 2243 offensus
881 2236 890 2252 ‚
924 2209 1020 2253 quasi
1035 2209 1204 2243 victimam
1220 2209 1383 2251 caedere,
1405 2209 1558 2243 manibus
1574 2209 1671 2254 pedi-

208 2254 339 2299 busque
362 2260 520 2289 truncare
533 2281 543 2298 ,
575 2255 774 2300 visceraque
799 2255 888 2288 illius
903 2255 1052 2289 avellere
1063 2280 1074 2296 ‚
1097 2254 1264 2289 levissima
1279 2255 1311 2289 ei
1326 2255 1507 2289 videbatur
1521 2255 1672 2289 animad-

170 2327 174 2330 .
208 2300 334 2336 versio.
380 2302 486 2335 Antro
502 2301 556 2335 hic
572 2301 709 2335 castello
726 2305 906 2346 praeerat:
941 2301 997 2346 qui
1012 2301 1067 2334 ubi
1083 2301 1294 2335 Iuvenatium
1308 2300 1342 2334 in
1357 2301 1588 2335 Romanorum
1603 2313 1671 2346 po-

208 2350 370 2380 testatem
395 2347 534 2381 iamiam*
551 2352 727 2382 venturum
743 2347 892 2392 accepit,
916 2346 952 2380 vi
974 2346 1018 2380 ab
1032 2347 1164 2392 incepto
1180 2347 1384 2381 desisterent
1398 2347 1561 2381 Romanis
1577 2358 1670 2381 com-

207 2391 353 2425 minatus
369 2397 431 2426 est.
479 2393 538 2426 sed
554 2393 676 2438 spretis
693 2393 852 2427 eiusmodi
866 2392 961 2426 minis
976 2392 1221 2438 Iuvenatioque
1236 2393 1269 2427 in
1286 2392 1386 2427 fidem
1401 2398 1541 2437 recepto
1551 2417 1563 2434 ‚
1592 2403 1669 2427 cum

208 2437 285 2482 quid
303 2438 461 2483 deinceps
476 2441 641 2483 agendum
657 2443 748 2473 esset
763 2439 991 2472 deliberarent
1009 2439 1154 2473 Romani
1171 2439 1379 2483 ulteriusque
1394 2441 1587 2484 pergerent,
1609 2438 1670 2473 ille

207 2483 384 2518 comitibus
407 2484 479 2518 aliis
504 2485 678 2519 adiunctus
700 2490 803 2529 atque
827 2484 911 2518 adeo
934 2484 999 2530 ipsi
1022 2485 1185 2519 Gulielmi
1210 2484 1428 2525 cancellario,
1454 2495 1554 2528 quem
1570 2484 1670 2529 logo-

206 2529 333 2563 thetam
349 2530 478 2564 Graeci
500 2536 647 2574 vocant,
670 2542 742 2564 cum
768 2530 810 2564 iis
832 2541 950 2565 versus
966 2530 1104 2564 Tranim
1129 2530 1261 2574 tendit,
1282 2531 1400 2564 urbem
1414 2530 1522 2574 primo
1537 2530 1667 2576 impetu

209 2581 470 2620 expugnaturus·
517 2577 579 2611 hos
596 2576 861 2621 subsequebatur
877 2575 1045 2610 exercitus
1071 2576 1218 2621 equitum
1235 2576 1377 2610 duorum
1390 2576 1544 2618 millium,
1566 2576 1666 2621 pedi-

208 2622 278 2654 tum
293 2632 377 2654 vero
394 2621 602 2668 aliorumque
631 2628 833 2656 armatorum
856 2621 1008 2655 infinitae
1032 2621 1261 2656 multitudiuis.
1309 2622 1366 2666 qui
1386 2622 1420 2655 in
1437 2621 1573 2656 civitate
1589 2633 1664 2657 cum

209 2665 340 2710 exiguis
354 2667 530 2702 admodum
546 2669 649 2715 copiis
664 2668 774 2702 relicti
788 2669 925 2702 fuerant
938 2667 1093 2709 Romani,
1117 2673 1187 2701 tum
1202 2667 1266 2701 sibi
1279 2670 1349 2702 tum
1365 2667 1495 2702 civitati
1509 2672 1663 2702 metuen-

208 2712 263 2743 tes
287 2711 441 2747 celeriter
454 2714 583 2748 Ducam
609 2715 778 2748 advocant
799 2718 835 2748 et
857 2715 1025 2748 fortunam
1049 2713 1096 2747 illi
1110 2718 1322 2758 praesentem
1337 2725 1399 2758 per
1421 2713 1538 2748 literas
1555 2725 1663 2759 expo-

208 2759 304 2790 nunt.
349 2769 430 2802 quas
452 2760 512 2794 ubi
533 2760 589 2794 ille
611 2760 741 2806 accepit
752 2786 763 2803 ‚
793 2759 892 2794 motis
909 2759 1028 2794 eodem
1044 2759 1098 2793 die
1112 2759 1233 2794 castris
1249 2760 1294 2793 ad
1319 2759 1457 2793 'l'ranim
1471 2759 1523 2793 ire
1540 2759 1660 2805 pergit.

210 2802 340 2854 cum-ad
353 2803 461 2839 locum
476 2806 648 2850 quemdam
661 2832 672 2848 ‚
695 2807 750 2840 cui
775 2817 894 2840 nomen
909 2806 1024 2848 Bun0‚
1046 2805 1213 2846 venisset,
1239 2805 1367 2850 egressi
1383 2805 1516 2840 obviam
1529 2805 1660 2838 incolae

208 2851 248 2880 ut
262 2847 434 2884 civitatem
448 2850 535 2887 citra
549 2857 719 2888 certamen
732 2852 902 2899 reciperet
915 2852 1086 2888 Romanus
1102 2852 1273 2888 exercitus
1288 2852 1563 2887 cohortabantur.
1595 2849 1658 2884 sed
