1878 3262
597 183 991 229 HISTORIARUM
1024 185 1071 227 L.
1107 183 1184 227 VI.
1518 184 1618 230 257

159 297 347 354 πέμψατὲ
357 314 445 341 τινα
461 297 564 355 πρὸς
580 297 678 340 θεὸν
699 297 920 353 ἱκετηρίαν,
953 297 1140 352 πέμψατε
1161 296 1374 351 ἀντιβολῶ.
1444 296 1520 341 κᾶν
1541 298 1617 352 μὲν

159 368 230 410 οὐκ
246 367 383 424 ὀρθῶς
399 367 518 422 ἔγωγε
540 368 628 424 περὶ
647 371 788 408 τοῦτον
809 367 859 420 δὴ
879 366 948 408 τὸν
968 366 1072 423 ἱερὸν
1092 365 1332 421 ἐκονισάμην
1350 366 1506 421 ἀγῶνα,
1532 385 1616 423 μη-

156 436 238 478 κέτι
253 436 353 490 μηδ’
376 434 569 477 εἷσέπειτά
583 452 653 489 μοι
670 435 982 492 τελεσφορηθείη
1000 435 1160 490 σπέρμα
1174 436 1311 490 γένους
1329 432 1618 492 ἐκατέρου-μη-

156 505 223 546 δέν
233 534 246 555 ,
278 504 384 558 μηδ’
416 503 585 558 ὀναίμην
618 505 787 545 ἐλπίδων
814 507 894 544 τῶν
922 502 1123 555 ἐμαυτοῦ,
1155 505 1191 545 εἴ
1214 503 1256 545 δ’
1287 503 1437 558 ἀρεστὰ
1457 508 1546 560 θεῷ
1564 503 1617 546 τὰ

123 576 226 627 ὁτῆς
246 573 344 626 ἐμῆς
361 570 520 628 γνιόμης
536 573 665 623 ἐστίν,
702 571 774 612 οὔκ
808 572 863 620 εἷς
881 568 1043 625 μακράν
1059 587 1130 623 μοι
1149 570 1221 625 τὴν
1239 571 1380 613 ἐλπίδα
1403 573 1614 628 παρέξοιτο

155 639 350 695 ταύτην.”
422 638 442 682 ὃ
467 641 540 694 μὲν
567 643 744 682 τοσαῦτα
771 638 892 681 εἰπών
920 639 1108 680 ἀνίστατο
1139 643 1287 693 γῆθεν,
1323 640 1361 680 οἶ
1391 641 1434 681 ὁέ
1463 641 1503 690 ἐς
1519 639 1614 695 γόνυ

156 710 310 758 κλιθεὶς
340 709 506 761 ἕκαστος
532 707 606 750 σὺν
635 706 804 764 δάκρυσι
831 706 930 749 θεὸν
954 705 1183 748 ἐπεκάλουν.
1252 704 1342 748 τότε
1362 709 1436 760 μὲν
1457 703 1528 750 οὖν
1551 709 1616 750 ἐπὶ

155 775 351 826 τοιούτοις
382 775 680 831 ἀπηλλάγησαν.
748 775 859 817 οὔπω
894 776 937 817 δὲ
959 773 1106 831 χρόνος
1131 775 1241 828 ἐξῆκε
1260 773 1425 828 συχνός,
1460 778 1527 818 καὶ
1545 794 1611 819 τε·
1636 782 1667 818 C

155 852 248 886 κνοῒ
269 847 394 886 παῖδα
423 843 637 897 βασιλεύς,
671 841 836 899 γλύμμα
863 844 1079 899 Χαρίτων,
1113 841 1272 900 φύσεως
1301 842 1441 893 ἄνθος.
1510 844 1618 887 ἀλλὰ

103 919 147 955 10
157 917 298 955 τοῦτον
318 914 392 967 μὲν
415 910 551 962 ὁποῖός
566 929 626 961 τις
647 913 752 954 ἐστὶν
772 914 868 954 ἰδεῖν
896 910 916 953 ὁ
941 910 1056 967 λόγος
1076 912 1117 952 ἐν
1142 912 1270 962 ὁέὀντι
1293 910 1509 967 διαγράψει
1530 929 1616 965 μοι,

153 981 205 1023 τὰ
225 983 268 1023 δὲ
285 985 365 1023 τῶν
385 979 548 1036 ἀγώνων
567 982 721 1022 ἐκείνων
740 981 781 1021 ἐν
797 979 952 1029 τούτοις
973 978 1167 1021 ἐτελεύτα.
1201 981 1375 1029 Λουκᾶς
1394 981 1458 1031 δέ,
1481 981 1616 1035 ἐπειδὴ

151 1051 278 1103 μηδὲν
310 1048 384 1101 ὅ,τι
415 1051 481 1090 καὶ
502 1048 620 1104 λόγου
645 1048 755 1098 ἄξιον
774 1048 874 1105 πρὸς
894 1053 974 1090 τῶν
994 1046 1322 1104 κατηγορούντων
1342 1048 1452 1104 αὐτῷ
1468 1065 1617 1105 προσε-

152 1119 333 1174 τρίβετο,
364 1119 427 1159 ἐπὶ
457 1122 528 1159 τοῦ
551 1115 703 1174 θρόνου
725 1116 872 1170 ἔμεινεν
899 1112 1034 1170 αὖθις.
1099 1114 1285 1170 Ἰωάννης
1306 1117 1348 1157 δὲ
1368 1114 1388 1157 ὅ
1415 1117 1487 1171 τὴν
1505 1119 1616 1174 Κερ-

153 1188 329 1243 κυραίων
362 1185 499 1239 λαχών
525 1187 591 1227 καὶ
618 1190 808 1239 μοναχιῦν
835 1202 916 1236 τις,
963 1184 1008 1226 ὃν
1040 1183 1258 1226 ἐπεκάλουν
1286 1183 1520 1239 Εἷρηνικόν,
1565 1189 1617 1241 τῇ

99 1256 141 1293 15
153 1255 328 1312 προτέρᾳ
346 1255 612 1308 ἐπιμείναντες
631 1252 726 1309 δόξῃ
746 1254 972 1306 ἀναθεῇιιατι
990 1251 1265 1306 ὑποβέβληντο
1278 1284 1291 1304 ,
1327 1251 1443 1294 ἄλλοι
1463 1270 1505 1296 τε
1525 1251 1617 1308 ἑξῆς

150 1326 232 1366 τῶν
250 1323 584 1377 ἔκκλησιαστικῶν
603 1323 986 1378 ἐξωστρακίσθησαν
1004 1319 1250 1376 καταλόγων.
1534 1332 1536 1334 ’

290 1391 334 1435 3.
397 1388 447 1432 ‘O
481 1391 524 1431 ὁέ
549 1394 628 1432 τῶν
658 1389 822 1432 Οὕννων
848 1390 922 1445 ῥὴξ
957 1389 1008 1431 τὰ
1035 1394 1276 1431 καθεστῶτα
1302 1385 1424 1429 πάλιν
1449 1386 1615 1443 κινήσας

151 1456 370 1501 Διονύσιόν
394 1475 482 1500 τινα
517 1462 597 1500 τῶν
623 1459 724 1515 παρ’
754 1458 866 1514 αὐτῷ
890 1460 1116 1515 ἐπιφανῶν,
1145 1457 1274 1513 ἄνδρα
1300 1457 1485 1510 πολέμων
1510 1459 1611 1498 πολ-
1633 1468 1668 1504 D

150 1530 232 1568 λῶν
257 1526 463 1583 ἴμπειρον,
498 1525 766 1583 στρατεύματι
793 1525 954 1583 μεγάλῳ
978 1527 1149 1581 Σιρμίου
1173 1527 1239 1567 καὶ
1261 1524 1382 1566 πάλιν
1408 1525 1616 1580 ἀντιποιη«

95 1599 275 1650 enaim:
301 1595 491 1649 ἔπεμψεν.
561 1594 583 1636 ὃ
608 1593 831 1648 πυθόμενοι
858 1595 895 1635 οἳ
933 1598 1013 1636 τῶν
1033 1592 1243 1647 Ῥιιιμαίων
1269 1595 1484 1649 στρατηγοὶ
1511 1597 1614 1646 βου-

149 1665 289 1706 λευτέα
314 1665 429 1720 σφίσι
465 1664 553 1719 περὶ
579 1661 722 1705 τούτου
750 1664 920 1705 ἐποίουν.
990 1662 1209 1719 προίἷβαινε
1236 1662 1309 1715 μὲν
1335 1661 1387 1703 τὰ
1413 1666 1487 1715 τῆς
1511 1666 1615 1715 βου-

150 1735 246 1785 λῆς,
286 1732 357 1773 οὔκ
383 1733 446 1772 ἐπὶ
481 1730 526 1773 τὸ
556 1730 770 1786 Ῥωμαίοις
806 1734 1008 1782 ξυνοῖσον,
1056 1729 1242 1787 ὁρώντων
1268 1735 1348 1771 τῶν
1371 1733 1615 1783 βουλευτῶν,

149 1799 244 1840 ἀλλ’
274 1797 329 1850 ὡς
354 1798 404 1841 ἄν
428 1816 488 1849 τις
513 1801 826 1857 παραλογίσαιτο
853 1799 923 1841 τὸν
947 1800 1094 1855 ἕτερον,
1120 1797 1299 1853 μάλιστα
1324 1798 1460 1850 μέντοι
1488 1797 1616 1854 ἄμφω

241 1907 300 1942 21.
323 1901 476 1939 ἐποίουν
487 1904 528 1950 ]?

150 1999 298 2032 vestram
326 1996 469 2030 obsecro
480 2021 491 2037 ‚
521 2007 641 2040 preces
657 1995 698 2029 ad
715 1994 812 2030 deum
831 1994 960 2030 fundite
975 1997 1157 2039 ornateque,
1189 1998 1229 2028 ut
1243 1994 1270 2027 si
1285 1991 1317 2027 in
1334 2005 1375 2027 eo
1391 2005 1487 2028 sacro
1505 1998 1618 2029 certa—

151 2044 239 2078 mine
266 2053 331 2075 non
353 2048 445 2076 recte
468 2053 618 2086 sanaque
641 2042 711 2075 fide
734 2042 917 2082 desudavi,
949 2042 1037 2075 nulla
1058 2040 1136 2074 mihi
1150 2040 1309 2084 deinceps
1325 2040 1500 2085 utriusque
1514 2050 1616 2075 sexus

150 2088 264 2135 proles
281 2088 322 2122 ad
337 2093 501 2121 maturam
518 2093 663 2121 aetatem
680 2088 870 2132 perveniat,
894 2099 958 2121 nec
972 2086 1061 2120 votis
1076 2097 1218 2130 unquam
1236 2085 1346 2130 potiar
1362 2086 1461 2121 meis=
1484 2086 1534 2120 sin
1551 2098 1616 2120 au-

150 2141 217 2168 tem
233 2139 331 2178 grata
347 2133 411 2167 deo
428 2138 546 2166 nostra
562 2133 626 2166 fuit
640 2134 827 2176 sententia,
858 2134 944 2167 hanc
967 2144 1061 2178 spem
1085 2142 1189 2165 meam
1207 2143 1271 2164 non
1286 2131 1319 2164 in
1336 2132 1467 2175 longum
1483 2139 1615 2178 tempus

149 2180 340 2226 protrahat,
353 2179 374 2195 '’
420 2179 540 2223 quibus
562 2178 661 2212 dictis
685 2179 782 2212 humo
807 2191 845 2212 se
865 2179 965 2213 tollit.
1012 2178 1060 2211 illi
1076 2182 1187 2211 autern
1202 2177 1236 2210 in
1252 2188 1362 2220 genua
1378 2178 1458 2211 flexi
1476 2189 1550 2211 cum
1565 2179 1617 2212 la-

150 2225 262 2260 crimis
285 2225 383 2259 deum
406 2225 587 2267 invocant,
616 2224 725 2268 iisque
751 2225 897 2269 peractis
922 2224 1079 2268 precibus
1102 2221 1346 2267 digrediuntur.
1394 2234 1505 2268 neque
1529 2222 1617 2258 mul-

151 2276 222 2305 tum
239 2271 373 2305 effluxit
387 2270 549 2315 temporis
561 2296 571 2313 ‚
604 2282 677 2303 cum
695 2282 832 2314 puerum
848 2270 968 2314 genuit
980 2269 1182 2314 imperator,
1216 2268 1409 2302 Gratiarum
1427 2269 1615 2313 imaginem,

151 2316 271 2351 florem
298 2322 451 2351 naturae.
496 2315 557 2350 sed
582 2316 671 2360 quali
690 2316 792 2350 suerit
808 2316 835 2348 is
853 2317 959 2349 forma
975 2314 1170 2359 congruenti
1185 2314 1258 2348 loco
1278 2314 1429 2359 pluribus
1446 2326 1616 2360 exseque-

151 2373 236 2397 mur.
284 2367 320 2396 et
342 2362 376 2396 in
404 2362 454 2396 his
475 2362 573 2395 finem
599 2362 747 2403 habuere
769 2361 967 2395 eiuscemodi
983 2360 1208 2405 quaestiones.
1254 2359 1365 2393 Lucas
1379 2365 1514 2403 autem,
1542 2372 1616 2394 cum

151 2408 232 2442 nihil
248 2407 414 2452 gravioris
430 2408 585 2442 momenti
601 2407 630 2441 ei
647 2408 691 2440 ab
707 2407 910 2440 adversariis
925 2407 1148 2448 obiiceretur,
1170 2406 1202 2439 in
1219 2405 1299 2439 sede
1314 2417 1443 2439 rursum
1459 2417 1617 2450 perman-

151 2453 208 2488 sit.
253 2459 290 2487 at
321 2454 464 2487 loannes
498 2454 768 2497 Corcyraeorum
795 2450 971 2498 episcopus
995 2456 1030 2486 et
1054 2452 1234 2486 monachus
1259 2451 1360 2492 alius,
1389 2457 1614 2494 cognomento

151 2498 319 2539 Irenicus,
350 2499 383 2532 in
410 2499 512 2544 priori
543 2499 711 2533 sententia
739 2499 980 2544 persistentes,
1011 2496 1345 2532 excommunicationi
1370 2496 1498 2530 subditi
1521 2502 1613 2540 sunt,

151 2543 272 2589 aliique
286 2545 422 2590 insuper
437 2557 479 2579 ex
496 2545 732 2578 ecclesiasticis
749 2545 911 2588 catalogis
925 2543 1040 2577 deleti.

243 2590 275 2625 3.
321 2590 456 2624 Interea
471 2591 709 2634 Hungarorum
728 2602 788 2624 rex
803 2590 913 2634 ruptis
929 2600 1058 2622 rursum
1075 2586 1270 2621 foederibus
1285 2585 1481 2629 Dionysium
1497 2585 1615 2632 qu'em-

153 2634 230 2668 dam
255 2646 298 2668 ex
320 2636 418 2670 aulae
441 2636 657 2681 primatibu5‚
684 2635 794 2669 virum
815 2635 874 2680 qui
899 2634 1008 2669 multis
1033 2633 1147 2667 iamin
1164 2633 1264 2666 bellis
1283 2631 1507 2676 inclaruerat,
1538 2644 1614 2667 cum

151 2679 281 2723 ingenti
303 2682 451 2715 exercitu
474 2682 515 2716 ad
540 2682 695 2715 Sirmium
719 2681 839 2715 iterum
865 2680 1093 2725 occupandum
1118 2678 1229 2713 mittit.
1277 2678 1369 2723 quod
1394 2677 1488 2711 simul
1509 2682 1615 2723 atque

154 2736 340 2770 percepere
361 2727 503 2761 Romani
527 2727 649 2769 duces,
681 2727 759 2772 quid
776 2727 808 2760 in
826 2738 866 2760 eo
883 2737 994 2760 rerum
1010 2730 1102 2759 statu
1118 2728 1208 2758 esset
1224 2723 1388 2768 agendum
1411 2724 1613 2758 deliberant.

153 2770 215 2804 sed
242 2782 309 2803 non
333 2770 367 2804 in
389 2772 615 2807 Romanorum
637 2773 841 2807 commodum
865 2771 1032 2817 processit
1045 2769 1205 2804 eiusmodi
1221 2769 1412 2811 consilium,
1443 2775 1564 2814 utpote
1578 2770 1618 2802 in

153 2816 190 2851 id
205 2815 343 2858 intentis
357 2817 571 2863 consiliariis,
599 2824 638 2853 ut
653 2818 736 2854 alius
752 2818 851 2854 alium
869 2818 1061 2864 deciperet:
1095 2820 1241 2862 utroque
1255 2816 1290 2850 in
1305 2814 1421 2860 primis
1435 2814 1618 2858 michaele,

211 2867 411 2904 Cinnamus.
1287 2866 1338 2906 17
