1878 3262
232 229 332 280 244
536 240 538 242 “
724 227 952 274 IOANNIS
981 227 1213 273 GINNAMI

232 340 494 400 ἀπεψῆφιστο
513 339 712 400 ἄντικρυς.
748 339 934 393 “ἐξέσται
951 340 1059 399 γὰρ”
1089 339 1193 398 ἔλεγε
1212 339 1316 397 “τῆς
1334 343 1565 400 πολιορκίας
1587 339 1690 384 ἄπο-

233 413 440 468 σχομένων
461 408 599 466 ἡμῶν,
630 408 800 464 δύναμίν
825 427 867 453 τε
893 410 1046 464 πολλὴν
1071 413 1144 465 τῆς
1163 414 1235 452 νῦν
1254 412 1373 464 μείζω
1393 414 1460 453 καὶ
1482 411 1534 454 τὰ
1554 409 1691 464 ἐπιτή-

234 484 325 523 δεια
355 481 531 536 διαρκῶς
554 480 850 533 ἐσκομίσασθαι
874 478 1053 528 Οῧννους
1063 510 1076 531 ,
1111 478 1158 520 οἳ
1175 479 1282 536 ἀμφὶ
1305 483 1356 536 τῇ
1377 478 1487 521 πόλει
1507 473 1692 537 φρουρὰν

233 548 486 591 ποιοῦνται.”
554 546 682 590 ἐδόκει
707 548 752 590 δὲ
775 548 886 606 αὖτῷ
910 547 956 590 τὸ
980 548 1053 602 μὲν
1073 545 1325 604 ἆχρειότερον
1340 551 1413 588 τοῦ
1431 552 1606 604 στρατοῦ
1625 548 1693 589 καὶ

233 616 331 660 ὅσον
355 614 547 659 οἰκετικὸν
572 610 622 671 ἦν
655 615 761 659 ὅπλα
788 616 1049 674 περιθέμενον
1077 616 1202 658 αὐτοῦ
1228 615 1330 672 πρὸς
1355 619 1406 671 τῇ
1431 614 1542 658 πόλει
1561 622 1726 669 μεΐναι5

233 683 313 727 ὖπὸ
332 690 570 742 στρατηγοῖς
586 700 665 727 τισι
685 689 765 727 τῶν
791 686 837 727 οὗ
863 686 953 727 λίαν
974 683 1191 739 ἐπισήμων,
1225 684 1270 726 τὸ
1290 683 1333 725 δ’
1359 683 1457 726 ἄλλο
1481 681 1586 725 ἅπαν
1606 682 1694 737 ἅμα

187 760 218 794 C
241 754 354 811 αὐτῷ
371 754 435 795 ἐπὶ
455 752 634 803 Οὕννους
649 753 744 803 τοὺς
762 753 910 803 ἄλλους
936 754 1034 795 ἴέναι
1052 750 1346 807 μαχησόμενον.
1415 750 1470 802 ὥς
1487 747 1558 794 οὖν
1573 749 1694 808 ἐκρά-

234 839 293 865 τει
313 826 463 873 ταῦτα,
498 820 837 878 παρεσκευάζοντο
855 823 927 876 μὲν
949 826 1020 876 τῆς
1040 820 1228 875 ἐπιούσης
1246 822 1398 863 ἐκεῖθεν
1419 818 1696 875 ἀναστησόμε-

234 908 296 933 νοι
307 922 321 942 ,
355 890 439 932 ἐπεὶ
467 890 511 931 δὲ
538 890 653 931 οὐδὲν
670 890 827 932 οὐδέπω
848 891 976 947 σαφὲς
994 890 1130 939 αὐτοῖς
1148 890 1368 944 ἀπηγγέλη,
1395 887 1696 942 ἐξοπλισάμενοι

234 959 365 1001 ἕωθεν
382 959 449 1000 καὶ
465 958 601 1014 τρίτην
617 958 696 1013 ἤδη
716 966 857 1015 πεῖραν
873 963 1075 1016 προσῆγον
1094 962 1145 1014 τῇ
1165 956 1289 999 πόλει.
1333 956 1445 1011 μάχη
1467 959 1600 999 τοίνυν
1620 951 1695 1000 αὖ·
1709 962 1752 997 10

233 1031 307 1077 θις
332 1028 588 1078 συνίσταται,
621 1029 688 1068 καὶ
722 1022 867 1069 Οὖννοι
894 1028 968 1081 μὲν
998 1028 1036 1068 οἳ
1063 1028 1125 1068 ἐπὶ
1151 1031 1232 1068 τῶν
1255 1024 1455 1076 ἐπάλξεων
1474 1027 1608 1075 λίθοις
1628 1026 1698 1066 καὶ

233 1096 370 1149 βέλεσι
389 1096 456 1136 καὶ
477 1097 596 1136 παντὶ
616 1099 676 1152 τῷ
694 1093 966 1151 παρατυχόντι
983 1095 1054 1137 τὸν
1066 1094 1275 1148 Ῥωμαίων
1292 1093 1490 1148 ἠμύνοντο
1510 1092 1697 1150 στρατόν,

234 1164 275 1205 οἳ
303 1164 346 1205 δὲ
376 1166 532 1216 μᾶλλον
558 1161 585 1216 ἢ
609 1161 802 1219 πρότερον
827 1161 1067 1220 ὗπώρυσσόν
1084 1180 1124 1205 τε
1143 1164 1195 1205 τὰ
1213 1161 1507 1219 κρηπιδώματα
1528 1164 1595 1204 καὶ
1613 1168 1699 1211 τοῖς

91 1237 126 1273 V
152 1237 217 1272 111
241 1229 502 1288 πετροβόλοις
529 1231 604 1280 τὰς
633 1235 714 1272 τῶν
744 1235 874 1273 λιθων
900 1230 1189 1288 διεσπάραττον
1217 1230 1413 1285 ἐμβολάς,
1448 1234 1698 1287 παρακελευ-

233 1301 336 1354 σμοί
356 1316 397 1341 τε
425 1300 563 1352 συχνοὶ
592 1300 660 1341 καὶ
681 1294 940 1356 παραινέσεις
963 1298 1162 1355 ἑκατέρων
1188 1298 1404 1353 ἠκούοντο,
1439 1300 1506 1340 καὶ
1527 1299 1607 1354 βοὴ
1629 1299 1696 1340 καὶ
1710 1301 1752 1338 15

235 1367 472 1423 ἀλαλαγμὸς
487 1361 558 1421 ἦν,
593 1369 660 1409 καὶ
678 1371 808 1424 θροῦς
828 1368 1003 1424 ἠγείρετο
1027 1367 1196 1422 ἄσημος.
1269 1362 1414 1410 Οῧννοι
1444 1368 1578 1409 τοίνυν
1603 1367 1698 1416 τοὺς

183 1438 216 1473 D
236 1437 303 1478 ἐπὶ
339 1440 420 1479 τῶν
456 1437 656 1489 θεμελίων
691 1434 1042 1491 ὗπομοχλεύοντας
1081 1434 1279 1489 θεώμενοι
1310 1434 1520 1490 Ῥωμαίων
1563 1433 1698 1478 τοιάδε

232 1506 406 1546 ἐποίουν.
474 1505 592 1554 λίθος
611 1504 714 1560 μέγα
732 1522 770 1546 τι
789 1509 933 1561 χρῆμα
951 1505 1062 1555 ἐντὸς
1082 1505 1242 1558 τειχέων
1262 1506 1438 1558 κείμενος
1453 1498 1522 1558 ἦν·
1555 1508 1699 1546 τοῦτον

232 1571 313 1614 ὑπὸ
333 1569 565 1625 ξυλώμασιν
582 1573 786 1625 ἐνθέμενοι
806 1575 990 1626 σχοίνους
1003 1590 1044 1614 τε
1060 1571 1291 1626 ἅνὰψαντες
1306 1576 1422 1628 σφῶν
1439 1572 1502 1612 ἐπὶ
1522 1571 1567 1613 τὸ
1588 1570 1698 1622 ξύλι-

231 1658 304 1683 νον
322 1640 501 1682 ἄνειλκον
520 1638 765 1696 προπύργιον
790 1639 888 1697 ὅπερ
915 1641 1053 1690 αὐτοῖς
1071 1639 1361 1682 κατεσκεύαστο
1383 1640 1542 1693 τειχέων
1557 1638 1692 1695 ὗπερι-
1706 1647 1754 1682 20

233 1707 456 1763 στάμενον,
490 1705 547 1757 ὥς
566 1709 720 1750 ἐκεῖθεν
738 1709 801 1750 ἐπὶ
813 1707 1037 1762 Ῥωμαίους
1059 1707 1298 1765 ἀφήσουσιν.
1367 1709 1460 1749 ἀλλ’
1485 1707 1575 1763 ἄρτι
1595 1706 1616 1750 ὅ
1636 1710 1698 1749 M·-

233 1781 315 1827 θος
342 1775 482 1830 ὡμίλει
514 1780 573 1833 τῷ
602 1778 777 1834 πυργίῳ,
813 1778 859 1819 τὸ
877 1779 920 1819 δὲ
935 1778 1009 1818 οὐκ
1025 1777 1183 1832 ἐνεγκὸν
1199 1776 1272 1830 τὴν
1290 1774 1411 1831 ὁλκὴν
1437 1777 1591 1831 (μέγας
1619 1776 1699 1833 γὰρ

233 1843 452 1903 ὖπερφυιῦς
469 1837 550 1899 ἦν)
578 1844 816 1895 ἐξαπιναίως
839 1844 958 1903 ῥαγέν
986 1847 1041 1895 εἷς
1068 1849 1142 1901 γῆν
1162 1845 1315 1900 ἠνέχθη
1337 1844 1509 1902 σὺν-τῶν
1537 1843 1700 1887 Οὕννων

326 1953 361 1988 2.
383 1949 545 1997 πολλὴν]
568 1951 685 1986 Malim
706 1952 842 1998 πολλῷ.
979 1953 1034 1988 19.
1057 1949 1159 1997 ὑπὸ]
1182 1950 1301 1985 Malim
1321 1947 1397 1987 ἐπί.

234 2042 428 2078 damnavit:
458 2042 591 2077 “nobis
613 2042 728 2076 enim”
757 2043 874 2078 aiebat
902 2042 1144 2077 “obsidionem
1171 2042 1422 2084 omittentibus,
1449 2041 1616 2087 integrum
1632 2041 1699 2077 erit

234 2088 409 2133 nungaris
421 2114 430 2131 ,
461 2088 516 2132 qui
534 2089 702 2133 praesidio
718 2089 793 2123 urbi
810 2094 889 2124 sunt
899 2115 909 2131 ,
938 2090 1081 2123 maiores
1097 2088 1211 2133 copias
1227 2099 1352 2132 cogere
1366 2093 1403 2121 et
1416 2088 1613 2123 commeatui
1627 2088 1698 2122 lar-

235 2135 312 2180 gius
337 2134 560 2179 providere.”
603 2135 735 2168 censuit
760 2135 863 2179 igitur
888 2135 963 2181 ipse
987 2140 1025 2169 ut
1049 2134 1190 2168 imbellis
1208 2134 1375 2167 exercitus
1394 2144 1472 2179 pars
1485 2134 1639 2178 lixaeque
1655 2144 1698 2168 ac

234 2180 369 2214 calones
389 2183 624 2221 armarentur,
653 2186 692 2214 et
718 2181 765 2214 ibi
790 2181 880 2215 circa
906 2182 1022 2214 urbem
1037 2181 1100 2214 sub
1115 2180 1243 2224 aliquot
1257 2179 1396 2213 ducibus
1414 2179 1502 2213 haud
1518 2179 1698 2214 admodum

232 2225 403 2260 nobilibus
423 2229 619 2267 manerent3
646 2226 794 2270 reliquus
816 2231 929 2261 autem
955 2226 1123 2260 exercitus
1144 2237 1256 2259 secum
1283 2225 1318 2258 in
1342 2225 1490 2269 reliquos
1511 2224 1696 2269 Hungaros

234 2275 444 2317 pugnaturus
468 2271 589 2307 exiret.
636 2271 720 2305 baec
743 2273 801 2306 ubi
823 2273 990 2306 sententia
1013 2272 1127 2316 stetit,
1157 2271 1201 2304 ad
1225 2271 1294 2304 iter
1308 2282 1345 2304 se
1359 2269 1393 2303 in
1408 2269 1592 2314 proximum
1608 2270 1696 2304 diem

234 2320 452 2363 praeparant.
499 2327 573 2350 oum
596 2327 680 2350 vero
706 2316 786 2351 nihil
806 2318 890 2352 certi
906 2318 988 2363 ipsis
1004 2322 1096 2351 essct
1111 2317 1316 2357 nuntiatum,
1346 2315 1485 2360 sumptis
1499 2315 1605 2359 prima
1620 2316 1697 2350 luce

235 2362 337 2396 armis
358 2362 494 2396 tertium
513 2362 548 2395 in
570 2362 685 2396 urbem
708 2363 865 2408 impetum
885 2364 1024 2397 faciunt.
1071 2373 1185 2408 pugna
1208 2362 1321 2406 itaque
1344 2372 1473 2395 rursum
1496 2361 1696 2404 conseritur,

235 2418 278 2442 ac
295 2408 449 2452 Hungari
462 2407 596 2452 quidem
608 2435 618 2452 ‚
645 2408 703 2452 qui
718 2409 850 2443 moenia
865 2409 1110 2453 defensabant,
1137 2407 1301 2452 lapidibus
1315 2406 1514 2451 sagittisque
1528 2407 1696 2452 rebusque

235 2453 310 2488 aliis
325 2454 590 2499 quibuscumque
603 2453 711 2487 obviis
726 2455 906 2488 subeuntes
929 2455 1092 2488 arcebant
1106 2454 1287 2487 Romanos.
1334 2452 1366 2485 hi
1382 2463 1463 2485 vero
1478 2452 1579 2496 longe
1594 2464 1695 2498 quam

235 2505 339 2532 antea
362 2499 589 2533 vehementius
613 2499 829 2535 fundamenta
852 2499 1097 2540 suffodiebant,
1123 2497 1347 2542 machinisque
1370 2498 1526 2542 petrariis
1552 2498 1695 2532 admotis

237 2554 407 2578 murorum
433 2545 555 2578 loricas
577 2544 827 2590 diffringebant.
873 2545 1012 2580 crebrae
1038 2544 1204 2589 utrimque
1235 2543 1485 2577 adhortationes
1514 2547 1550 2577 et
1573 2544 1695 2578 incita-

236 2594 368 2630 menta,
395 2601 565 2644 vocesque
580 2595 616 2624 et
631 2590 776 2625 ululatus
786 2617 797 2634 ‚
824 2591 1044 2635 dissonusque
1059 2602 1100 2624 ac
1114 2590 1261 2624 incertus
1275 2588 1402 2622 clamor
1416 2589 1692 2625 exaudiebantur.

234 2634 332 2669 simul
350 2638 453 2679 atque
473 2635 576 2679 igitur
601 2636 756 2681 Hungari
780 2649 801 2671 a
824 2637 982 2671 Romanis
996 2636 1212 2670 fundamenta
1226 2633 1385 2668 viderunt
1401 2635 1602 2669 commoveri
1614 2661 1624 2680 ,
1652 2635 1692 2670 id

234 2680 348 2714 statim
374 2680 563 2715 moliuntur.
608 2692 726 2716 saxum
749 2688 824 2717 erat
845 2684 933 2717 intra
949 2681 1079 2717 moenia
1093 2679 1236 2724 ingentis
1253 2679 1506 2724 magnitudinis:
1533 2680 1566 2714 id
1584 2681 1694 2715 trabi-

235 2725 299 2759 bus
316 2726 498 2771 suppositis
511 2726 724 2772 alligatisque
738 2729 870 2762 funibus
885 2729 917 2762 in
933 2727 1078 2772 ligneum
1093 2726 1240 2760 educunt
1261 2727 1548 2770 propugnaculum
1558 2751 1570 2768 ‚
1601 2725 1693 2771 quod

234 2770 299 2817 ipsi
314 2771 566 2806 fabricaverant
577 2797 588 2814 ‚
610 2773 732 2807 murisi
759 2774 804 2808 sis
819 2774 918 2818 longe
935 2772 1119 2813 excelsius,
1150 2775 1188 2804 ut
1203 2770 1281 2804 inde
1296 2770 1329 2804 in
1346 2771 1515 2806 Romanos
1531 2771 1613 2806 illud
1628 2772 1694 2806 de-

235 2817 424 2852 volverent.
469 2817 602 2851 sublato
619 2817 722 2862 igitur
735 2831 768 2852 m
783 2819 899 2853 turrim
913 2818 1023 2862 lapide
1036 2843 1046 2860 ‚
1078 2827 1151 2850 cum
1168 2821 1292 2850 tantum
1308 2817 1439 2861 pondus
1455 2817 1620 2852 sustinere
1634 2817 1692 2853 ina

234 2874 302 2899 non
319 2867 436 2909 posset
450 2864 548 2909 (erat
561 2863 648 2899 enim
661 2863 839 2900 immensae
853 2863 973 2908 molis)
989 2866 1130 2910 repente
1145 2874 1218 2898 cum
1233 2862 1315 2908 ipsis
1331 2863 1501 2909 Hungaris
1508 2888 1521 2909 ,
1549 2873 1693 2910 quorum
