1878 3262
647 244 1042 290 HISTORIARUM
1074 246 1123 289 L.
1155 246 1216 289 V.
1563 247 1664 293 203

200 366 275 418 τῆς
291 355 493 417 Οῧννικῆς
511 357 771 419 ἐπικράτησιν
798 361 980 404 ἓποιεῖτο.
1045 360 1125 417 ἤδη
1144 361 1223 419 γὰρ
1249 360 1302 404 τὰ
1326 355 1433 419 ἀμφὶ
1450 356 1667 412 τοῗςἈλα-

198 437 344 487 μανοῖς
358 431 648 488 θρυλληθέντα
667 432 798 473 οὐκέτι
813 429 1020 487 ἐκράτουν.
1090 430 1188 473 ὅθεν
1207 431 1251 473 δὲ
1272 434 1346 486 τῆς
1380 430 1576 485 Οὗννικῆς
1592 447 1667 485 με-
1688 440 1720 476 Β

199 504 460 544 ταποιεῖσθαι
489 498 509 542 ὅ
533 500 726 554 βασιλεὺς
753 499 921 554 ἤθελεν,
947 497 1027 553 ἤδη
1054 499 1244 555 λέγωμεν.
1307 499 1441 552 'larga
1469 499 1519 554 δὴ
1540 498 1672 558 τούτῳ

199 568 328 625 ’ἤστην
353 570 427 624 μὲν
454 569 621 627 ἀδελφώ
646 565 969 621 Βλαδίσθλαβός
990 584 1032 609 τε
1054 569 1120 608 καὶ
1141 569 1377 626 Στέφανος·
1416 567 1489 610 οὐκ
1511 566 1604 610 οἶδα
1626 569 1672 611 δὲ

165 637 224 681 53
250 656 290 681 τι
318 635 658 695 προσκεκρουκότε
686 635 904 693 ὑπερφυῶς
933 635 1187 691 ἓμισηθήτην
1220 637 1346 695 αὐτῷ.
1426 637 1563 690 ἀμέλει
1602 639 1672 679 καὶ

199 707 305 762 μετὰ
322 707 450 748 πολὺν
467 707 537 750 τὸν
553 706 696 748 ἄλλοτε
718 703 951 759 ἀλλαχόθεν
977 704 1162 762 δρασμὸν
1181 705 1296 754 τέλος
1314 710 1480 759 βασιλεῖ
1498 709 1672 763 προσελ-

199 775 323 818 θόντε
346 776 485 832 χειρὸς
518 775 732 831 ἐγενέσθην
756 778 830 828 τῆς
859 774 998 816 αὐτοῦ.
1067 775 1135 816 καὶ
1164 771 1185 815 ὃ
1216 774 1290 828 μὲν
1305 776 1507 827 βασιλέως
1529 775 1673 831 ἔγημεν

201 844 426 902 ἀδελφιδῆν
442 842 463 886 ὃ
485 844 720 900 Στέφανος,
748 844 924 900 Μαρίαν
940 842 1014 897 τὴν
1033 840 1238 885 Ἶσαακίου
1256 846 1332 884 τοῦ
1347 843 1676 899 σεβαστοκράτο-

201 930 274 971 ρος
294 915 422 955 παῖδα
441 916 663 970 περικαλλῆ
680 910 867 969 καθάπερ
888 911 1040 968 εἴρηται
1060 906 1208 964 οὖσαν,
1244 909 1389 968 ἅτερος
1406 911 1450 953 δὲ
1471 910 1570 963 ἄζυξ
1590 914 1673 953 διε-

146 989 191 1024 10
200 983 316 1025 τέλει.
385 979 476 1024 τότε
494 982 629 1024 τοίνυν
653 981 788 1036 ἐπειδὴ
809 986 884 1023 τοῦ
900 981 1034 1032 ’latta
1053 979 1378 1036 τετελευτηκότος
1395 977 1574 1036 θάτερον
1592 984 1675 1022 τῶν

201 1051 394 1109 ἀδελφῶν
420 1051 483 1092 ἐπὶ
511 1050 585 1105 τὴν
616 1049 746 1106 ἀρχὴν
772 1048 794 1091 ὃ
821 1054 895 1092 τοῦ
919 1051 1076 1092 δικαίου
1107 1049 1238 1092 ἐκάλει
1259 1048 1417 1103 θεσμὸς
1434 1047 1578 1105 (νόμος
1595 1049 1675 1106 γὰρ

202 1114 322 1170 οὗτος
339 1119 453 1176 παρὰ
472 1125 556 1169 τοῖς
583 1117 753 1169 Οῧννοις
780 1119 888 1161 ε’στὶν
911 1119 975 1161 ἐπὶ
996 1119 1092 1170 τοὺς
1119 1117 1332 1176 περιόντας
1358 1119 1419 1160 ἀεὶ
1448 1122 1528 1160 τῶν
1554 1118 1676 1160 ἀδελ-

202 1193 294 1245 φῶν
322 1188 368 1230 τὸ
396 1188 544 1244 στέφος
573 1188 837 1242 διαβαίνειν),
884 1186 1072 1243 κατάγειν
1098 1186 1269 1237 τούτους
1297 1190 1352 1236 εἷς
1379 1191 1454 1242 γῆν
1485 1187 1561 1241 τὴν
1588 1205 1670 1229 πα-
1693 1195 1726 1232 G
1749 1234 1752 1236 ,

198 1254 338 1314 ’τρῴαν
352 1256 545 1311 βασιλεὺς
563 1259 744 1311 σπουδῆς
763 1255 877 1310 εῗχεν.
940 1258 1095 1308 Ἰατζᾶς
1113 1256 1191 1312 γὰρ
1206 1256 1277 1300 τὸν
1298 1254 1469 1312 πάτριον
1492 1255 1677 1313 παριδὼν

146 1329 191 1366 15
201 1323 327 1379 νόμον
346 1327 409 1368 ἐπὶ
429 1325 500 1368 τὸν
516 1325 604 1367 υἱὸν
626 1326 699 1380 τὴν
718 1325 847 1382 ἀρχὴν
871 1327 1114 1380 διεβίβασεν.
1159 1319 1307 1368 Οὖννοι
1326 1326 1460 1367 τοίνυν
1478 1324 1524 1366 τὸ
1543 1325 1618 1378 μέν
1636 1342 1677 1367 τι

199 1398 346 1437 τοῦτον
380 1392 636 1448 αι’δεσάμενοι
664 1393 734 1436 τὸν
759 1393 884 1448 νόμον
892 1427 906 1446 ,
947 1394 994 1437 τὸ
1029 1395 1072 1436 δὲ
1094 1395 1162 1436 καὶ
1183 1394 1256 1448 τὴν
1274 1394 1476 1448 βασιλέως
1499 1394 1678 1448 εὐλαβη-

199 1463 342 1513 θέντες
363 1462 530 1520 ἔφοδον,
568 1463 776 1520 Στέφανον
792 1463 863 1505 τὸν
878 1464 1012 1516 Ἰατζᾶ
1031 1468 1104 1519 τῆς
1119 1463 1248 1520 ἀρχῆς
1266 1461 1574 1519 παραλύσαντες
1591 1466 1679 1504 θα-

200 1532 305 1590 τέρῳ
335 1536 417 1574 τῶν
442 1532 631 1589 ἀδελφῶν
657 1536 716 1589 τῷ
742 1531 1053 1590 Βλαδισθλάβῳ
1091 1530 1244 1586 ταύτην
1271 1532 1489 1573 ἀπέδοσαν.
1559 1535 1618 1589 τῷ
1636 1548 1679 1587 γε

200 1600 285 1656 μὴν
310 1599 534 1659 Στεφάνῳ,
565 1604 671 1658 φημὶ
689 1605 748 1657 τῷ
772 1603 1052 1659 πρεσβυτέρῳ,
1086 1601 1161 1656 τὴν
1194 1600 1364 1657 Οὖροὺμ
1386 1597 1680 1656 ἇπεκλῆρωσαν

149 1668 341 1725 Ξῦτύχην.
408 1668 599 1724 βούλεται
621 1670 664 1712 δὲ
682 1674 801 1712 τοῦτο
818 1670 932 1728 παρὰ
957 1670 1127 1721 Οὔννοις
1149 1669 1219 1712 τὸν
1246 1669 1321 1724 τὴν
1342 1669 1472 1726 ἀρχὴν
1493 1667 1679 1720 διαδεξό-

201 1755 324 1792 μενον
344 1736 573 1795 ἑρμηνεύειν
593 1738 639 1780 τὸ
658 1737 801 1793 ὄνομα.

343 1807 390 1850 2.
457 1807 527 1847 Τὰ
547 1807 620 1859 μὲν
639 1802 710 1848 οὖν
733 1810 797 1849 ἐπὶ
819 1814 904 1849 τοῖν
925 1806 1196 1865 αὖταδελφοΐν
1224 1804 1384 1850 τούτοιν
1402 1806 1584 1848 ἐνταῦθα
1607 1805 1680 1847 πέ-

205 1891 284 1932 ρας
302 1871 407 1928 ἴσχε.
471 1875 665 1928 βασιλεὺς
689 1876 732 1917 δὲ
747 1877 810 1917 ε’πὶ
826 1876 900 1931 τὴν
917 1877 1208 1931 Μακεδονικὴν
1230 1875 1372 1933 ἐχώρει
1390 1873 1507 1916 πόλιν
1527 1875 1683 1916 Φιλίπυ

300 2004 358 2041 14.
381 2004 570 2052 σπουδῆς]
595 2003 793 2051 σπουδήνῗ
815 2003 880 2042 διὰ
902 2006 1098 2052 σπουδῆςί)

208 2122 383 2165 moratus,
406 2132 474 2166 quo
498 2123 598 2167 pacto
622 2121 819 2166 Hungariae
833 2132 974 2165 regnum
989 2120 1052 2155 sibi
1067 2122 1235 2155 assereret
1250 2118 1361 2154 animo
1377 2120 1551 2157 volvebat.
1596 2130 1675 2155 nam

207 2178 297 2213 quae
312 2168 354 2200 de
369 2167 562 2201 Alemannis
578 2168 795 2210 ferebantur,
820 2167 907 2200 haud
926 2168 1025 2212 plane
1041 2168 1253 2201 constabant.
1302 2177 1370 2211 quo
1386 2179 1469 2201 vero
1485 2167 1559 2200 iure
1574 2166 1677 2200 Hun-

234 2213 339 2247 ariam
353 2213 414 2246 sibi
429 2225 626 2258 comparare
643 2213 832 2247 decreverit
846 2214 1030 2258 imperator
1042 2238 1051 2254 ‚
1072 2213 1136 2247 iam
1154 2212 1496 2247 commemorabimus.
1546 2213 1677 2246 Geizae

231 2258 287 2290 uic
311 2259 438 2291 fratres
463 2264 561 2291 erant
589 2259 781 2293 Vladislaus
804 2264 839 2294 et
862 2259 1066 2304 Stephanus.
1113 2263 1150 2293 at
1177 2259 1298 2304 quibus
1315 2269 1359 2292 ex
1376 2258 1516 2292 offensis
1533 2265 1678 2303 uterque

207 2303 257 2337 ini
282 2303 358 2336 odio
380 2303 506 2348 fuerit,
528 2304 631 2349 plane
645 2305 777 2349 ignoro.
822 2306 938 2350 itaque
955 2312 1032 2350 post
1045 2305 1181 2339 multam
1199 2306 1264 2339 huc
1280 2304 1360 2338 inuc
1375 2306 1491 2348 fugam
1506 2331 1516 2347 ‚
1541 2305 1679 2338 tandem

207 2349 393 2395 principem
418 2349 553 2392 adiere,
578 2350 735 2396 illiusque
756 2362 830 2386 sese
852 2351 1032 2385 subdidere
1057 2351 1230 2395 potestati.
1279 2356 1315 2383 et
1331 2351 1527 2396 Stephanus
1543 2351 1679 2395 quidem

209 2407 255 2429 ex
269 2395 379 2428 fratre
395 2403 529 2440 neptem
556 2396 659 2430 duxit·
675 2398 838 2442 Mariam,
862 2397 979 2430 Isaacii
1005 2397 1285 2431 sebastocratoris
1310 2396 1434 2438 fiiiam,
1458 2397 1624 2440 virginem
1640 2399 1681 2429 ut

210 2446 246 2475 et
262 2446 341 2475 ante
362 2441 505 2475 diximus
526 2443 819 2478 formosissimam:
854 2443 941 2477 alter
962 2454 1046 2477 vero
1070 2444 1207 2477 coelebs
1233 2443 1426 2488 permansit.
1471 2442 1589 2486 itaque
1604 2453 1681 2476 cum

211 2493 343 2521 mortuo
359 2488 470 2521 Geiza
490 2489 633 2522 alterum
656 2490 797 2523 fratrem
822 2489 865 2523 ad
891 2501 1032 2533 regnum
1046 2488 1129 2523 iuris
1152 2489 1240 2523 ratio
1258 2493 1419 2522 evocaret
1435 2487 1507 2532 (lex
1524 2489 1611 2521 enim
1628 2491 1681 2521 est

211 2533 302 2578 apud
328 2534 530 2579 Huugaros,
553 2539 592 2568 ut
616 2545 749 2581 semper
770 2535 813 2569 ad
840 2536 965 2570 fratres
989 2535 1191 2580 superstites
1217 2534 1371 2569 diadema
1395 2533 1679 2577 transmittatur),

196 2578 247 2612 in
268 2579 410 2624 patriam
436 2591 496 2614 eos
516 2580 684 2615 reducere
708 2593 771 2626 pro
792 2581 920 2615 viribus
944 2581 1118 2615 nitebatur
1144 2581 1340 2625 imperator.
1401 2579 1528 2624 quippe
1554 2579 1678 2620 Geiza,

198 2626 406 2668 *posthabita
433 2627 545 2671 patria
572 2627 836 2672 consuetudine,
869 2638 1009 2671 regnum
1032 2627 1103 2660 filio
1129 2638 1191 2660 suo
1217 2626 1413 2662 tradiderat.
1469 2630 1680 2671 quapropter

213 2669 386 2715 Hungui,
411 2683 486 2706 cum
509 2673 670 2706 eiusmodi
690 2673 798 2716 legem
825 2673 996 2714 colerent,
1029 2677 1066 2706 et
1086 2672 1301 2717 imperatoris
1320 2676 1522 2706 vererentur
1547 2672 1679 2704 adven-

213 2719 305 2758 tum,
329 2719 538 2762 Stephanum
554 2719 685 2752 Geizae
710 2719 815 2753 filium
833 2719 1028 2753 abdicantes
1042 2718 1182 2762 imperio
1197 2743 1206 2759 ,
1231 2717 1332 2752 alteri
1347 2718 1490 2751 fratrum
1503 2717 1678 2751 vladislao

213 2760 294 2794 iliud
308 2763 534 2798 tradiderunt:
559 2765 734 2811 Stephano
750 2777 832 2799 vero
850 2765 1036 2810 (seniorem
1050 2764 1144 2808 dico)
1162 2764 1293 2798 Wrumi
1322 2764 1523 2808 dignitatem
1538 2772 1679 2797 conces-

214 2812 346 2849 serunt,
364 2820 431 2853 quo
447 2810 579 2844 nomine
596 2811 645 2844 ita
660 2811 752 2856 apud
768 2812 950 2856 Hungaros
963 2810 1061 2854 regni
1077 2821 1254 2844 successor
1268 2810 1447 2843 indicatur.
1635 2851 1644 2860 ⁸

307 2854 342 2887 2.
378 2854 466 2888 Eum
479 2856 580 2890 finem
594 2857 713 2891 habuit
727 2858 870 2892 fratrum
885 2858 1025 2891 istorum
1040 2856 1084 2890 de
1098 2856 1194 2900 regui
1206 2856 1420 2890 successione
1436 2858 1679 2888 controversla.

218 2897 375 2945 princeps
391 2901 694 2948 autemvP-hilippos
708 2904 824 2939 urbem
838 2902 1090 2939 Macedonicam
1105 2902 1152 2937 ad
1175 2913 1232 2937 res
1247 2902 1411 2937 Servicas
1424 2898 1680 2935 constituendas
