1878 3262
342 207 402 250 IN
426 204 745 249 HISTORIAM
763 204 990 248 IOANNIS
1015 203 1247 249 CINNAMI
1264 205 1464 249 NOTAE.
1535 205 1632 251 367

170 313 415 355 Graecanicis
432 312 595 364 ingeniis
618 312 742 350 fastus
771 311 980 351 insolentia
1008 326 1204 364 nusquam
1227 325 1341 364 passa
1366 317 1469 350 esset
1490 311 1531 349 in
1554 312 1634 350 suis

168 371 373 424 Augustis,
403 370 469 422 qui
489 383 580 407 cum
603 370 676 408 vix
695 369 956 408 concederent
975 369 1078 407 deo
1068 371 1162 421 ipsi,
1192 369 1339 408 nedum
1363 368 1495 407 illius
1483 382 1526 406 m
1549 374 1635 406 ter-

167 429 221 467 ris
240 428 388 467 vicario
413 427 560 479 primas
580 439 754 477 unquam
773 432 905 478 partes
925 426 1168 465 tribuissent.
1226 427 1338 477 longe
1359 432 1465 464 certe
1486 426 1636 477 pietate

167 485 406 536 acleligione
417 498 533 535 supe)
535 483 637 522 iores
654 483 842 520 exstitere
857 483 1115 533 imperatores
1127 483 1365 527 Occidentis,
1384 483 1452 534 qui
1470 489 1635 533 aposto·
1661 534 1669 537 ἱ

165 543 261 581 licae
291 542 375 580 sedi
402 548 443 580 et
469 554 621 578 summo
653 540 832 591 pontifici
858 539 901 577 in
928 538 1122 577 honorem
1147 541 1234 578 Iesu
1257 540 1403 577 Christi
1430 545 1472 577 et
1499 539 1537 580 b.
1560 540 1635 577 Pe-

167 599 245 648 tri,
278 612 449 649 quorum
469 598 574 636 vices
593 598 714 648 gerit,
751 597 898 648 primas
929 608 1083 647 semper
1118 597 1348 634 detulerunt
1377 603 1417 634 et
1436 598 1637 634 Constan-

168 656 240 694 tini
269 655 322 694 M.
349 655 552 706 exemplo,
590 654 698 705 quod
716 653 914 704 dedignati
932 660 1027 691 sunt
1044 653 1282 705 posteriores
1302 654 1440 691 Graeci
1459 654 1637 705 impera-

165 719 296 762 tores,
344 712 551 751 hominum
583 710 759 748 omnium
787 709 1006 759 vanissimi,
1053 709 1300 760 obequitanti
1330 710 1514 748 stratoris
1544 709 1635 748 offi-

167 770 270 807 cium
297 783 379 807 non
399 769 515 807 semel
540 767 732 805 exhibue1
735 772 820 806 unt.
877 766 1014 805 audiat
1032 766 1153 818 igitur
1172 768 1383 805 Cinnamus
1404 767 1634 805 Constanti-

166 840 263 864 num
281 826 411 878 ipsum
426 825 662 864 scribentem
681 824 732 862 ad
751 824 986 862 Silvestrum
1002 837 1091 875 pp.:
1120 827 1359 877 κρατοῦντες
1375 840 1446 864 τον
1467 819 1635 876 χᾶλινον

165 886 241 924 τοῦ
270 884 399 924 ’ἵππου
429 879 553 923 αὐτοῦ
579 879 646 922 δια
674 879 750 933 τήν
770 877 1048 933 προσκύνησιν
1075 880 1142 920 καὶ
1165 878 1299 932 φόβον
1318 883 1392 921 τοῦ
1408 880 1525 934 ἁγίου
1549 880 1634 921 Πέ-

165 956 260 993 τρου
287 937 500 993 στράτορος
521 935 720 989 σ’φφίκιον
739 935 994 989 ἐποιήσαμεν.
1052 937 1161 986 quod
1183 938 1216 975 si
1238 937 1286 975 de
1309 938 1388 977 fide
1406 937 1635 990 praedictae

166 997 354 1048 epistolae
381 996 616 1039 subdubitat
646 1001 686 1033 et
710 995 752 1032 in
773 1007 818 1031 ea
839 993 1109 1032 adulterinum
1126 994 1329 1044 quidpiam
1348 995 1632 1041 subodoratur,

163 1054 342 1106 patiatur
359 1054 497 1092 saltem
516 1052 685 1091 eundem
701 1051 749 1089 ab
768 1051 953 1101 Augustis
972 1051 1119 1089 nostris
1139 1049 1332 1089 honorem
1350 1052 1512 1089 summis
1530 1064 1633 1101 pon-

163 1110 336 1149 tificibus
359 1111 520 1160 deferri,
559 1122 674 1160 quem
693 1109 786 1147 olim
805 1108 943 1145 loanni
963 1122 1029 1160 pp.
1051 1108 1435 1160 Constantinopolim
1454 1107 1633 1146 venienti

162 1167 359 1219 praestitit
376 1168 548 1206 Iustinus
566 1167 780 1217 Augustus,
810 1165 898 1215 qui,
931 1171 978 1203 ut
996 1170 1137 1204 auctor
1159 1170 1218 1202 est
1236 1164 1463 1203 Anastasius
1485 1164 1631 1203 biblio-

163 1223 383 1272 thecarius,
420 1223 526 1262 dans
554 1223 742 1261 honorem
773 1222 843 1260 deo
881 1223 1121 1261 humiliavit
1148 1235 1189 1258 se
1210 1236 1371 1272 pronus
1408 1229 1444 1259 et
1472 1222 1631 1260 adora-

162 1283 223 1321 vit
255 1282 536 1319 beatissimum
555 1294 739 1331 papam.-
778 1285 847 1318 aut
865 1277 1041 1331 Agapeto
1070 1293 1138 1331 pp.
1167 1279 1430 1328 Iustinianus‚
1462 1280 1553 1330 qui,
1582 1285 1631 1317 ut

164 1339 220 1376 ait
246 1338 352 1377 idem
379 1339 573 1390 scriptor,
607 1336 769 1389 gaudio
798 1337 972 1387 repletus
998 1331 1239 1374 humiliant
1269 1351 1310 1375 se
1340 1345 1509 1374 sanctae
1543 1334 1632 1373 sedi

163 1396 423 1447 apostolicae,
453 1404 489 1433 et
510 1394 702 1432 adoravit
719 1394 997 1432 beatissimum
1011 1407 1166 1445 papam
1182 1392 1415 1445 Agapetum
1434 1395 1632 1432 Constan-

162 1452 372 1504 tinopolim
391 1452 635 1491 venientem:
675 1459 744 1490 aut
773 1457 880 1489 certe
898 1451 1159 1489 Constantino
1179 1463 1248 1501 pp.
1268 1452 1510 1490 lastinianus
1530 1451 1633 1489 Rhi-

163 1515 383 1558 notmetus,
420 1509 487 1559 qui
507 1509 810 1547 Constantinum
831 1507 1215 1559 Constantinopolim
1235 1515 1445 1547 evocatum
1464 1509 1635 1546 honori-

150 1567 234 1617 fice
256 1567 433 1617 suscepit
458 1580 509 1603 ac
530 1567 708 1615 remis-it,
751 1567 813 1601 ita
840 1572 886 1602 ut
908 1572 1150 1615 prostratus
1181 1566 1225 1602 in
1257 1572 1409 1602 terram
1435 1580 1515 1616 pro
1543 1567 1635 1602 suis·

154 1625 336 1675 peccatis
356 1636 446 1660 eum
462 1622 699 1660 intercedere
718 1629 900 1673 rogaret,
930 1627 977 1659 ut
989 1627 1055 1659 -est
1073 1621 1117 1659 in
1135 1619 1332 1659 Chronico
1351 1620 1636 1674 Reichersper-

160 1680 267 1732 gensi
295 1693 365 1718 seu
392 1685 439 1717 ut
466 1680 641 1730 loquitur
668 1679 915 1717 Anastasius:
955 1691 1050 1715 cum
1074 1692 1197 1729 regno
1221 1679 1266 1715 in
1288 1680 1420 1730 capite
1438 1693 1520 1715 sese
1534 1693 1636 1730 pro-

161 1738 312 1775 stravit
345 1735 468 1787 pede-s·
507 1738 700 1774 osculans
733 1736 966 1788 pontilici33
1023 1735 1088 1774 vel
1124 1734 1292 1784 denique
1322 1735 1567 1774 Ludovicum
1597 1735 1643 1774 11⁷

162 1793 441 1831 Germanicum
462 1794 741 1844 imperatorem
762 1793 899 1831 audiat
927 1798 968 1829 et
1000 1792 1106 1842 quod
1125 1792 1190 1829 ille
1207 1792 1316 1843 apud
1335 1792 1506 1830 eundem
1524 1792 1635 1829 Ana-

162 1851 325 1888 stasium
351 1851 574 1888 Ravennati
599 1850 743 1888 obiecit
765 1849 1083 1901 archiepiscop0‚
1135 1849 1177 1887 id
1202 1849 1332 1900 ipsum
1360 1849 1530 1901 principi
1558 1863 1634 1887 suo

163 1907 315 1945 dictum
335 1913 470 1958 putet:
503 1905 632 1944 vadat
661 1914 698 1944 et
718 1908 842 1956 fastu
868 1907 1059 1943 elationis
1086 1904 1266 1957 deposito
1297 1913 1412 1943 tanto
1435 1920 1476 1944 se
1498 1906 1635 1944 humi.

162 1964 232 2001 liet
248 1964 459 2015 pontifici,
498 1966 567 2001 cui
598 1971 634 2000 et
660 1978 735 2001 nos
763 1970 799 2000 et
829 1965 960 2002 omnis
978 1963 1164 2000 ecclesiae
1180 1963 1428 2014 generalitas
1450 1963 1632 2001 inclina-

162 2027 230 2058 tur
261 2026 298 2056 et
325 2019 572 2057 obedientiae
604 2033 655 2057 ae
682 2019 942 2057 subiectionis
972 2019 1080 2056 colla
1108 2019 1326 2058 submittit.
1382 2018 1479 2058 haec
1507 2020 1630 2070 igitur

161 2076 239 2114 fuit
259 2076 479 2128 priscorum
490 2076 758 2127 Augustorum
777 2076 1041 2115 Orientalium
1059 2080 1099 2113 et
1114 2075 1425 2116 occidentalium
1443 2077 1569 2128 pietas
1587 2081 1630 2113 et

160 2133 296 2184 religio
313 2133 356 2171 in
376 2139 663 2171 sacrosanctam
685 2133 905 2171 Romanam
924 2132 1141 2171 ecclesiam:
1169 2132 1268 2171 haec
1286 2134 1446 2179 summis
1463 2131 1628 2181 pontifi-

161 2190 272 2228 cibus
292 2190 523 2242 praestitere
544 2190 730 2241 obsequia
745 2191 1030 2238 Occidentales,
1052 2196 1099 2228 ut
1113 2185 1360 2229 venientibus
1381 2187 1534 2238 pedites
1553 2202 1627 2226 oc-

162 2254 369 2286 currerent
408 2253 447 2285 et
482 2253 700 2286 stratorum
729 2248 866 2286 munia
897 2248 1119 2300 implerent.
1183 2242 1287 2280 idem
1314 2243 1544 2283 Anastasius
1577 2245 1629 2283 de

159 2304 298 2368 Pipino
326 2305 573 2343 Francorum
601 2317 691 2356 rege
719 2304 1004 2356 imperatorum
1033 2298 1349 2339 occidentalium
1378 2308 1543 2353 parente
1585 2308 1628 2341 et

161 2361 290 2424 primo
316 2362 451 2427 stipite
475 2362 671 2405 scribens,
703 2362 746 2398 in
763 2356 963 2408 Stephano
986 2355 1020 2394 ll
1046 2369 1136 2407 pp.:
1171 2358 1255 2407 ipse
1280 2359 1323 2395 in
1350 2359 1514 2410 palatio
1536 2372 1625 2408 suo,

162 2419 206 2452 in
229 2418 337 2463 loco,
368 2420 442 2466 qut
457 2420 625 2452 vocatur
640 2414 875 2463 ponticone,
906 2412 966 2450 aa'
982 2413 1073 2464 fere
1101 2414 1229 2451 trium
1249 2415 1426 2452 millium
1445 2417 1627 2467 spatium

162 2469 399 2509 descendens
420 2484 465 2508 ex
484 2484 584 2522 equo
602 2483 698 2518 suo,
729 2483 820 2507 cum
843 2483 998 2522 magna
1014 2470 1270 2520 humilitate,
1300 2479 1429 2509 terrae
1442 2479 1630 2522 prostra-

163 2533 250 2578 tus,
281 2542 365 2566 una
391 2541 483 2565 cum
509 2541 586 2564 sua
613 2528 784 2578 coniuge
808 2526 921 2578 filiis
950 2535 987 2565 et
1011 2527 1298 2578 optimatibus,
1337 2527 1505 2566 eundem
1522 2543 1632 2567 san-

163 2585 388 2622 ctis-simum
398 2598 558 2636 papam
577 2586 775 2635 suscepit,
815 2585 885 2620 cui
911 2591 947 2620 et
975 2585 1060 2621 vice
1079 2586 1294 2635 stratoris,
1335 2599 1462 2637 usque
1480 2587 1527 2623 in
1547 2586 1631 2623 ali-

164 2648 361 2691 quantum
392 2642 526 2679 locum
555 2642 674 2679 iuxta
704 2641 789 2678 eius·
818 2641 1004 2678 sellarem
1028 2643 1279 2693 properavit.
1337 2655 1466 2693 neque
1483 2643 1631 2681 minori

164 2695 413 2736 observantia
430 2698 599 2736 Leonem
617 2711 684 2750 pp.
705 2698 861 2749 excepit
882 2698 1046 2736 Carolus
1063 2697 1116 2736 M.
1136 2697 1264 2750 Pipini
1285 2698 1404 2749 filius,
1433 2713 1523 2739 cum
1542 2700 1630 2737 Ro-

164 2765 270 2791 mam
300 2753 411 2792 venit
434 2754 613 2806 pontifici
642 2767 757 2807 opem
784 2755 958 2803 laturus,
987 2755 1057 2806 qui
1085 2761 1132 2792 ut
1159 2757 1463 2794 sacratissimas
1491 2768 1630 2794 cruces

164 2823 215 2846 ac
234 2810 356 2861 signa
373 2809 452 2847 sibi
469 2811 631 2851 obviam
649 2811 860 2851 advenisse
883 2814 1108 2863 conspexit,
1148 2810 1387 2851 descendens
1416 2812 1464 2851 de
1486 2826 1529 2850 eo
1549 2826 1626 2862 quo

165 2864 325 2905 sedebat
349 2880 472 2918 equo,
512 2869 574 2914 ita
597 2882 691 2908 cum
715 2871 806 2907 suis
834 2867 1045 2919 iudicibus
1077 2867 1136 2909 ad
1161 2869 1197 2909 b.
1230 2871 1399 2908 Petrum
1428 2867 1628 2921 pedestris
