1878 3262
259 225 320 270 38
734 223 955 267 IOANNIS
989 222 1215 265 CINNAMI

258 337 285 391 ἢ
309 341 403 393 γοῦν
426 333 585 391 μελήσει
611 333 768 386 πάντως
790 333 884 390 ὑμῖν
907 339 980 378 τοῦ
1003 335 1075 390 τὴν
1108 335 1312 388 βασίλειαν
1350 334 1511 393 ἀδελφῷ
1548 352 1692 390 συντη-

259 410 378 461 ρῆσαι
413 404 547 461 τώμῷ.
610 402 638 458 ἦ
661 404 734 458 μὲν
757 407 884 446 ταῦτα
909 401 1034 446 εἶπεν·
1072 403 1110 444 οἳ
1136 403 1178 444 δὲ
1203 402 1272 444 τὸν
1296 404 1467 460 καίσαρα
1493 405 1695 445 παντοδα-

258 477 342 522 πῶς
365 469 603 521 ὑπελθόντες
626 471 693 513 ἒπί
713 488 801 514 τινα
825 475 904 514 τῶν
930 471 1055 527 ἀγχοῦ
1078 472 1298 522 Βυζαντίου
1333 473 1575 527 προαστείων
1604 472 1694 525 ἐξῆ-

209 544 239 578 C
262 556 331 594 γον
350 540 488 595 χρείας
514 539 637 593 δῆθέν
660 555 766 589 τινος
790 539 913 581 ἕνεκα.
980 536 1113 593 ἐπειδή
1138 555 1178 580 τε
1204 539 1266 579 ἐπὶ
1291 542 1363 580 τοῦ
1386 537 1508 580 τόπου
1533 540 1693 593 ἐγένετο,

256 607 374 648 αὐτὸν
398 608 470 659 μὲν
494 607 671 648 ἐνταῦθα
697 608 912 663 διατρίβειν
938 606 1123 663 ἀφῆκαν,
1150 606 1187 647 οἶ
1209 607 1252 648 δὲ
1267 606 1414 659 ε’πὶτὴν
1427 605 1541 647 πόλιν
1552 601 1727 660 ἦλθον.5

390 674 435 717 5.
497 671 559 715 ‘H
576 674 649 727 μὲν
675 674 724 729 δὴ
751 677 902 731 Μαρία
926 673 1059 716 τοιάδε
1086 691 1146 724 τις
1169 668 1230 728 ἦν.
1296 674 1485 727 βασιλεὺς
1519 674 1586 724 δέ,
1624 678 1696 715 τοῦ

254 739 415 791 πάθους
439 741 697 796 ἀγγελθέντος
723 742 854 799 αὐτῷ,
894 740 981 784 τότε
1005 743 1078 796 μὲν
1104 743 1144 791 ἒς
1169 739 1387 793 Βυζάντιον
1420 736 1548 796 ἦλθε·
1594 741 1696 794 μετὰ

255 810 301 850 δέ
325 826 411 850 τινα
431 807 578 865 χρόνον
602 811 642 859 ἐς
667 809 738 864 τὴν
762 811 824 852 ἐπὶ
845 809 1062 852 Ῥυνδακοῦ
1087 807 1350 862 αὐλισάμενος
1373 807 1568 860 πεδιάδα,
1595 808 1697 850 ἔνθα

253 880 417 928 βασιλεῖ
430 875 591 933 Ἰωάννῃ
627 875 819 934 φρούριόν
844 895 882 919 τι
908 878 950 919 ἐκ
977 878 1112 932 καινῆς
1137 875 1457 933 ἀνῳκοδομήθη,
1497 875 1520 918 ὃ
1544 874 1698 918 Λοπά-

255 946 340 984 διον
365 942 594 997 ὥνόμασται
620 951 702 994 τοῖς
727 949 913 996 πολλοῖς,
951 946 1129 986 ἐνταῦθα
1153 945 1222 986 τὸν
1248 944 1419 1000 στρατὸν
1443 943 1619 1001 ἤγειρεν,
1658 944 1698 993 ἒς
1710 949 1752 983 10

253 1011 325 1064 τὴν
349 1012 553 1067 Περσικὴν
589 1013 775 1066 ἐμβαλεῖν
811 1012 1100 1066 διανοούμενος.
1168 1013 1326 1068 Πέρσαι
1351 1012 1428 1068 γὰρ
1454 1012 1526 1062 τὰς
1550 1011 1698 1065 μεταξὺ

247 1076 453 1130 ίΡιο,ιιαιίυν
491 1079 666 1128 σπονδὰς
702 1079 1002 1136 παραλύσαντες
1026 1079 1250 1136 Πρακανάν
1274 1097 1315 1121 τε
1341 1078 1455 1121 πόλιν
1475 1078 1700 1136 ’Ῑσαυρικὴν

253 1144 572 1201 ἕκπορθῆσαντες
597 1144 701 1188 εἷλον
727 1150 792 1189 καὶ
818 1152 980 1190 πλεῖστα
1008 1148 1110 1189 ἄλλα
1128 1147 1348 1201 Ῥωμαίους
1361 1149 1698 1203 προσεξημίωσαν.

253 1213 385 1265 ἐπειδὴ
411 1218 505 1268 γοῦν
531 1212 585 1263 ὥς
610 1214 754 1270 ἄριστα
779 1214 1074 1271 παρεσκεύαστο
1100 1215 1177 1270 ἤδη
1190 1247 1202 1266 ,
1241 1214 1343 1271 ἄρας
1368 1217 1518 1257 ἐκεῖθεν
1543 1215 1700 1270 σπουδῇ

253 1281 313 1321 ἐπὶ
340 1281 389 1321 τὰ
415 1279 551 1337 πρόσω
579 1281 714 1337 ἐχώρει
726 1314 740 1333 ,
766 1283 869 1324 κατὰ
894 1288 987 1324 νοῦν
1013 1283 1112 1336 ἔχων
1138 1282 1192 1332 ὡς
1218 1282 1266 1324 ἀν
1293 1281 1537 1339 ἀφυλάκτοις
1564 1282 1700 1331 αι’-τοῖς
1711 1286 1754 1321 15

202 1355 234 1390 D
259 1349 491 1398 ἐξαπιναίως
516 1349 697 1390 ἐπελθὼν
721 1348 873 1404 ἡβηδὸν
898 1351 1110 1392 ἀπολέσειε.
1157 1351 1259 1404 πλὴν
1284 1350 1387 1391 ἀλλὰ
1411 1355 1483 1392 τοῦ
1506 1350 1579 1404 μὲν
1604 1366 1700 1391 σκο-

253 1420 330 1456 ποῦ
369 1416 414 1457 οὗ
454 1415 581 1472 πάντῃ
621 1415 847 1474 διήμαρτεν.
916 1417 962 1459 οὐ
992 1419 1072 1472 μὴν
1097 1420 1163 1459 καὶ
1185 1425 1323 1473 χεῖρας
1348 1419 1488 1474 ἔχρησε
1514 1422 1564 1474 τῇ
1587 1415 1701 1473 μάχῃ

252 1484 389 1539 ἐκείνῃ.
459 1482 513 1533 ὡς
547 1485 624 1540 γὰρ
651 1484 770 1534 ὀξέως
795 1485 863 1527 τὸν
887 1484 1053 1528 ΖΙῚύσιον
1079 1477 1223 1539 διαβὰς
1240 1485 1448 1539 ’Όλυμπον
1474 1485 1566 1542 ἄχρι
1593 1502 1633 1527 τε
1661 1486 1702 1534 ἐς

251 1551 320 1591 τὸν
344 1553 539 1604 Πιθηκᾶν
564 1551 755 1606 γεγονώς,
795 1552 897 1594 ἔνθα
922 1552 1115 1609 φρούριον
1142 1553 1262 1602 αὐτὸς
1287 1554 1468 1605 ἐδείματο
1495 1551 1702 1609 καρτερόν,

250 1617 404 1674 νύκτωρ
444 1618 511 1660 διὰ
547 1623 627 1660 τιῦν
664 1618 789 1675 ταύτῃ
827 1620 931 1676 ὀρῶν
963 1619 1192 1676 ἐπορεύετο,
1233 1619 1260 1661 ἃ
1297 1622 1390 1676 τῇδε
1426 1621 1758 1676 ἀποκρὲματαιΞΟ

250 1683 392 1738 ’ὑψηλὰ
430 1688 495 1726 καὶ
536 1688 672 1735 δεινῶς
708 1685 852 1738 λάσια,
892 1689 1114 1741 ξυνέβαινεν
1148 1689 1191 1729 ἒκ
1217 1692 1296 1729 τῶν
1322 1688 1425 1729 κατὰ
1451 1688 1524 1737 τὰς
1550 1687 1703 1740 λόχμας

251 1751 506 1808 ἀναγομένων
557 1754 696 1807 ἀτμῶν
744 1756 1039 1809 ἐμπιπλαμένης
1078 1756 1188 1812 αὐτῷ
1224 1759 1295 1809 τῆς
1331 1759 1510 1812 κεφαλῆς
1548 1753 1704 1812 ἀθρόον

339 1882 375 1916 3.
401 1879 462 1915 ἐπί
479 1882 586 1927 τινα]
606 1881 720 1915 Malim
745 1879 804 1916 ἐπί
826 1894 874 1918 τι.
1008 1884 1042 1918 8.
1065 1879 1288 1929 Ῥυνδακοῦ]
1312 1883 1399 1918 eod.
1419 1882 1614 1919 Ῥυνδακᾶ.

254 2007 346 2046 erat,
384 2015 471 2048 quae
500 2004 704 2048 agebantur,
743 2005 910 2049 prodens,
949 2009 1008 2040 aut
1038 2005 1139 2049 mihi,
1171 2006 1299 2051 inquit,
1329 2006 1438 2042 virum
1467 2006 1610 2050 tradite,
1641 2008 1703 2040 aut

253 2050 349 2082 vobis
372 2061 473 2083 curae
493 2050 536 2083 sit
555 2050 764 2094 imperatoris
788 2051 890 2084 filiam
911 2051 1009 2086 fratri
1033 2063 1105 2085 meo
1126 2063 1313 2090 reservare,
1360 2053 1394 2086 hi
1422 2052 1526 2086 modis
1550 2051 1701 2085 omnibus

255 2095 434 2127 Caesarem
461 2094 590 2136 adorti,
621 2095 654 2127 in
679 2095 899 2140 propinquum
925 2097 1085 2141 Byzantio
1103 2098 1327 2131 suburbanum
1342 2097 1576 2138 adduxerunt,
1601 2096 1702 2142 quasi

257 2149 310 2172 res
339 2139 512 2184 quaepiam
542 2139 607 2172 illic
634 2141 764 2184 agenda
786 2142 949 2186 instaret,
977 2148 1047 2176 tuin
1064 2142 1119 2176 ubi
1137 2154 1178 2176 eo
1194 2154 1387 2187 accessere,
1417 2143 1464 2176 ibi
1478 2142 1610 2176 dimisso
1628 2141 1703 2184 illo,

254 2184 287 2218 in
303 2184 417 2217 urbem
432 2184 575 2217 rediere.

345 2229 380 2263 5.
425 2228 594 2262 Eiusmodi
614 2229 739 2273 ingenii
765 2230 829 2263 fuit
850 2230 973 2265 Maria.
1018 2231 1103 2266 illius
1118 2237 1229 2267 autem
1245 2232 1377 2276 cognito
1393 2232 1485 2265 obitu
1501 2231 1703 2275 Byzantium

255 2273 411 2319 princeps
441 2273 553 2308 rediit.
598 2286 662 2307 nec
691 2275 794 2308 multo
823 2275 997 2310 interiecto
1029 2283 1199 2322 tempore,
1242 2277 1359 2311 locatis
1389 2278 1432 2310 ad
1452 2277 1703 2320 Rhyndacenos

255 2330 391 2364 campos
413 2319 551 2361 castris,
581 2319 637 2352 ubi
652 2320 822 2354 castellum
838 2320 880 2354 de
894 2333 984 2354 novo
1001 2327 1211 2356 exstruxerat
1224 2323 1364 2356 Ioannes
1378 2322 1561 2366 imperator
1572 2349 1582 2364 ‚
1612 2322 1703 2366 quod

257 2364 441 2408 Lopadium
472 2364 575 2408 vulgo
605 2365 791 2417 appeliant,
823 2366 937 2410 copias
967 2367 1076 2410 cogit,
1109 2372 1143 2402 et
1166 2368 1198 2401 in
1221 2367 1390 2401 Persidem
1414 2367 1570 2412 impetum
1589 2368 1704 2400 facere

257 2409 440 2443 constituit.
487 2409 611 2443 Persae
638 2421 665 2442 si
693 2410 844 2454 quidem,
876 2411 1075 2454 posthabitis
1090 2412 1300 2453 foederibus,
1331 2413 1512 2445 Pracanam
1528 2423 1703 2456 expugna-

258 2458 398 2495 verant,
429 2455 546 2488 urbem
567 2454 737 2498 Isauriae,
772 2460 806 2488 et
830 2455 895 2489 alia
910 2455 1045 2500 insuper
1057 2458 1177 2492 damna
1194 2457 1556 2495 Romanisintulerant.
1602 2458 1705 2491 rebus

258 2506 296 2532 ut
313 2510 374 2543 par
389 2504 464 2532 erat
478 2499 521 2533 ad
536 2499 657 2534 bellum
673 2500 882 2545 compositis,
914 2505 1025 2534 castra
1045 2501 1124 2536 inde
1144 2514 1303 2544 movens,
1332 2502 1366 2535 in
1388 2502 1547 2535 ulteriora
1561 2513 1705 2546 progre-

262 2545 369 2588 ditur,
400 2556 467 2588 quo
492 2545 644 2579 incautos
666 2546 836 2590 inopinate
859 2557 1055 2589 aggressus,
1087 2548 1231 2600 puberes
1246 2558 1360 2581 omnes
1373 2548 1596 2581 internecione
1610 2547 1705 2580 delc-

263 2594 327 2623 ret.
375 2601 437 2622 nec
452 2589 622 2624 aberravit
637 2591 766 2624 omnino
781 2602 802 2624 a
816 2590 1007 2635 proposito,
1037 2596 1100 2625 etsx
1121 2593 1163 2625 ad
1179 2597 1440 2626 manusventum
1457 2603 1521 2626 non
1537 2597 1600 2626 est.
1647 2603 1705 2626 su-

288 2638 382 2667 erato
398 2634 483 2668 enim
499 2635 646 2680 Olympo
663 2636 794 2679 Mysiae
807 2641 936 2678 monte,
967 2635 1010 2669 ad
1026 2636 1196 2671 Pithecam
1215 2649 1288 2671 cum
1304 2637 1531 2682 pervenisset,
1563 2637 1619 2670 ubi
1642 2648 1705 2671 va-

279 2679 364 2712 idam
380 2679 451 2724 ipse
465 2691 573 2714 arcem
589 2681 803 2723 condiderat,
835 2686 935 2714 noctu
951 2681 984 2714 in
1000 2692 1058 2714 eos
1072 2683 1212 2716 secessit
1233 2688 1360 2716 montes
1373 2710 1382 2726 ‚
1414 2693 1480 2726 qua
1499 2682 1704 2727 confragosi,

264 2724 504 2769 praeruptique
533 2730 631 2769 sunt,
662 2731 763 2770 atque
792 2726 937 2760 arbustis
966 2727 1102 2760 consiti:
1133 2739 1247 2761 verum
1277 2727 1398 2762 accidit
1427 2733 1464 2760 ut
1488 2728 1708 2762 ascendentes

267 2769 376 2803 crebri
395 2781 414 2803 e
429 2769 556 2814 tesquis
570 2781 712 2815 vapores
726 2776 827 2816 caput
839 2771 945 2816 ipsius
960 2771 1045 2805 adeo
1062 2783 1142 2806 occu
1169 2776 1282 2814 arent,
1313 2777 1351 2806 ut
1376 2773 1486 2806 subito
1513 2773 1707 2807 concideret

266 2825 375 2860 neque
389 2815 545 2860 surgendi
559 2820 759 2862 potestatem
773 2817 935 2859 haberet,
964 2821 1000 2852 et
1022 2816 1065 2851 ad
1084 2829 1136 2852 me
1161 2818 1224 2852 iam
1240 2828 1347 2863 usque
1361 2824 1493 2852 noctem
1507 2818 1611 2851 omnis
1624 2828 1704 2852 sen-
