1878 3262
511 210 1046 256 COMMENTARIORUM
1078 211 1126 253 L.
1159 209 1238 253 IV.
1514 209 1607 255 159

163 330 232 372 λέα
262 326 316 378 ὦς
344 326 412 369 διὰ
438 326 483 369 τὸ
514 328 635 381 κῆδος
663 323 903 383 προδιδόντα
920 325 992 379 τὴν
1008 322 1155 380 μάχην.
1225 323 1245 366 ὅ
1266 324 1455 379 βασιλεὺς
1475 326 1606 368 τοίνυν
1627 333 1656 366 Β

163 399 244 440 ἐπεὶ
263 396 394 437 πολλὰ
414 397 696 453 παρακαλέσας
714 399 854 437 τοῦτον
876 394 948 435 οὐκ
970 394 1127 436 ἔπειθεν
1135 426 1149 446 ,
1186 394 1379 449 ἀγασθεὶς
1399 393 1445 436 τὸ
1465 393 1606 437 τούτου

165 465 328 522 στερρὸν
355 469 429 507 τοῦ
458 463 715 522 φρονήματος
735 463 809 512 τὰς
833 461 1020 516 δυνάμεις
1039 461 1305 519 παραδιδόναι
1327 467 1384 520 τῷ
1404 468 1610 519 πρωτοβε-

166 535 331 590 στιαρίῳ
350 534 533 575 ἐκέλευεν.
601 527 651 587 ἦν
672 535 696 574 δ
702 532 714 548 ³
743 526 859 581 οὗτος
879 529 900 572 ὅ
924 532 1109 584 ἐκτομίας
1127 530 1332 586 Ἰωάννης,
1367 530 1491 573 πάλαι
1513 530 1608 574 τούἠ

132 608 223 659 ὅτῳ
246 602 322 658 πρὸ
341 606 412 656 τῆς
431 602 635 655 βασιλείας
650 599 866 657 ὑπηρετῶν.
913 598 1126 657 φιλόδοξος
1146 602 1189 643 δὲ
1210 595 1259 656 ἦν
1281 601 1387 658 εἴπερ
1409 618 1468 650 τις
1490 601 1609 651 ἄλλος

164 674 232 712 καὶ
254 670 299 712 τὸ
319 664 425 725 ἦθος
449 671 581 727 φέρων
606 669 651 711 οὗ
672 667 879 723 στάσιμον.
1099 688 1101 690 ·

302 739 379 783 32.
441 736 490 780 Ὁ
523 738 735 792 ,Κομνηνὸς
767 732 836 779 οὖν
866 734 1111 793 διαπεράσας
1137 738 1178 779 ἐν
1203 735 1485 794 Χρυσουπόλει
1512 737 1611 794 πρὸς

165 806 287 848 αὐτὸν
317 807 532 862 παρεδίδου
561 807 613 848 τὰ
641 805 921 864 στρατεύματα
947 807 1013 847 καὶ
1043 810 1123 847 τῶν
1149 805 1352 862 ἀρχόντων
1379 809 1473 857 τούς
1499 808 1610 848 πλεί-

165 891 296 923 στους.
362 874 400 916 οἳ
421 875 464 916 δὲ
481 875 640 932 βαρέως
660 879 776 917 τοῦτο
803 875 988 932 φέροντες
1005 873 1074 916 τὸν
1089 874 1303 928 Κομνηνόν
1327 870 1450 925 αὖθις
1468 875 1611 917 ἀνεκα-

112 946 307 988 1ολοῦντο
320 974 333 994 ,
367 942 526 998 συνήθη
556 948 698 986 τοῦτον
730 945 774 985 ἐκ
803 948 963 1000 μακροῦ
992 942 1156 996 ἔχοντες.
1227 941 1248 984 ὃ
1284 945 1328 984 δὲ
1362 945 1612 985 κατέστιλλεν

165 1009 312 1060 αὐτούς
320 1043 334 1063 ,
364 1011 422 1065 μὴ
452 1011 696 1067 βουλόμενος
722 1011 768 1054 τὸ
795 1016 974 1053 τοιοῦτον
1001 1011 1288 1054 ἄναδύσασθαι
1318 1011 1432 1069 ἔργον
1453 1012 1520 1053 διὰ
1538 1011 1609 1066 τὴν
1631 1018 1660 1051 C

165 1079 359 1137 ῥηθεῖσαν
379 1081 521 1122 αῗτιάν.
587 1080 795 1137 παραδοὺς
815 1082 946 1122 τοίνυν
965 1079 1016 1122 τὰ
1036 1079 1318 1137 στρατεύματα
1336 1080 1435 1136 πρὸς
1454 1080 1523 1122 τὸν
1540 1080 1613 1136 ῥη-

165 1148 290 1190 θέντα
311 1149 496 1202 ἓκτομιάν
507 1179 522 1200 ,
551 1146 632 1190 εἷθ’
657 1148 785 1198 οὕτως
808 1147 1101 1202 συνταξάμενος
1120 1147 1272 1206 τούτῳ,
1303 1149 1435 1202 ἐπειδὴ
1451 1147 1614 1202 ὑποχω-

166 1223 248 1273 ρεῖν
270 1215 454 1270 ἔμελλεν,
489 1214 556 1259 οἷα
580 1217 631 1259 τὰ
657 1222 729 1272 τῆς
750 1215 956 1271 νεότητος,
991 1219 1057 1259 καὶ
1077 1224 1162 1267 τοῖς
1183 1216 1446 1273 στρατιώταις
1467 1235 1614 1259 συντα-

114 1292 155 1328 15
166 1283 327 1341 κτήριον
366 1285 559 1328 ἱππασίαν
594 1284 852 1327 ἱππάσασθαι
887 1285 1045 1340 ἤθελεν.
1114 1286 1250 1335 ἐνδοὺς
1279 1284 1398 1336 ὅλους
1427 1285 1615 1343 ῥυτῆρας,

167 1351 314 1395 ὁπόσον
334 1351 537 1409 διάστημα
552 1360 640 1403 ταῖς
648 1352 859 1403 ,τοιαύταις
878 1354 1136 1409 ἱππηλασίαις
1155 1353 1364 1412 προσήκει,
1395 1353 1616 1405 ἐξιππασά-

166 1438 285 1475 μενος
314 1420 420 1476 ἕστη.
490 1420 510 1463 ὅ
532 1427 627 1478 γοῦν
649 1424 835 1476 ἐκτομίας
852 1421 1037 1477 Ἰωάννης
1058 1421 1348 1476 ἐπιλαθόμενος
1367 1421 1452 1465 οἷον
1472 1422 1618 1465 ἑαυτοῦ

168 1491 234 1531 καὶ
256 1489 326 1531 τὸν
342 1489 507 1543 χαλινὸν
528 1491 666 1541 ἕνὸοὒς
685 1489 870 1532 ἁπάντων
891 1489 1057 1533 ἐνώπιον
1077 1494 1143 1533 καὶ
1167 1492 1289 1541 αὐτὸς
1308 1492 1489 1546 ἤλαυνεν.
1550 1492 1618 1534 εὖ·-

167 1557 248 1607 ‚Ji-g
278 1558 322 1599 δὲ
347 1558 471 1612 γέλως
503 1554 607 1615 ὦρτο
640 1559 764 1608 πολὺς
795 1558 906 1615 παρὰ
926 1558 1104 1612 πάντων,
1137 1562 1205 1601 καὶ
1232 1558 1618 1614 καταμωκησάμενοι

114 1623 310 1668 Ξοτούτου
335 1625 382 1667 τὸ
407 1625 595 1681 συνήθως
613 1634 696 1677 τοῖς
715 1628 915 1681 ἕκτομιάις
935 1626 1176 1685 ἐπαγόμενον
1203 1626 1331 1670 “κλοῦ
1355 1629 1482 1686 κλοῦ”
1518 1629 1619 1685 πρὸς

168 1698 309 1736 τοῦτον
341 1692 486 1750 ἔλεγον.
554 1695 592 1736 οἳ
624 1697 667 1738 δὲ
699 1698 785 1752 περὶ
817 1695 886 1738 τὸν
908 1697 1122 1751 Κομνηνὸν
1142 1698 1336 1751 ἓπιμξλῶς
1356 1695 1522 1746 τούτους
1542 1714 1617 1738 κα·-

167 1763 385 1804 τέστελλον.

264 1883 318 1917 11.
342 1877 651 1925 ἇνοιδύσοισθαι]7
788 1882 842 1917 15.
866 1878 1017 1926 ἐνδοὺς]
1038 1881 1234 1915 Addendum
1255 1881 1392 1916 videtur
1415 1877 1495 1917 οὖν.

173 1983 265 2018 velut
280 1982 313 2016 in
327 1982 470 2026 gratiam
483 1981 654 2015 Melisseni
669 1981 780 2015 affinis
794 1981 846 2015 sui
860 1993 930 2016 rem
946 1982 990 2016 de
1003 1983 1169 2017 industria
1191 1984 1276 2018 male
1296 1985 1469 2028 gessisset.
1513 1986 1619 2031 impe-

173 2037 266 2063 rator
282 2039 364 2072 ergo
380 2032 558 2073 postquam
572 2027 684 2061 verbis
698 2027 733 2060 in
747 2027 811 2061 ista
837 2028 1049 2073 expeditione
1065 2029 1183 2063 Alexio
1198 2030 1366 2064 suadenda
1379 2031 1490 2064 multis
1505 2033 1620 2077 perdi-

174 2075 220 2108 tis
244 2074 409 2108 adducere
434 2073 539 2117 ipsum
565 2084 631 2117 quo
654 2073 792 2106 volebat
813 2084 880 2106 non
894 2074 1027 2118 potuit,
1058 2074 1194 2109 miratus
1209 2081 1366 2110 constans
1381 2077 1451 2110 eius
1465 2078 1620 2122 proposi—

175 2125 264 2164 tum,
292 2119 392 2152 iussit
413 2118 457 2154 ad
481 2122 662 2152 extremum
687 2118 800 2163 copias
823 2130 896 2152 eum
918 2119 1053 2153 tradere
1067 2122 1338 2164 protovestiario.
1385 2128 1459 2156 erat
1471 2123 1500 2157 is
1516 2135 1621 2157 eunu-

176 2166 257 2199 chus
280 2165 424 2199 loannes
438 2163 503 2198 iam
518 2168 597 2197 ante
611 2164 782 2208 imperium
798 2164 996 2199 Botaniatae
1020 2166 1212 2201 administer
1234 2178 1350 2211 carm,
1379 2169 1476 2202 homo
1494 2169 1622 2213 gloriae

174 2215 338 2256 appetens
353 2210 382 2244 si
400 2209 571 2254 quisquam
585 2209 669 2243 alius
683 2237 693 2254 ‚
724 2209 782 2243 sed
796 2209 882 2254 levis
897 2211 983 2244 idem
1000 2216 1034 2245 et
1046 2212 1179 2256 ingenio
1194 2224 1312 2258 parum
1329 2214 1436 2248 firmo.

266 2257 322 2291 32.
369 2256 420 2289 Ad
437 2256 524 2289 hunc
536 2256 725 2289 Comnenus
736 2255 941 2300 Chrysopoli
956 2257 1043 2290 freto
1062 2257 1202 2291 traiecto
1218 2259 1330 2303 copias
1346 2259 1483 2294 adducit
1499 2263 1532 2294 et
1548 2260 1621 2305 ple-

175 2313 298 2347 rosque
313 2301 431 2335 ducum
447 2313 487 2335 ac
501 2300 719 2334 tribunorum.
751 2302 806 2345 qui
822 2313 923 2345 aegre
938 2302 1084 2336 ferentes
1101 2304 1239 2338 eunuchi
1256 2304 1369 2338 ductui
1383 2306 1531 2350 permitti
1544 2318 1621 2340 rur—

176 2359 233 2382 sus
257 2347 462 2380 Comnenum
485 2347 724 2391 obsecrabant,
756 2351 794 2380 ut
811 2347 922 2381 venire
939 2359 1050 2382 secum
1068 2361 1108 2383 ac
1121 2349 1286 2395 imperare
1300 2351 1362 2384 sibi
1376 2351 1500 2396 vellet,
1531 2352 1622 2396 quod

177 2393 232 2427 diu
246 2392 390 2427 feliciter
404 2393 543 2426 fecerat.
589 2392 645 2425 ille
669 2397 778 2426 autem
795 2396 853 2426 ecs
869 2393 1073 2436 consolatus,
1106 2392 1279 2429 excusavit
1292 2395 1348 2429 isti
1363 2396 1449 2430 bello
1466 2408 1623 2442 praeesse

176 2449 215 2473 se
229 2450 293 2472 non
309 2450 410 2483 posse
424 2443 564 2482 propter
579 2442 790 2472 memoratam
806 2449 949 2472 causam.
995 2440 1132 2474 traditis
1154 2441 1258 2484 igitur
1273 2442 1423 2475 eunucho
1440 2442 1560 2487 copiiS,
1592 2443 1622 2476 ei

177 2483 255 2518 vale
271 2484 384 2518 dicens
399 2495 476 2517 mox
493 2495 684 2517 recessurus
695 2509 704 2524 ‚
735 2483 909 2518 alacritate
922 2484 1059 2519 iuvenili
1073 2486 1301 2520 excursionem
1316 2492 1506 2531 equestrem
1520 2489 1552 2521 in
1569 2488 1622 2521 di—

177 2540 295 2573 gressu
323 2529 440 2563 ludere
465 2529 588 2563 voluit:
617 2529 732 2574 itaque
756 2528 876 2562 laxatis
901 2542 988 2574 equo
1010 2531 1150 2564 habenis
1171 2535 1302 2566 tantum
1324 2533 1432 2578 campi
1455 2534 1623 2578 percurrit

179 2579 339 2619 quantum
362 2574 522 2608 eiusmodi
546 2574 682 2608 ludicris
703 2575 912 2619 equestribus
927 2576 1097 2620 pervolari
1111 2577 1210 2611 solet.
1257 2589 1323 2622 quo
1340 2579 1508 2613 eunuchus
1522 2580 1622 2613 Ioan-

179 2631 239 2654 nes
253 2620 326 2654 viso
337 2648 348 2664 ‚
379 2621 501 2654 imitari
516 2624 550 2654 et
563 2620 636 2665 ipse
651 2632 691 2654 ac
707 2632 819 2665 parem
834 2620 994 2664 agilitatis
1008 2621 1147 2665 gloriam
1162 2623 1298 2657 auferre
1312 2624 1468 2667 studens,
1498 2626 1622 2659 oblitus

180 2676 279 2710 quam
295 2665 433 2700 inferior
451 2666 655 2700 dexteritate
669 2666 787 2700 Alexio
802 2673 908 2708 esset,
939 2678 1059 2711 equum
1073 2667 1107 2701 in
1123 2673 1303 2713 conspectu
1319 2670 1488 2704 exercitus
1505 2672 1623 2706 effudit

180 2710 214 2744 in
229 2721 372 2746 cursum.
416 2711 503 2745 risus
517 2716 626 2746 autem
642 2718 778 2746 coortus
793 2718 845 2745 est
861 2711 1020 2754 omnium
1055 2714 1181 2748 cunctis
1210 2714 1297 2748 “clu
1321 2715 1402 2750 clu”
1434 2718 1623 2751 exclaman-

180 2756 271 2789 tibus
287 2767 372 2800 quae
386 2757 556 2802 popularis
570 2769 639 2791 vox
654 2762 706 2791 est
722 2758 892 2792 eunuchos
907 2757 1110 2793 irridentium
1121 2785 1132 2802 ‚
1162 2759 1332 2795 Comneno
1349 2774 1410 2807 per
1423 2774 1460 2797 se
1474 2774 1619 2807 suosque

181 2801 248 2835 tale
262 2801 438 2836 ludibrium
451 2809 577 2848 quanta
590 2803 702 2849 potuit
715 2803 858 2838 maxima
871 2803 1048 2848 diligentia
1061 2811 1304 2851 compescente.
