1878 3262
291 189 357 254 50
708 185 1018 230 NIGEPHORJ
1048 185 1319 230 BRYENNn

292 321 356 353 τες
375 303 441 344 καὶ
460 304 614 354 πνεῦμα
634 300 834 356 σωτηρίας
851 299 1058 350 ὠδίνοντες
1079 297 1220 351 οὕτως,
1241 299 1279 341 οῗ
1298 299 1340 342 δὲ
1361 296 1492 343 πάντα
1509 300 1753 358 χαρίζεσθαι
1775 356 1778 357 ⁷

245 374 275 408 C
298 377 380 420 τοῖς
420 373 612 426 κρατοῦσι
648 367 887 423 βουλόμενοι
926 369 1051 411 δεινοί
1084 385 1186 418 τινες
1223 369 1407 410 δικασταὶ
1435 369 1753 424 καθεστήκεσαν.

294 440 376 480 ἐπεὶ
407 439 450 479 δὲ
480 438 555 492 οὐχ
584 435 668 479 οἶόν
697 455 739 479 τε
773 432 822 492 ἦν
849 438 1165 479 ἀποδείκνυσθαι
1195 436 1268 491 τὴν
1302 439 1574 494 συκοφαντίαν
1595 441 1661 480 καὶ
1682 438 1752 481 τὸν

293 510 518 564 κρατοῦντα
539 506 709 562 ᾐδοῦντο
720 538 733 558 ,
763 510 918 560 μᾶλλον
946 507 990 548 δὲ
1007 506 1084 562 πρὸ
1107 506 1254 547 ἐκείνου
1275 504 1345 546 τὸν
1364 504 1433 547 τὸν
1453 504 1571 548 δόλον
1596 505 1752 564 συρρά-

175 583 207 617 V
230 582 276 616 23
297 588 460 630 ψαντα,
515 575 586 616 οὐκ
622 575 914 632 ἀποφαίνονται
955 575 1049 628 μέν,
1104 576 1160 623 εἷς
1198 571 1403 630 πρόληψιν
1435 574 1478 616 δὲ
1510 574 1555 616 τὸ
1584 580 1784 632 πρᾶγμαᾶ
1830 621 1834 624 ,

292 642 488 699 ἓνάγουσι.
556 645 686 697 βαβαὶ
705 648 777 698 τῆς
796 644 1036 693 ἀσυνεσίας]
1071 643 1167 684 ποία
1184 640 1388 698 πρόληψις
1408 636 1440 683 ὦ
1459 641 1720 699 ἐμβρόντητοι
1736 648 1752 684 !

294 711 398 755 εἶπεν
428 711 477 754 ἄν
505 729 566 761 τις
593 712 694 769 πρὸς
723 712 871 762 αὐτοὺς
895 711 1158 768 θαρραλέως,
1187 708 1396 765 ὃπηνίκαὸ
1425 711 1498 764 μὲν
1521 716 1754 768 κατηγορῶν

292 781 461 835 ἄναίδην
485 781 727 837 φθέγγεται,
756 779 777 822 ὃ
806 781 849 822 δὲ
882 779 1041 838 φεύγων
1066 781 1254 835 γενναίως
1280 779 1354 828 τὰς
1382 781 1624 835 κατηγορίας
1650 780 1753 822 ἀπο-

292 848 548 901 σκευάζεται,
584 851 650 890 καὶ
684 847 705 890 ὃ
735 850 808 902 μὲν
838 848 1012 905 ἀγύρτης
1043 849 1126 890 ἐστὶ
1155 849 1222 889 καὶ
1251 847 1401 901 ὀβολοῦ
1421 846 1658 904 πιπράσκων
1680 848 1753 902 τὴν

292 920 404 973 δίκην
422 920 456 959 εἷ
475 918 578 968 δέοι,
614 915 634 958 ὃ
664 918 708 958 δὲ
735 916 866 972 πάσης
895 915 1076 971 ὑποψίας
1105 915 1303 972 ἂνώτερος
1327 917 1392 957 καὶ
1415 916 1516 973 πρὸς
1539 916 1664 971 αὐτὴν
1681 934 1753 970 μι-
1766 928 1810 963 10

239 988 272 1023 D
295 991 396 1043 κροῦ
415 988 495 1028 δεῖν
515 986 716 1042 ἐρυθριῶν
738 986 809 1040 τὴν
832 985 1041 1040 ἀλήθειαν.
1109 987 1221 1027 τουτὶ
1249 985 1322 1037 μὲν
1350 984 1395 1026 τὸ
1420 985 1626 1041 συνέδριον
1649 983 1754 1026 οὕτω

289 1071 375 1104 πως
398 1054 620 1105 διελέλυτο,
654 1059 802 1110 μικροῦ
822 1056 902 1096 δεῖν
924 1054 1051 1103 ἐοικὸς
1069 1058 1127 1110 τῷ
1147 1058 1219 1095 τοῦ
1242 1051 1438 1110 Καϊάφα·
1473 1051 1499 1107 ἦ
1522 1054 1565 1095 δὲ
1580 1053 1653 1095 σὺν
1671 1059 1755 1103 τοῖς

290 1124 428 1164 παισὶν
448 1124 504 1171 εἷς
527 1121 599 1175 τὴν
621 1126 694 1163 τοῦ
714 1124 922 1178 πρίγγιπος
937 1123 1148 1178 ἔξορίζεται
1169 1126 1304 1176 νῆσον.

430 1190 507 1234 23.
579 1191 662 1231 Καὶ
683 1190 823 1244 τὰμὲν
844 1190 937 1232 κατ’
964 1190 1111 1240 αὐτοὺς
1132 1184 1208 1232 ὧδε
1230 1187 1459 1246 ἐπράττετο.
1529 1187 1549 1230 ὁ
1571 1189 1614 1231 δὲ
1630 1193 1754 1242 βασι-

290 1258 383 1308 λεῦς
405 1258 581 1312 Μιχαὴλ
610 1260 677 1300 καὶ
708 1259 745 1300 οἶ
764 1260 860 1315 περὶ
890 1258 958 1300 τὸν
985 1260 1160 1315 καίσαρα
1193 1256 1428 1313 ἀπογνόντες
1445 1257 1496 1299 τὰ
1517 1257 1619 1314 πρὸς
1642 1256 1752 1313 εἰρή-
1766 1269 1808 1305 15

289 1345 362 1382 νην
387 1327 469 1368 ἐπεὶ
500 1326 611 1383 ἔφθη
642 1325 663 1368 ὃ
694 1327 791 1377 δοὺξ
822 1329 1128 1376 Κωνσταντΐνος
1159 1323 1180 1367 ὃ
1214 1330 1272 1382 τῷ
1300 1326 1478 1381 Διογένει
1509 1327 1755 1378 συμπλακεὶς

291 1397 358 1438 καὶ
379 1399 520 1437 τοῦτον
540 1387 740 1449 ἡττήσας,
775 1395 820 1437 ὃν
849 1395 937 1437 υἱὸν
960 1393 1059 1437 εἶναι
1079 1398 1153 1437 τοῦ
1175 1396 1370 1451 καίσαρος
1391 1392 1575 1451 δεύτερον
1599 1391 1620 1435 ὃ
1639 1392 1756 1449 λόγος

287 1462 536 1520 ἡρμήνευσεν
559 1463 730 1514 ἄνωθεν,
763 1467 1052 1517 παλινοστῆσαι
1077 1463 1176 1520 πρὸς
1196 1463 1240 1505 τὸ
1261 1461 1494 1514 Βυζάντιον,
1521 1463 1754 1504 ἐσκέπτοντο

289 1531 398 1581 ὅπως
420 1531 468 1573 ἂν
487 1531 538 1573 τὰ
556 1532 660 1572 κατὰ
677 1531 746 1573 τὸν
767 1532 962 1586 Διογένην
985 1530 1222 1573 διάθωνται.
1273 1532 1473 1573 ἐδεδίεσαν
1495 1530 1572 1586 γὰρ
1590 1529 1648 1584 μή
1668 1547 1754 1580 πως

291 1599 430 1649 ἁδείας
457 1598 578 1641 πάλιν
600 1600 746 1648 ἐκεῖνος
768 1598 1017 1656 δραξάμενος
1043 1598 1326 1655 στρατεύματα
1356 1616 1398 1640 τε
1431 1600 1643 1655 συναγείρῃ
1672 1603 1807 1646 ‘mimo

169 1674 200 1709 1³
224 1674 270 1709 36
292 1666 431 1725 πρώην
453 1669 640 1719 πλείονα,
675 1669 743 1709 καὶ
769 1666 963 1725 χρήματα
992 1671 1073 1709 τῶν
1097 1668 1140 1709 ἐκ
1159 1672 1231 1722 τῆς
1242 1668 1483 1720 Ἀντιοχείας
1499 1665 1646 1723 χώρων
1668 1669 1751 1709 εἰσ-

288 1735 490 1794 πράξηται
535 1737 603 1778 καὶ
643 1735 954 1794 δυσμαχώτερος
985 1737 1223 1792 κατασταίη.
1303 1735 1428 1785 εὐθὺς
1451 1729 1522 1777 οὖν
1554 1733 1575 1777 ὃ
1603 1741 1751 1792 καῖ’σαρ

383 1833 417 1867 8.
439 1828 623 1876 οἷναίδην]
649 1828 789 1875 ἀνέδην
800 1830 821 1865 :²

287 1911 459 1946 rientium.
505 1914 543 1944 at
558 1909 616 1956 qui
630 1910 739 1943 omnia
751 1909 940 1954 gratificari
955 1909 1228 1955 praevalentibus
1244 1909 1487 1953 decreverant,
1517 1908 1641 1944 acerbe
1664 1907 1752 1943 iudi-

287 1958 375 1992 cium
391 1968 553 1991 exercere
570 1960 811 2002 perrexerunt:
843 1956 998 2001 quoniam
1014 1961 1125 1990 autem
1142 1957 1278 2001 probari
1294 1957 1418 1990 crimen
1431 1955 1593 2000 nequibat
1603 1982 1614 1999 ‚
1639 1959 1675 1989 et
1686 1955 1752 1989 im-

287 2008 480 2048 peratorem
495 2007 554 2035 aut
569 2002 681 2046 potius
695 2013 788 2045 eum,
820 2002 877 2046 qui
894 2001 1089 2036 calumniam
1105 2007 1296 2044 struxerat,
1329 2003 1545 2043 verebantur,
1591 2012 1659 2034 non
1675 2000 1751 2045 qui-

288 2048 363 2082 dem
382 2048 580 2081 deciderunt
595 2047 687 2081 litem
703 2051 763 2081 aut
778 2059 872 2082 ream
886 2049 1015 2081 Annam
1034 2048 1311 2090 pronuntiarunt:
1343 2046 1609 2093 praesumptioni
1635 2051 1750 2080 tamen

286 2094 396 2128 locum
421 2093 531 2126 videri
553 2105 629 2127 esse
652 2093 826 2136 dixerunt,
854 2093 1156 2138 imprudentissimo
1178 2093 1394 2139 praeiudicio.
1440 2094 1534 2137 agite
1548 2091 1632 2127 enim
1649 2092 1751 2126 fana-

288 2139 347 2173 tici
358 2166 368 2182 ‚
397 2138 489 2171 dicat
505 2139 626 2182 aliquis
639 2139 762 2183 iniquis
778 2139 941 2173 iudicibus
957 2139 1136 2182 audacter,
1167 2140 1241 2184 quis
1264 2140 1330 2172 hoc
1355 2150 1495 2183 unquam
1510 2137 1641 2172 censuit
1655 2143 1751 2172 recte

288 2184 457 2230 praesumi
473 2184 607 2217 affinem
634 2184 778 2228 aliquem
802 2185 874 2218 eius
897 2184 1061 2226 criminis,
1096 2185 1187 2229 quod
1201 2189 1381 2218 accusator
1404 2183 1612 2229 impudenter
1633 2182 1748 2227 infert,

286 2240 366 2264 reus
382 2229 533 2274 graviter
549 2234 811 2274 constanterque
826 2230 935 2264 reiicit
948 2231 967 2263 ’ἐ
1001 2242 1073 2264 cum
1090 2231 1289 2275 praesertim
1304 2231 1352 2264 ita
1368 2229 1553 2275 comparati
1567 2234 1750 2262 noscantur

286 2280 381 2309 actor
397 2282 432 2308 et
446 2286 525 2308 reus
538 2300 548 2316 ,
580 2279 617 2307 ut
639 2274 695 2307 ille
717 2275 851 2319 quidem
876 2276 974 2309 homo
999 2282 1125 2319 agyrta
1148 2276 1260 2310 iudicii
1275 2276 1468 2320 religionem
1484 2273 1583 2308 obolo
1599 2274 1750 2309 vendere

286 2327 428 2366 paratus
444 2320 508 2362 sit3
557 2320 610 2353 hic
624 2324 734 2353 autem
760 2320 974 2364 integerrima
990 2322 1233 2356 existimatione
1248 2321 1456 2356 innocentiae
1470 2319 1570 2353 facile
1585 2320 1671 2353 omni
1688 2331 1750 2354 su-

286 2367 435 2411 spicione
451 2365 605 2410 superior
620 2371 717 2399 tanto
734 2366 870 2411 insuper
886 2367 1015 2410 pudore
1032 2367 1088 2409 sit,
1106 2373 1144 2400 ut
1160 2368 1203 2400 ad
1219 2368 1324 2413 ipsam
1339 2378 1448 2411 paene
1464 2365 1601 2399 dixerim
1616 2366 1748 2401 verita-

285 2417 353 2445 tem
372 2413 562 2446 erubescat.
609 2411 657 2444 sic
679 2411 770 2444 istud
798 2412 973 2445 concilium
995 2413 1139 2446 solutum
1165 2413 1235 2446 eius
1262 2425 1329 2446 non
1353 2411 1522 2453 absimile,
1552 2411 1587 2444 in
1606 2423 1673 2456 quo
1690 2411 1748 2446 ille

286 2458 433 2502 Caiphas
449 2457 617 2490 Christum
632 2456 816 2491 damnavit.
848 2460 945 2492 Anna
960 2469 1044 2492 vero
1062 2470 1135 2492 cum
1151 2459 1228 2492 filiis
1246 2458 1280 2493 in
1294 2458 1432 2492 insulam
1447 2456 1608 2502 principis
1623 2457 1758 2492 dictam

285 2505 457 2538 exulatum
471 2503 523 2536 ire
537 2503 628 2536 iussa
644 2507 707 2537 est.

376 2549 431 2582 23.
478 2548 566 2581 Dum
582 2548 647 2581 hoc
662 2547 736 2583 loco
752 2558 808 2581 res
824 2547 1069 2582 Comnenorum
1085 2553 1183 2590 sunt,
1206 2558 1345 2583 reverso
1361 2547 1425 2582 iam
1442 2546 1644 2591 Byzantium
1660 2548 1746 2583 duce

285 2593 509 2627 Constantino
527 2593 633 2626 altero
652 2593 826 2638 Caesaris,
858 2599 896 2627 ut
921 2594 1074 2639 superius
1099 2595 1260 2636 diximus,
1289 2593 1381 2636 filio,
1413 2593 1470 2637 qui
1497 2605 1569 2627 cum
1592 2594 1747 2638 Diogene

284 2639 506 2679 conflixerat,
533 2650 673 2683 eumque
690 2638 852 2681 'vicerat,
886 2639 1035 2674 Michael
1059 2640 1241 2685 imperator
1258 2643 1294 2673 et
1309 2638 1437 2672 Caesar
1452 2639 1630 2684 desperata
1647 2651 1745 2685 pace,

284 2696 383 2729 quem
397 2684 543 2727 Diogeni
558 2689 769 2729 opponerent
783 2686 1028 2720 consultabant.
1074 2687 1281 2719 verebantur
1297 2684 1402 2727 enim,
1435 2695 1477 2718 ne
1497 2686 1526 2719 si
1544 2686 1574 2719 ei
1589 2696 1744 2720 securum

281 2730 426 2776 spatium
446 2729 663 2763 confirmandi
678 2729 729 2762 sui
744 2730 874 2771 darent,
903 2731 1087 2764 exercitum
1114 2730 1393 2771 numerosiorem,
1425 2742 1523 2774 quam
1546 2731 1653 2776 prius,
1677 2730 1742 2765 sibi

281 2779 510 2820 compararet,
541 2774 747 2819 pecuniaque
771 2787 815 2810 ex
838 2775 959 2810 vicinis
973 2776 1171 2811 Antiochiae
1194 2775 1388 2820 regionibus
1413 2782 1449 2811 et
1464 2777 1604 2811 urbibus
1618 2777 1743 2811 idonea

280 2821 423 2858 collecta
439 2819 489 2856 sic
501 2824 618 2867 partes
631 2820 784 2856 firmaret
797 2831 877 2857 suas
887 2846 899 2866 ,
929 2827 968 2856 ut
979 2832 1048 2857 non
1061 2821 1162 2858 facile
1175 2821 1335 2859 debellari
1349 2827 1479 2869 posset.
1515 2826 1638 2859 vocato
1654 2832 1740 2869 ergo
