1878 3262
211 227 276 275 38
639 222 947 269 NICEPHORI
977 189 1248 268 BRYENNH

209 340 382 396 σάμενος
407 337 502 389 τοὺς
523 337 566 381 ἔκ
592 342 665 381 τοῦ
689 336 830 380 Χλὲατ
854 335 963 393 ἣκειν
989 337 1056 395 ἐφ’
1087 335 1250 395 ἁρπαγῇ
1275 338 1509 383 διενίστατο.
1575 336 1673 382 ἴλα-

207 415 283 453 θεν
320 402 392 450 οὖν
427 405 533 450 οὕτω
567 407 638 450 τὸν
669 406 843 462 βασιλέα
866 405 892 462 ἦ
918 411 992 449 τοῦ
1017 405 1240 451 σουλτάνου
1268 406 1414 464 ἔφοδος
1438 408 1486 450 οὖ
1510 407 1674 465 μακρὰν

207 481 282 522 τοῦ
319 476 593 533 στρατοπέδου
634 474 750 526 ὄντος
788 477 855 518 καὶ
889 475 942 518 τὰ
976 479 1050 518 τοῦ
1081 476 1258 530 πολέμου
1297 470 1342 518 εὖ
1380 477 1674 530 διατιθεμένου.

155 542 186 579 Β
207 543 457 601 βουλόμενος
482 545 560 601 γὰρ
587 544 657 587 τὸν
680 545 851 599 βασιλέα
876 544 1087 600 ἐπαγαγεῖν
1113 546 1170 594 εἷς
1192 544 1244 586 τὰ
1269 542 1498 601 ἔμπροσθεν
1519 547 1587 588 καὶ
1607 546 1673 587 ἓν·

205 614 277 665 τὸς
304 611 464 670 ἀρκύων
490 611 766 668 ποιήσασθαι,
803 611 1062 670 προδρόμους
1095 613 1328 667 ἐξέπεμπεν,
1365 612 1411 654 οἳ
1436 612 1708 670 προέτρεχόν5

168 717 171 722 l
204 700 248 726 τε
274 688 359 732 τοῖς
379 683 520 732 ἵπποις
544 684 635 739 περὶ
659 682 728 724 τὸν
752 686 832 728 τῶν
848 679 1059 735 Ῥωμαίων
1079 679 1269 738 χάρακα,
1305 682 1372 723 καὶ
1398 675 1522 731 αὖθις
1544 681 1676 723 ἀνθυ-

204 749 422 794 πενόστουν
443 749 577 808 ὥσπερ
599 750 782 807 δρασμὸν
799 748 1043 804 ποιούμενοι.
1077 751 1144 792 καὶ
1166 754 1285 792 τοῦτο
1307 747 1500 799 πολλάκις
1512 753 1676 798 ποιοῦν-

204 837 271 870 τες
293 820 421 869 ἐνίους
443 823 523 862 τῶν
549 823 783 876 στρατηγῶν
807 816 1108 879 συνηρπάκασιν
1120 850 1134 870 ,
1170 812 1227 860 ῶν
1258 816 1278 860 ὅ
1310 811 1470 875 πρῶτος
1494 815 1514 859 ὃ
1541 820 1678 860 Βασι-

205 886 334 943 λάκης
365 882 429 942 ἦν.
497 885 681 931 σπεύδων
717 888 795 944 γὰρ
835 882 953 937 οὗτος
986 886 1056 930 τὸν
1086 887 1259 941 βασιλέα
1284 890 1595 944 πληροφορῆσαι
1622 884 1679 936 ὥς

207 956 281 999 οὐκ
306 957 349 998 ἐκ
372 959 445 998 τοῦ
469 958 679 1013 Περσικοῦ
707 954 1008 1013 στρατεύματος
1033 954 1108 998 εἶεν
1141 956 1179 997 οἶ
1203 955 1278 1006 τὰς
1309 955 1511 1012 ἐκδρομὰς
1534 953 1677 997 ποιού-
1688 961 1734 997 10

204 1041 345 1079 μενοι,
382 1024 475 1066 ἀλλ’
507 1025 550 1066 ἐκ
584 1028 665 1067 τῶν
692 1022 949 1067 ἐνοικούντων
974 1028 1032 1081 τῷ
1054 1025 1217 1076 Χλέατ,
1251 1023 1336 1080 ᾔτει
1363 1023 1681 1080 συγχωρηθῆναί

206 1093 245 1135 οἱ
268 1096 342 1135 τοῦ
363 1090 547 1148 χάρακος
572 1093 748 1142 ἐξελθεῖν
756 1124 769 1144 ,
796 1094 863 1134 καὶ
886 1092 957 1135 τὸν
978 1090 1169 1147 ἀκινάκην
1192 1091 1451 1146 σπασάμενος
1470 1093 1538 1136 καὶ
1562 1108 1680 1146 μυω-

156 1161 189 1197 c
211 1162 333 1210 πίσας
353 1160 423 1202 τὸν
440 1161 565 1202 ἵππον
591 1159 849 1215 ἀσυντάκτως
871 1158 1010 1217 ἐχώρει
1035 1162 1139 1204 κατὰ
1164 1165 1244 1203 τῶν
1269 1162 1482 1214 πολεμίων.
1550 1161 1618 1204 καὶ
1639 1159 1680 1202 οἶ

205 1231 297 1286 περὶ
331 1227 454 1270 αὐτὸν
490 1230 646 1274 εἵποντο
681 1229 728 1271 οὗ
762 1229 867 1273 κατὰ
905 1227 1018 1279 τάξιν
1054 1229 1146 1273 ἀλλ’
1176 1228 1310 1286 ὥσπερ
1337 1228 1472 1283 ἔτυχεν
1498 1228 1680 1279 ἕκαστος.

207 1298 345 1352 ἀμέλει
380 1298 448 1338 καὶ
478 1297 551 1352 τὴν
580 1296 754 1342 ἄτακτον
787 1296 941 1340 τούτων
978 1297 1112 1354 φορὰν
1144 1297 1182 1339 οἳ
1217 1297 1398 1351 πολέμιοι
1428 1295 1678 1351 θεασάμενοι
1691 1301 1735 1337 15

205 1363 553 1423 προσεποιήσαντο
581 1365 753 1422 φεύγειν.
824 1367 908 1414 ἐπεὶ
935 1366 979 1407 δὲ
1003 1364 1143 1423 πόρρω
1169 1370 1243 1408 τοῦ
1262 1364 1446 1422 χάρακος
1471 1363 1576 1407 εἶδον
1602 1365 1681 1407 αὗ-

205 1434 302 1484 τοὺς
323 1432 610 1486 ἐξελάσαντας,
641 1435 736 1485 τοὺς
752 1434 945 1488 χαλινοὺς
963 1432 1290 1490 ὑποστρέψαντες
1308 1436 1375 1476 καὶ
1396 1434 1681 1488 διεσκεδασμέ-

205 1519 292 1552 νοις
313 1503 451 1552 αὐτοῖς
473 1502 773 1558 προσβαλόντες
797 1507 958 1546 νικῶσιν
985 1502 1134 1552 αὖτοὺς
1159 1503 1263 1545 κατὰ
1290 1501 1450 1559 κράτος.
1519 1504 1587 1547 καὶ
1611 1503 1680 1556 πί-

209 1587 355 1613 πτουσι
377 1571 450 1623 μὲν
475 1572 617 1611 πολλοὶ
639 1575 719 1612 τῶν
747 1575 1029 1628 στρατιωτῶν,
1065 1569 1122 1620 ὡς
1152 1575 1300 1628 μικροῦ
1327 1573 1408 1612 δεῖν
1432 1570 1536 1624 μηδ’
1561 1570 1680 1626 ἄγγε-

208 1642 282 1680 λον
307 1637 330 1680 ὃ
357 1638 407 1692 δὴ
433 1639 587 1694 λέγεται
611 1640 868 1694 διασωθῆναι
890 1642 962 1694 τῆς
985 1643 1221 1695 συμφορᾶς,
1256 1637 1363 1681 ἑάλω
1386 1638 1430 1680 δὲ
1450 1639 1518 1680 καὶ
1542 1636 1563 1681 ὃ
1586 1641 1736 1681 Boc-20

209 1705 392 1762 σιλάκης.

351 1775 428 1823 15.
490 1774 601 1822 Ἐπεὶ
624 1775 665 1819 δ’
692 1775 892 1834 ἀπηγγέλη
915 1779 973 1833 τῷ
995 1778 1161 1829 βασιλεῖ’
1178 1772 1233 1824 ῶς
1254 1771 1274 1816 ὅ
1298 1771 1536 1829 Βασιλάκης
1555 1773 1681 1817 dome-

208 1840 365 1893 τάκτως
398 1846 473 1885 τοῦ
499 1842 684 1901 χάρακος
715 1844 891 1894 ἐξελθών
925 1843 1030 1886 κατὰ
1065 1847 1146 1887 τῶν
1172 1844 1372 1902 πολεμίων
1397 1841 1578 1896 ἐλαύνει,
1610 1843 1682 1887 τὸν

305 1952 363 1987 12.
385 1949 599 1997 μυωπίσας]
624 1951 669 1985 V.
690 1949 908 1996 μυωπήσας.

211 2052 286 2076 rum
301 2041 502 2086 praesidium
520 2053 594 2076 esse
609 2043 725 2077 urbem
742 2043 866 2077 Chleat
876 2069 886 2086 ‚
915 2041 996 2077 inde
1010 2041 1072 2076 hos
1088 2041 1160 2076 sine
1176 2041 1278 2076 dubio
1293 2040 1448 2084 venisse,
1480 2040 1537 2087 qui
1559 2039 1682 2075 nostris

209 2087 448 2125 occurrissent.
495 2089 580 2123 adeo
604 2089 638 2122 in
661 2089 827 2134 profunda
850 2095 885 2123 et
909 2088 1031 2134 supina
1054 2088 1268 2132 ignoratione
1295 2088 1469 2122 desidebat
1498 2087 1682 2132 imperator

211 2134 357 2168 viciniae
373 2133 527 2177 sustani,
553 2134 647 2172 cuius
663 2140 777 2168 castra
792 2135 899 2179 copiis
914 2134 1018 2180 ipsius
1036 2134 1186 2168 omnibus
1202 2134 1319 2180 plena,
1345 2134 1536 2179 optimeque
1550 2133 1594 2166 ad
1609 2143 1681 2167 rem

211 2179 394 2223 gerendam
422 2184 542 2223 parata
556 2180 590 2216 in
610 2180 758 2225 proximo
775 2185 881 2215 erant.
929 2191 1004 2218 cum
1026 2184 1138 2214 autem
1153 2180 1181 2213 is
1197 2184 1337 2225 cuperet
1353 2180 1452 2224 paulo
1467 2178 1574 2212 adhuc
1589 2178 1682 2212 ulte-

210 2225 281 2258 rius
297 2225 533 2268 imperatorem
550 2225 640 2261 intra
654 2236 734 2259 suas
751 2226 889 2261 insidias
904 2225 1047 2267 elicere,
1078 2236 1205 2270 parvas
1221 2225 1408 2262 missitabat
1422 2235 1593 2259 cursorum
1607 2235 1680 2258 ma-

209 2281 274 2309 nus
286 2295 296 2310 ‚
329 2269 386 2314 qui
417 2277 620 2315 apparentes
647 2271 738 2304 circa
762 2272 915 2310 Romana
935 2275 1048 2306 castra
1062 2271 1174 2306 statim
1190 2272 1369 2315 fugerent,
1401 2269 1488 2315 quod
1502 2280 1605 2314 saepe
1620 2270 1677 2303 fa-

153 2334 155 2337 ·
209 2315 378 2349 cientibus
394 2315 558 2349 instantes
575 2316 608 2351 in
624 2317 706 2360 suga
723 2317 864 2355 Romani
879 2317 1014 2362 quidam
1030 2317 1134 2352 duces
1150 2318 1241 2362 capti
1257 2321 1354 2359 sunt,
1385 2326 1524 2361 quorum
1550 2315 1676 2359 primus

210 2361 277 2395 fuit
292 2361 476 2396 Basilaces.
520 2362 635 2395 facere
652 2362 736 2399 enim
754 2364 884 2407 plenam
902 2363 1001 2400 fidem
1015 2362 1045 2396 is
1060 2362 1256 2407 imperatori
1270 2362 1407 2396 studens
1422 2360 1503 2394 dicti
1519 2361 1583 2403 sui,
1607 2372 1675 2405 quo

211 2407 443 2443 affirmaverat
458 2407 674 2445 excursiones
688 2408 772 2441 istas
789 2409 980 2443 Turcorum
1000 2419 1066 2446 non
1082 2419 1103 2441 a
1119 2408 1252 2443 Sultani
1269 2407 1388 2441 castris
1401 2432 1412 2449 ,
1443 2406 1503 2439 sed
1532 2407 1575 2440 ab
1591 2407 1677 2440 urbe

212 2452 336 2486 Chleat
360 2463 451 2494 esse,
483 2453 580 2497 petiit
604 2453 753 2498 permitti
778 2453 841 2487 sibi
861 2465 1034 2498 egressum
1050 2466 1069 2488 e
1086 2453 1223 2495 castris,
1253 2453 1438 2499 strictoque
1454 2451 1609 2495 acinace,
1640 2457 1677 2486 et

210 2497 397 2532 calcaribus
415 2509 500 2543 equo
518 2498 666 2541 adactis,
682 2498 754 2534 sine
769 2500 837 2533 ullo
855 2499 972 2533 ordine
987 2499 1021 2536 in
1037 2499 1151 2533 hostes
1167 2499 1286 2540 currit,
1303 2498 1371 2534 suis
1389 2497 1462 2542 pari
1478 2497 1679 2533 confusione

209 2544 441 2586 sequentibus.
490 2544 597 2583 Turci
623 2545 687 2583 hac
712 2545 896 2579 observata
918 2545 1094 2589 diligentia
1105 2573 1116 2590 ‚
1143 2554 1339 2589 quamquam
1359 2543 1517 2588 sperandi
1542 2554 1679 2578 causam

211 2587 329 2621 offerri
352 2588 529 2631 videbant,
561 2601 628 2623 non
652 2590 811 2635 timendi,
842 2595 952 2625 tamen
978 2601 1107 2636 pavore
1130 2590 1284 2624 simulato
1307 2589 1411 2632 fugae
1433 2600 1470 2623 se
1495 2588 1676 2624 dederunt.

211 2632 271 2668 ubi
287 2637 398 2668 autem
415 2633 516 2677 longe
530 2634 595 2668 iam
613 2646 634 2670 a
649 2636 768 2669 castris
784 2636 853 2670 suis
868 2636 994 2671 distare
1009 2637 1163 2682 palantes
1180 2635 1348 2669 Romanos
1364 2634 1580 2677 intellexere,
1597 2646 1678 2669 ver-

212 2678 259 2723 gis
275 2678 416 2723 impigre
432 2679 568 2713 habenis
585 2680 618 2716 in
634 2692 692 2714 eos
709 2682 861 2726 equitant
874 2709 884 2725 ‚
916 2682 1083 2726 facileque
1105 2681 1274 2725 dispersos
1290 2679 1440 2714 vincunt.
1490 2680 1678 2715 caeduntur

212 2723 494 2766 multimilitum,
527 2725 633 2769 adeo,
664 2732 703 2760 ut
727 2727 816 2771 quod
845 2727 960 2770 aiunt,
991 2738 1034 2761 ne
1052 2726 1186 2764 nuntius
1202 2724 1336 2771 quidem
1350 2730 1544 2771 superesset
1559 2726 1675 2761 cladis.

211 2769 386 2804 Basilaces
402 2780 484 2803 vero
501 2776 619 2814 captus
635 2776 700 2805 est.

306 2815 360 2850 15.
407 2814 512 2849 Cuius
542 2816 781 2860 incompositus
811 2827 968 2860 egressus
998 2816 1094 2851 simul
1122 2815 1293 2851 nuntiatus
1323 2815 1517 2862 imperatori
1546 2816 1674 2860 fuerat,

211 2864 334 2901 vocato
354 2860 385 2897 is
409 2859 495 2899 duce
507 2860 703 2900 Occidentis
717 2861 892 2908 Bryennio
907 2861 1004 2898 laevo
1019 2867 1091 2907 tum¹
1105 2872 1208 2899 cornu
1222 2862 1419 2909 praefecto,
1449 2861 1587 2909 prodire
1603 2867 1674 2898 nta-
