1878 3262
564 210 1104 258 COMMENTARIORUM
1137 212 1184 259 L.
1207 211 1286 257 111.
1555 213 1617 258 10
1625 214 1647 258 1

326 327 374 370 2.
445 324 612 368 Τούτων
642 324 771 375 οὕτως
794 326 1012 381 γινομένων
1031 324 1052 369 ὃ
1074 327 1266 382 βασιλεὺς
1290 326 1473 382 Μιχαὴλ
1487 327 1542 377 εἷς
1562 327 1652 378 δέος

190 394 412 437 ἓκπέπτωκε
435 395 562 450 μέγα,
596 396 663 437 καὶ
693 394 901 437 ἐσκέπτετο
927 394 1116 438 κοινωνόν
1137 413 1227 440 τινα
1250 396 1559 453 προσλαβέσθαι
1583 397 1652 438 καὶ

189 463 264 518 τὴν
285 464 475 519 δευτέραν
502 463 614 521 αὐτῷ
635 463 847 516 ἀπονεῖμαι
869 461 1012 517 τιμήν,
1060 466 1165 521 φημὶ
1189 465 1239 520 δὴ
1258 465 1331 519 τὴν
1353 469 1426 507 τοῦ
1444 466 1652 521 καίσαρος.

189 532 273 574 ἐπεὶ
309 532 354 574 δὲ
385 532 430 574 τὸ
465 532 646 588 συγγενὲς
677 531 804 573 αὐτοῦ
837 530 945 574 ἅπαν
979 531 1214 589 καθῄρητο,
1249 534 1351 590 πρὸς
1381 537 1461 578 τῶν
1488 535 1530 575 ἓν
1551 534 1654 576 τέλει

154 600 286 650 ὅτούς
306 599 653 658 στρατηγοτάτους
675 600 878 655 ἀπέβλεψε
899 602 967 642 καὶ
989 599 1112 655 ἐζήτει
1134 602 1240 644 καθ’
1275 601 1420 644 ἑαυτὸν
1447 602 1551 656 μετὰ
1572 606 1654 644 τῶν

186 671 456 726 περιοικιδίων
489 669 558 711 τὸν
590 669 708 729 πείρα
739 667 988 726 πραγμάτων
1019 671 1086 715 καὶ
1118 669 1311 727 φρονήσει
1335 673 1402 714 καὶ
1427 670 1551 727 ἀρετῇ
1572 674 1653 712 τῶν

187 737 322 780 ἄλλων
343 741 666 780 πλεονεκτοῦντα.
735 735 791 788 ὡς
819 738 863 780 δὲ
897 742 1018 780 πᾶσιν
1053 736 1180 781 ἐδόκει
1212 747 1297 789 τοῖς
1320 742 1408 796 περὶ
1439 739 1563 781 αὐτὸν
1584 740 1652 781 καὶ
1675 744 1706 779 Β

186 807 300 863 αὐτῷ’
334 810 392 864 τῷ
422 807 618 863 λογοθέτῃ
644 811 827 857 τοιοῦτος
861 804 958 850 εἶναι
993 805 1015 849 ὅ
1048 808 1266 863 Βρυέννιος
1297 806 1561 865 Νικηφόρος,
1604 801 1654 849 οὗ

185 874 367 931 πρόσθεν
386 873 412 929 ἦ
435 875 593 932 ἱστορία
612 873 797 930 ἐμνήσθη
811 907 825 927 ,
872 876 925 918 τὰ
947 875 1048 932 πρὸς
1068 875 1138 919 τὸν
1158 876 1258 918 θεὸν
1277 875 1441 927 πιστός,
1476 876 1529 918 τὰ
1550 875 1654 932 πρὸς

132 948 177 984 10
187 945 325 1000 φιλίαν
343 944 530 999 βέβαιος,
568 942 695 994 δεινός
725 960 767 987 τε
798 942 1082 987 ὗπαισθέσθαι
1110 945 1156 993 τὸ
1179 946 1326 998 μέλλον
1347 947 1414 987 καὶ
1437 942 1654 1001 προφυλάψ

185 1015 340 1062 ξασθαι
375 1014 654 1069 στρατηγῆσαί
675 1030 716 1060 τε
737 1013 830 1058 κατ’
856 1014 1018 1070 ἐχθρῶν
1040 1012 1335 1067 δοκιμώτατος,
1366 1013 1492 1063 εὐθὺς
1519 1011 1654 1068 γράμ-

184 1098 286 1134 μασι
316 1086 542 1135 βασιλικοῖς
573 1083 616 1132 ἐξ
641 1082 852 1138 Ὀδρυσῶν
885 1082 1168 1136 μετεπέμπετο.
1235 1082 1314 1138 πρὸ
1345 1086 1419 1124 τοῦ
1443 1082 1486 1123 δὲ
1510 1085 1654 1123 τοῦτον

183 1149 254 1192 τὸν
285 1148 417 1206 ἄνδρα
445 1152 500 1200 εἷς
529 1150 602 1204 τὴν
629 1153 823 1203 βασιλίδα
846 1152 1080 1194 ἐπανελθεῖν
1101 1154 1303 1192 κοινοῦται
1325 1148 1346 1191 ὃ
1366 1149 1560 1203 βασιλεὺς
1583 1149 1654 1194 τὸν

184 1216 302 1274 λόγον
324 1223 399 1260 τινὶ
421 1223 502 1261 τῶν
518 1223 592 1273 τῆς
615 1218 839 1276 συγκλήτου
861 1223 1027 1274 βουλῆς,
1049 1220 1151 1260 καθ’
1171 1216 1274 1272 αἷμα
1294 1217 1423 1276 τούτῳ
1446 1216 1654 1274 μητρόθεν

129 1291 173 1328 15
185 1285 441 1342 προσήκοντι,
509 1285 531 1328 ὃ
552 1286 835 1344 Δρουγγάριος
868 1281 986 1337 οὗτος
1010 1282 1059 1342 ἦν
1082 1290 1412 1339 Κωνσταντΐνος,
1440 1285 1461 1328 ὃ
1486 1290 1560 1330 τοῦ
1581 1290 1654 1340 τῆς

183 1357 454 1411 πατριαρχίας
490 1355 559 1397 τὸν
594 1354 746 1410 θρόνον
774 1354 992 1406 ι’θύναντος
1020 1355 1147 1401 πάλαι
1182 1356 1358 1409 Μιχαὴλ
1396 1356 1654 1411 ἀδελφιδοῦς,

183 1422 229 1474 ὃς
261 1424 493 1478 ἐπεκέκλητο
528 1423 824 1480 Κηρολλάριος.
903 1422 925 1466 ὃ
962 1425 1002 1465 δ’
1039 1423 1218 1475 ἀκούσας
1252 1425 1412 1481 βαρέως
1444 1424 1560 1480 ἔφερε
1597 1422 1649 1464 τὰ
1672 1425 1703 1459 O

183 1493 404 1545 λεχθέντα·
440 1491 566 1537 πάλαι
599 1492 676 1549 γὰρ
706 1488 756 1547 ἦν
784 1493 1049 1549 ὃνειροπολῶν
1071 1493 1144 1547 τὴν
1160 1495 1384 1547 βασιλείαν.
1454 1490 1652 1534 ἀπαιτού-

182 1577 302 1614 μενος
331 1555 402 1603 οὖν
433 1560 596 1616 γνώμην
626 1564 848 1617 εἶσαγαγεῖν
877 1561 1000 1618 ἔφησε
1023 1560 1093 1604 τὸν
1113 1562 1187 1615 μὲν
1209 1561 1340 1618 ἄνδρα
1359 1559 1565 1616 γινώσκειν
1585 1561 1653 1602 καὶ
1692 1607 1694 1609 v

127 1630 378 1681 Ξῦέπαινεῖν,
413 1630 487 1684 τὴν
517 1631 559 1672 δὲ
592 1632 681 1686 περὶ
718 1631 845 1672 αὐτοῦ
875 1630 1021 1684 σκέψιν
1050 1647 1091 1672 τε
1124 1632 1190 1673 καὶ
1221 1630 1375 1684 βουλὴν
1405 1629 1452 1671 οὗ
1479 1627 1585 1671 πάνυ
1612 1646 1652 1670 τι

182 1698 367 1741 ἐπαινεῖν.
436 1699 529 1740 ἀλλ’
555 1698 644 1753 ἤτοι
668 1699 810 1755 (φησὶ)
835 1700 902 1740 καὶ
929 1702 1001 1752 τῆς
1021 1703 1236 1753 βασιλικῆς
1260 1699 1387 1755 ἀρχῆς
1407 1696 1653 1751 ὖπεκστῆναί

182 1783 227 1809 σε
258 1764 449 1816 ἑκουσίως
477 1766 607 1826 τούτῳ
633 1766 738 1826 χρή,
778 1768 894 1825 ἀνδρὶ
925 1766 1008 1813 ὄντι
1038 1770 1204 1826 γενναίῳ
1230 1769 1298 1810 καὶ
1328 1768 1559 1824 δραστηρίῳ
1581 1767 1650 1810 καὶ

273 1862 331 1899 21.
353 1857 460 1910 ἤτοι]
483 1861 529 1899 V.
555 1861 595 1900 εἴ
611 1874 661 1897 τι.

273 1942 308 1975 2.
355 1940 420 1974 His
447 1946 628 1975 commotus
647 1944 683 1974 et
697 1940 732 1974 in
749 1952 889 1985 gravem
905 1941 1072 1978 adductus
1087 1945 1212 1976 metum
1226 1941 1411 1986 imperator
1424 1940 1574 1974 Michael
1590 1952 1649 1973 co-

183 1985 317 2030 gitabat
332 1991 523 2020 consortem
540 1986 682 2030 aliquem
700 1997 871 2021 assumere
886 1987 1036 2032 imperii,
1068 1988 1120 2021 cui
1136 1987 1337 2030 secundam,
1370 1988 1435 2021 hoc
1451 1991 1504 2020 est
1521 1986 1648 2019 Caesa-

182 2032 231 2066 ris
243 2059 254 2075 ‚
285 2031 484 2076 dignitatem
499 2034 682 2066 conferret.
729 2033 809 2077 quia
825 2044 909 2067 vero
924 2033 1051 2070 familia
1066 2034 1138 2067 eius
1152 2038 1188 2067 et
1204 2033 1476 2075 consanguinitas
1492 2038 1569 2066 erat
1585 2043 1650 2064 ex.-

181 2077 329 2120 hausta,
370 2078 575 2122 consumptis
601 2078 697 2111 varia
716 2079 818 2112 clade
840 2078 1033 2123 plerisque,
1073 2079 1366 2123 circumspiciebat
1391 2080 1480 2112 inter
1505 2089 1565 2111 eos
1589 2077 1647 2121 qui

181 2123 328 2157 honores
353 2124 518 2167 gerebant
542 2127 579 2156 et
601 2134 661 2156 sua
683 2124 789 2169 ipsius
805 2125 876 2160 acri
892 2125 1162 2158 consideratione
1176 2125 1326 2158 adhibita
1341 2129 1376 2158 et
1390 2123 1648 2158 domesticorum

180 2168 298 2203 intime
311 2169 522 2203 familiarium
538 2169 698 2209 consilio,
726 2180 802 2204 num
819 2181 916 2214 quem
933 2170 1100 2214 reperiret
1116 2170 1324 2215 experientia
1338 2181 1451 2203 rerum
1468 2168 1648 2214 prudentia

183 2218 220 2249 et
240 2215 368 2251 virtute
393 2227 497 2260 supra
519 2220 651 2250 ceteros
666 2215 876 2250 eminentem.
903 2220 940 2250 ut
955 2222 1065 2250 autem
1082 2217 1233 2250 omnibus
1248 2215 1305 2260 qui
1321 2216 1413 2253 circa
1428 2216 1536 2260 ipsum
1550 2219 1649 2247 erant

183 2264 220 2294 et
245 2260 310 2306 ipsi
334 2261 527 2305 logothetae
547 2261 641 2294 visus
657 2267 710 2294 est
724 2261 802 2293 talis
821 2262 1008 2304 Bryennius
1025 2262 1261 2306 Nicephorus,
1296 2261 1390 2295 cuius
1406 2263 1492 2298 haec
1507 2259 1650 2294 historia

181 2306 277 2351 prius
291 2307 450 2350 meminit,
482 2306 645 2350 religione
660 2306 867 2350 praeclaru5‚
890 2307 924 2344 in
939 2307 1085 2344 amicitia
1099 2308 1226 2351 firmus,
1259 2308 1419 2352 providus
1434 2307 1468 2340 in
1486 2317 1649 2351 praesen-

181 2351 300 2385 tiendo
324 2353 460 2396 futuro,
498 2363 578 2385 acer
603 2352 638 2390 in
666 2352 899 2396 praecavendo
913 2380 923 2395 ‚
961 2353 1012 2386 rei
1036 2365 1172 2398 quoque
1194 2353 1338 2387 bellicae
1363 2352 1587 2406 peritissimus
1613 2353 1650 2384 et

181 2397 360 2432 ductandis
375 2398 408 2432 in
427 2399 540 2432 hostes
557 2398 758 2436 exercitibus
774 2398 858 2432 artis
872 2409 914 2434 ac
927 2398 1133 2432 fortitudinis
1149 2398 1332 2443 probatae,
1362 2409 1391 2430 ιε
1415 2397 1527 2433 statim
1546 2395 1650 2439 regiis

182 2442 288 2476 literis
302 2455 344 2478 ex
361 2443 508 2491 Odrysis
523 2447 687 2477 evocatus
704 2448 766 2476 est.
812 2443 907 2488 prius
927 2455 1010 2477 vero
1032 2455 1133 2490 quam
1160 2444 1237 2477 talis
1252 2444 1305 2476 vir
1320 2441 1648 2487 Constantinopolim

182 2494 414 2523 reverteretur
426 2514 436 2530 ,
469 2489 691 2522 communicat
713 2489 892 2534 imperator
916 2489 988 2522 eius
1004 2490 1046 2523 ad
1062 2501 1116 2523 res
1133 2488 1313 2522 adhibendi
1329 2488 1500 2522 consilium
1517 2487 1648 2522 cuidam

185 2546 206 2568 e
220 2535 434 2569 senatoribus
449 2541 598 2570 materno
612 2545 739 2578 genere
754 2534 819 2568 sibi
834 2534 1022 2570 coniuncto.
1069 2535 1122 2571 hic
1138 2539 1213 2568 erat
1226 2533 1440 2577 Drungarius
1449 2532 1650 2566 Constanti-

184 2591 247 2613 nus
262 2580 435 2615 Michaelis
461 2581 584 2614 dudum
609 2580 823 2625 patriarchae
844 2580 1026 2630 patruelis,
1057 2580 1111 2614 cui
1133 2584 1208 2614 erat
1223 2591 1407 2624 cognomen
1423 2579 1647 2615 Cerollarius.

183 2625 219 2658 id
242 2626 307 2660 iste
326 2632 366 2660 ut
379 2627 510 2660 audivit
523 2626 675 2671 graviter
691 2625 840 2671 accepit,
872 2630 994 2670 utpote
1016 2626 1075 2670 qui
1096 2625 1158 2659 sibi
1174 2625 1301 2669 pridem
1315 2625 1380 2670 ipsi
1395 2625 1569 2669 imperium
1586 2624 1648 2658 de-

186 2671 389 2715 spondisset,
434 2679 578 2716 rogatus
597 2672 700 2716 igitur
724 2672 767 2704 de
793 2683 833 2705 re
856 2671 1082 2715 sententiam,
1113 2671 1218 2706 dixitz
1253 2672 1363 2708 virum
1386 2671 1520 2716 quidem
1545 2671 1644 2704 istum

187 2717 251 2750 sibi
267 2723 380 2752 notum
396 2722 432 2752 et
446 2719 623 2764 probatum
635 2744 646 2759 ‚
677 2717 848 2751 consilium
864 2722 975 2750 tamen
991 2717 1064 2751 eius
1079 2717 1220 2762 imperio
1235 2717 1437 2753 admovendi
1451 2716 1645 2760 neutiquam

187 2763 336 2808 probari.
381 2763 443 2797 nisi
458 2765 549 2797 forte
562 2791 572 2807 ‚
604 2763 731 2808 inquit,
761 2762 845 2800 velis
865 2769 987 2809 sponte
1009 2763 1150 2807 imperio
1175 2762 1333 2797 universo
1350 2762 1475 2796 cedere
1489 2762 1567 2795 huic
1582 2762 1646 2795 ho-

187 2808 267 2842 mini
291 2815 429 2843 strenuo
449 2821 650 2854 gnavoque,
679 2821 741 2855 pro
766 2814 880 2843 cetera
902 2819 964 2843 sua
986 2809 1148 2844 industria
1171 2812 1210 2843 et
1228 2808 1430 2843 fortitudine
1449 2808 1483 2843 in
1499 2808 1574 2840 loco
1590 2818 1646 2839 se-

189 2854 299 2889 cundo
314 2866 383 2889 non
397 2855 565 2903 quieturo.
612 2855 704 2901 quod
727 2855 757 2890 si
778 2855 845 2890 hoo
867 2866 935 2890 non
951 2854 1156 2900 decrevisti,
1182 2859 1222 2890 et
1240 2854 1352 2890 vitare
1379 2853 1432 2889 vis
1451 2864 1496 2888 ne
1520 2851 1647 2886 invitus
