1878 3262
629 155 1023 232 HISTORIARUM
1055 189 1105 232 L.
1138 187 1219 231 IV.
1560 184 1653 233 143

194 310 288 359 τοὺς
311 307 385 362 μὲν
413 306 491 364 γὰρ
520 303 775 358 ἑξακοσίους,
820 303 867 346 οὗ
895 304 1081 353 πλείονας
1113 301 1341 357 συνέβαινεν
1371 299 1490 355 εἶναι,
1527 304 1655 355 πεζῶν

196 378 287 421 ι’ίνευ
298 409 312 428 ,
348 375 483 418 οἳ,καὶ
512 375 626 418 αῦτοὶ
653 379 726 416 τοῦ
757 373 830 416 σὺν
850 377 908 429 τῷ
929 370 1146 430 Ῥιτζάρδῳ
1165 374 1326 424 πεζικοῦ
1346 373 1531 414 πλείστου
1550 371 1654 413 ἀπο-

197 447 349 495 δέοντες
367 439 483 498 ἦσαν.
547 441 764 500 Ῥιτζάρδῳ
783 442 827 484 δὲ
847 441 977 490 ἱππεῖς
992 441 1066 494 μὲν
1086 439 1312 483 ὀκτακόσιοι
1331 442 1398 482 καὶ
1412 441 1550 494 χίλιοι,
1585 457 1658 482 πε-

195 517 272 567 ζῶν
299 515 343 556 δὲ
371 514 443 555 οῦκ
470 513 743 569 εὖαρίθμητος
769 511 895 552 εἵπετο
924 507 1107 565 στρατιά.
1178 507 1361 559 ἐπιόντας
1392 510 1525 551 τοίνυν
1548 507 1650 551 Ῥω-
1673 511 1707 546 0

162 595 184 631 5
197 585 344 638 μαίους
364 580 628 639 ὅῬιτζάρδος
656 578 883 633 ἇναμαθιὸν
908 577 1091 632 ἀντεξῆγε
1110 576 1155 618 τὸ
1183 577 1413 634 στράτευμα
1435 579 1502 619 καὶ
1523 576 1657 627 αὐτός.

195 650 330 706 {uad-25
359 669 401 693 τε
432 651 547 707 ἔγγὺς
572 649 650 704 ἤδη
681 648 880 704 ἐγένοντο,
917 644 1108 700 Ῥωμαῖοι
1134 646 1208 698 μὲν
1239 651 1357 701 τριχῆ
1391 647 1658 703 διαιρεθέντες

195 719 384 771 ἐτάξαντο
414 714 505 762 ὧδε.
574 716 736 760 Σκύθαι
765 717 808 758 δὲ
838 716 904 757 καὶ
924 713 1010 757 ὅσοι
1029 715 1092 756 ἐπὶ
1111 712 1242 764 τόξοις
1262 709 1366 768 ἦσαν
1385 717 1480 771 πεζῇ
1497 719 1658 772 φαλαγ-

194 790 318 846 γηδὸν
345 790 406 830 ἐπὶ
439 789 623 842 μέτωπον
650 785 833 840 ἔστησαν.
914 784 1063 825 ἱππέων
1092 783 1135 824 δὲ
1163 784 1204 832 ἐς
1233 781 1357 836 ἥμισυ
1387 782 1565 835 μάλιστα
1592 786 1660 825 καὶ

194 866 342 915 μοῖραν
372 860 548 898 Σκυθῶν
577 854 597 897 ὃ
620 853 786 904 Λούκας
817 853 917 908 ἴχων
943 852 1065 902 αὐτὸς
1081 852 1153 905 μὲν
1170 851 1243 905 τὴν
1264 851 1456 893 ὀπισθίαν
1465 883 1478 902 ,
1514 854 1659 893 Βασα-

142 921 314 982 folmu}
337 926 379 967 δὲ
399 925 472 967 σὺν
490 929 570 966 τῶν
592 923 724 966 ἄλλων
741 921 928 976 κομήτων
942 923 1021 963 τισὶ
1047 920 1091 962 τὸ
1117 919 1255 961 λοιπὸν
1284 919 1385 974 ἔχων
1408 919 1571 961 ἱππικὸν
1587 920 1658 974 τὴν

196 997 322 1050 μέσην
350 995 566 1050 ἐκληροῦτο
593 991 747 1049 χώραν.
820 988 1049 1046 Ῥιτζάρδος
1080 990 1123 1030 δὲ
1150 992 1288 1046 πολλῷ
1317 986 1504 1042 ἐχόμενος
1518 992 1659 1046 θυμῷ,

198 1065 290 1106 οὐδὲ
311 1061 406 1106 ὅσον
428 1066 616 1115 τακτικῆς
631 1079 667 1103 τι
686 1058 1041 1115 μεταποιήσασθαι
1066 1056 1338 1111 ἀνασχόμενος
1359 1056 1562 1112 ἀπήλαυνε
1584 1057 1658 1099 σὺν

196 1140 280 1183 τοῖς
297 1132 404 1188 ἀμφ’
425 1130 547 1173 αὐτὸν
565 1131 768 1181 ἱππεῦσιν,
805 1129 878 1178 ἕως
899 1129 939 1178 ἒς
960 1126 1058 1169 αὐτὸ
1076 1126 1120 1169 τὸ
1138 1127 1379 1180 μεσαίτατον
1398 1131 1470 1168 τοῦ
1483 1125 1658 1180 Ῥωμαϊ-

197 1205 271 1243 κοῦ
295 1198 549 1254 καταντήσας
578 1197 878 1256 στρατεύματος
910 1195 1061 1251 στάδην
1090 1195 1169 1250 ἤδη
1200 1195 1273 1249 τὴν
1308 1193 1444 1249 μάχην
1464 1189 1657 1245 ἐ’ποιεῖτο,

142 1277 187 1314 15
198 1273 269 1312 τοῦ
294 1269 398 1311 κατὰ
424 1269 607 1322 μέτωπον
635 1271 795 1317 τοξικοῦ
822 1266 914 1308 οὐδὲ
947 1265 1050 1307 κατὰ
1082 1264 1217 1320 βραχὺ
1247 1262 1503 1317 ἀντισχόντος
1535 1264 1658 1321 αὐτῷ.

197 1337 281 1382 εἶτα
304 1338 354 1392 δὴ
381 1339 447 1379 καὶ
464 1337 705 1391 Βασαβίλαν
733 1333 979 1390 βιασάμενος
1002 1330 1201 1390 ἐτρέψατό
1221 1349 1262 1374 τε
1298 1331 1402 1374 κατὰ
1422 1331 1571 1389 κράτος
1587 1333 1655 1374 καὶ
1676 1338 1715 1372 D

197 1413 281 1457 τοῖς
316 1407 422 1463 ἇμςιὶ
449 1405 518 1447 τὸν
549 1403 715 1447 Λοῦκαν
743 1404 825 1459 ἤδη
845 1404 1023 1445 ἐπέθετο.
1094 1402 1273 1442 ἐνταῦθα
1291 1399 1404 1455 μάχη
1424 1403 1660 1443 συνίσταται

198 1473 396 1532 καρτερά,
432 1476 497 1516 καὶ
528 1476 715 1516 πίπτουσι
743 1473 816 1527 μὲν
838 1476 918 1514 τῶν
948 1473 1036 1528 περὶ
1065 1467 1375 1525 τὸνῬιτζάρδον
1389 1471 1553 1511 πολλοί·
1590 1468 1661 1511 ἅτε

200 1545 299 1587 δὲέν
317 1547 453 1600 πολλῷ
471 1546 528 1600 τῷ
546 1541 692 1597 πλήθει
710 1539 946 1591 πιπτόντων,
981 1540 1248 1592 συναίσθησις
1270 1538 1437 1590 οὐδεμία
1455 1542 1514 1595 τῷ
1533 1555 1661 1594 στρα-

143 1626 189 1660 20
201 1612 365 1667 τεῦματι
399 1613 555 1667 ἐγίνετο.
626 1608 810 1664 ὠθισμός
840 1627 881 1651 τε
911 1612 1007 1664 γοῦν
1037 1606 1163 1656 πολὺς
1194 1601 1243 1660 ἦν
1269 1607 1335 1648 καὶ
1359 1605 1541 1662 δοράτων
1559 1601 1679 1662 πρὸς

199 1689 288 1732 ταῖς
318 1682 479 1723 ἀσπίσιν
503 1679 877 1734 ἄποκαυλιζομένων
909 1679 1058 1726 δοῦπος
1088 1676 1286 1732 ἠγείρετο·
1333 1673 1462 1729 συχνά
1486 1692 1527 1717 τε
1559 1676 1660 1730 βέλη

293 1811 326 1846 7.
361 1808 513 1844 Σκύθαι
536 1806 594 1854 δὲ]
634 1810 738 1844 Immo
772 1805 924 1843 Σκύθαι
955 1805 1035 1851 μέν.
1078 1805 1141 1840 nisi
1174 1805 1287 1851 potius
1318 1805 1497 1840 delendum
1529 1809 1583 1838 est
1606 1801 1662 1839 δέ.

292 1857 377 1890 ibid.
397 1857 508 1901 πεζῇ]
532 1855 649 1890 Malim
664 1855 780 1897 πεζοί.
877 1856 932 1890 12.
957 1850 1172 1898 ἀπήλαυνε]
1195 1849 1407 1896 ἐπήλαυνεῖ
1507 1852 1562 1885 16.
1587 1852 1662 1883 Βα-

295 1902 472 1948 σαβίλαν]
498 1902 584 1937 Cod.
608 1902 828 1947 Βασαβίλας.

205 2017 297 2053 ocius
313 2016 431 2063 pedem
443 2016 560 2051 retulit
574 2016 658 2050 etin
673 2016 779 2050 Antro
796 2026 872 2049 sese
889 2014 1062 2049 continuit.
1090 2013 1206 2047 Ducas
1222 2015 1332 2047 autem
1349 2011 1498 2057 acceptis
1511 2011 1660 2046 Palaeo-

204 2065 274 2108 logi
291 2063 415 2108 copiis,
439 2063 472 2096 in
495 2063 698 2096 Richardum
721 2062 892 2107 procedit,
916 2061 995 2095 licet
1011 2061 1098 2093 illius
1124 2060 1291 2093 exercitus
1308 2059 1505 2092 bellatorum
1521 2069 1660 2091 numero

202 2111 391 2145 Romanum
406 2109 506 2153 longe
520 2113 707 2154 superaret.
754 2119 863 2152 neque
885 2107 970 2140 enim
985 2106 1123 2151 amplius
1139 2110 1236 2138 erant
1258 2116 1357 2149 quam
1371 2104 1524 2138 sexcenti
1537 2103 1572 2136 in
1585 2104 1661 2137 Du-

207 2167 268 2190 cae
284 2156 366 2200 acie,
390 2162 526 2200 praeter
542 2155 692 2199 pedites,
715 2154 772 2198 qui
787 2159 823 2186 et
841 2153 904 2198 ipsi
920 2152 1133 2197 pedestribus
1147 2150 1307 2184 Richardi
1322 2150 1426 2194 copiis
1442 2150 1546 2183 multo
1562 2154 1664 2183 erant

204 2202 392 2235 inferiores.
439 2201 468 2234 is
484 2207 595 2234 autem
619 2200 708 2234 mille
723 2199 989 2243 octingentorum
1005 2197 1150 2242 equitum
1162 2222 1171 2239 ,
1196 2196 1344 2241 peditum
1370 2207 1450 2229 vero
1465 2195 1662 2230 innumerae

205 2246 424 2282 multitudinis
449 2247 597 2280 habebat
620 2245 814 2279 exercitum.
861 2250 900 2277 ut
924 2245 1027 2288 igitur
1049 2243 1235 2276 adventare
1250 2242 1422 2275 Romanos
1445 2241 1582 2275 rescivit
1594 2242 1660 2275 Ri-

208 2293 352 2327 ahardus
365 2319 374 2335 ,
395 2293 470 2337 ipse
488 2292 628 2337 perinde
645 2302 723 2325 suas
748 2290 864 2325 eduxit
889 2290 1022 2334 copias:
1046 2300 1186 2333 cumque
1202 2289 1267 2322 iam
1282 2299 1391 2333 prope
1405 2292 1540 2326 essent,
1562 2288 1662 2321 trifa-

207 2340 291 2373 riam
307 2339 446 2372 Romani
463 2339 645 2372 exercitum
662 2337 819 2377 divisere,
843 2336 916 2370 acie
936 2336 972 2369 in
987 2336 1074 2368 hunc
1089 2335 1222 2368 modum
1236 2333 1410 2367 instructa.
1456 2333 1608 2378 Scythae
1624 2337 1661 2366 et

208 2389 376 2430 quotquot
390 2390 487 2418 erant
509 2383 675 2428 sagittarii
700 2382 830 2428 pedites
845 2381 1014 2416 turmatim
1029 2381 1063 2414 in
1079 2382 1191 2414 fronte
1205 2380 1362 2414 stabant:
1385 2379 1500 2412 Ducas
1517 2390 1590 2412 cum
1606 2378 1660 2412 di-

208 2430 311 2464 midia
325 2430 475 2475 equitum
493 2437 590 2475 parte
606 2427 642 2463 et
657 2429 784 2473 aliquot
801 2428 938 2472 Scythis
952 2432 1156 2472 postremum
1169 2453 1179 2469 ,
1203 2425 1391 2459 Bassavilla
1409 2435 1492 2458 vero
1509 2435 1583 2458 cum
1602 2435 1661 2458 co-

209 2475 322 2510 mitum
347 2477 512 2510 nonnullis
537 2475 610 2510 aliis
637 2479 672 2508 et
695 2479 808 2508 cetero
834 2474 985 2519 equitatu
1012 2472 1153 2506 medium
1180 2471 1355 2505 obtinuere
1369 2471 1490 2504 locum.
1539 2475 1575 2503 at
1598 2469 1663 2503 Ri-

209 2522 354 2555 ahardus
369 2533 442 2555 cum
457 2533 583 2556 summo
598 2520 769 2567 pugnandi
791 2519 913 2553 ardore
930 2519 1113 2563 flagraret,
1146 2529 1208 2552 nec
1224 2521 1358 2550 curaret
1374 2516 1530 2549 ordinare
1544 2515 1661 2559 aciem,

212 2578 286 2601 cum
302 2567 471 2612 equitibus
486 2567 554 2601 suis
569 2567 603 2601 in
618 2568 733 2601 hostes
758 2565 892 2599 fortiter
912 2565 1098 2605 invehitur,
1124 2575 1231 2608 usque
1246 2563 1322 2596 dum
1340 2562 1456 2595 mediis
1470 2573 1584 2595 eorum
1601 2573 1663 2595 co—

211 2612 282 2656 piis·
296 2613 430 2647 obviam
445 2614 556 2647 factus
567 2639 577 2655 ‚
602 2613 724 2647 collato
739 2611 825 2657 pede
842 2611 1003 2656 praelium
1017 2610 1185 2649 conserit,
1210 2608 1241 2642 ei
1256 2620 1298 2642 ne
1313 2608 1434 2641 leviter
1449 2607 1581 2652 quidem
1597 2608 1661 2641 ob-
1676 2637 1679 2641 .

214 2657 408 2693 sistentibus
424 2659 457 2693 in
480 2660 593 2692 fronte
617 2659 735 2692 locatis
763 2657 952 2701 sagittariis.
1000 2667 1078 2689 mox
1101 2660 1136 2688 et
1162 2653 1350 2688 Bassavilla
1375 2654 1450 2687 fuso
1478 2655 1667 2698 fugatoque

214 2701 250 2735 in
271 2714 349 2747 eos,
372 2705 428 2750 qui
455 2716 527 2738 cum
542 2705 641 2738 Duca
667 2708 786 2746 erant,
818 2704 976 2748 impetum
999 2701 1093 2735 facit.
1140 2705 1210 2734 tum
1227 2711 1308 2734 vero
1323 2710 1402 2733 acre
1416 2699 1464 2733 ibi
1477 2699 1666 2733 instituitur

216 2751 384 2783 certamen
396 2775 407 2791 ,
437 2751 627 2795 caduntque
652 2763 695 2784 ex
720 2749 881 2784 Richardi
895 2749 1051 2783 militibus
1075 2747 1303 2792 quamplures:
1339 2750 1374 2779 et
1388 2745 1476 2790 quod
1491 2745 1527 2778 in
1542 2755 1665 2788 magna

216 2793 352 2827 evenire
378 2795 464 2830 solet
484 2796 716 2839 multitudine,
742 2795 801 2831 vix
823 2799 917 2830 tanta
942 2794 1064 2829 caedes
1083 2794 1126 2826 ab
1153 2792 1302 2826 exercitu
1316 2791 1575 2836 percipiebatur.
1622 2790 1665 2822 fit

215 2838 318 2884 igitur
332 2840 450 2875 crebra
474 2842 638 2888 utrimque
662 2840 854 2889 propulsio,
886 2846 920 2876 et
940 2842 1110 2876 hastarum
1123 2838 1158 2873 in
1174 2838 1300 2884 clipeos
1314 2839 1532 2883 impulsarum
1546 2837 1664 2879 fragor
