1878 3262
536 207 1083 256 COMMENTARIORUM
1117 211 1164 251 L.
1200 207 1254 252 Π.
1567 209 1627 255 71

165 327 225 381 τῷ
241 318 406 379 ῲενναῖῳ
422 318 634 380 ’Ῑσαακιίιιῃ
658 319 888 379 Ἀραβάτης
912 321 959 364 τὸ
992 320 1121 377 ὄνομα
1132 355 1147 375 ,
1180 322 1254 378 τὴν
1281 320 1411 379 ὁρμὴν
1433 320 1496 365 ὅτι
1519 325 1632 366 πλεί-

164 409 263 447 στην
287 388 544 445 θεασάμενος
565 395 646 434 τῶν
663 388 890 447 βαρβάρων
911 392 978 432 καὶ
1001 389 1057 441 ὡς
1076 391 1180 445 μετὰ
1204 393 1391 449 σφοδρᾶς
1410 396 1483 446 τῆς
1503 391 1633 449 ῥύμης

163 459 338 516 ἐπῄεσαν
359 461 426 501 καὶ
450 460 545 510 τοὺς
566 459 768 516 ἀδελφοὺς
787 458 848 500 ὅτι
866 457 983 512 μόνοι
1007 459 1348 502 διακινδυνεύουσι
1375 460 1450 502 σὺν
1471 461 1632 517 ὀλίγοις,

165 531 302 584 δείσας
325 527 383 583 μή
406 546 444 570 τι
469 533 550 571 τῶν
572 529 797 582 ἀνηκέστων
819 526 972 570 τούτων
993 530 1175 583 συμβαίη
1196 530 1293 579 τινί,
1328 528 1399 570 τὸν
1418 528 1577 586 ἕταῖρον
1599 525 1634 588 ᾧ

129 596 393 654 5Χασκάρης
412 597 541 651 ὄνομα
561 595 640 638 ὕπὸ
661 601 720 654 τῷ
742 598 946 653 Κομνηνῷ
964 596 1127 654 Ἀλεξίῳ
1150 596 1391 650 ταττόμενον
1415 598 1632 655 παρεκάλει

164 664 236 717 ξὺν
258 667 371 723 αὐτῷ’
390 658 607 722 γενέσθαι,
642 667 710 707 καὶ
732 664 858 722 ἄμφω
880 669 962 707 τῶν
981 667 1117 708 ἵππων
1141 666 1344 720 ἀποβῆναι
1366 669 1434 708 καὶ
1459 666 1633 717 τοξεύειν
1654 666 1684 701 Ρ
1709 666 1755 702 50

164 737 227 777 ἐπὶ
263 734 358 785 τοὺς
390 736 616 788 πολεμίους.
687 734 857 791 αἰσχρὸν
893 733 970 791 γὰρ
1003 733 1151 791 ἔφησεν
1182 737 1216 777 εἲ
1239 736 1418 777 Ἀλανῶν
1452 738 1634 778 ἐνταῦθα

163 802 375 861 παρόντων
397 801 804 859 παρακινδυνεύουσιν
823 802 966 859 ἄνδρες
981 802 1147 858 εὐγενεῖς
1164 821 1206 845 τε
1231 806 1297 845 καὶ
1321 804 1499 860 ἄριστοι·
1530 805 1633 848 ὄνει-

164 875 236 922 δος
256 872 334 929 γὰρ
360 870 410 913 ἂν
433 871 539 914 οὕτω
562 870 672 913 ἅπαν
691 873 768 922 ἔξει
787 871 833 913 τὸ
853 873 966 926 γένος
982 876 1064 913 τῶν
1077 872 1269 914 Ἀλανῶν.
1339 871 1444 914 οὕτω
1466 874 1539 926 μὲν
1562 869 1635 916 οὖν

108 943 310 991 1οἓκεῖνος
328 939 429 998 ἔφη,
459 939 480 982 ὃ
502 941 546 983 δὲ
560 941 632 995 τὴν
650 940 805 995 βουλὴν
828 940 1079 994 ἀπεπέμπετο
1098 939 1153 991 ὥς
1171 941 1218 982 οὗ
1243 940 1409 995 συνετὴν
1427 946 1585 994 μᾶλλον
1607 941 1636 996 ἢ

162 1008 389 1066 τολμηράν·
424 1007 572 1059 αὐτούς
595 1026 650 1051 τε.
665 1009 743 1066 γὰρ
773 1011 1025 1051 κινδυνεῦσαι
1047 1008 1152 1052 οὕτω
1175 1008 1406 1066 δράσαντας
1428 1010 1635 1060 κάκείνους

162 1080 289 1133 μηδέν
305 1095 342 1119 τι
361 1080 404 1119 ἓκ
422 1077 566 1120 τούτου
587 1084 873 1134 προσεφευρεῖν
889 1083 963 1119 τοῦ
982 1076 1228 1132 ὄνήσασθαι,
1253 1077 1321 1120 ἅτε
1343 1076 1501 1132 ὄμαλοῦ
1519 1078 1634 1129 ὄντος

162 1152 238 1189 τοῦ
259 1145 384 1189 τόπου
406 1148 472 1188 καὶ
496 1148 671 1189 πεδινοῦ.
694 1144 822 1193 “622³
845 1147 886 1189 εἴ
899 1148 940 1189 τί
948 1164 1019 1201 μοι
1033 1149 1155 1203 πείθῃ
1164 1147 1199 1198 ‚''
1229 1148 1366 1204 φησίν,
1385 1145 1499 1188 “gnei
1519 1146 1633 1203 ἐγγύς

163 1233 242 1258 που
261 1219 341 1257 τιῦν
362 1220 573 1258 στενωπῶν
590 1215 669 1270 ἤδη
689 1213 918 1271 γεγόναμεν,
945 1216 1106 1258 ἐπειδὰν
1123 1217 1245 1258 ἐκεῖσε
1269 1214 1510 1272 φθάσωμεν,
1528 1216 1632 1257 ἆπο-
1654 1223 1686 1257 Β

109 1289 153 1326 15
161 1282 393 1340 βησιόμεθα
415 1289 497 1326 τῶν
515 1285 651 1326 ἳππων
671 1286 738 1325 καὶ
758 1286 947 1339 γενναίως
968 1285 1252 1340 ἀγωνίσασθαι
1269 1282 1528 1337 σπεύσωμεν,
1563 1286 1634 1326 καὶ

163 1352 270 1395 οὕτω
291 1351 336 1396 τό
359 1370 400 1394 τε
422 1353 534 1408 γένος
552 1351 772 1406 τιμήσομεν
796 1354 863 1394 καὶ
884 1353 980 1403 τοὺς
1007 1351 1205 1403 δεσπότας
1223 1351 1465 1407 ὃνήσομεν.”

306 1421 382 1465 13.
452 1425 598 1462 Ταῦτα
622 1418 643 1462 ὁ
663 1420 892 1477 Χασκάρης
916 1421 1057 1476 ἔλεγεν.
1113 1420 1133 1463 ὃ
1157 1422 1200 1463 δὲ
1217 1420 1447 1477 Ἀραβάτης
1464 1426 1631 1478 βαρβα-

164 1494 287 1548 ρικῶς
317 1492 374 1539 εἷς
401 1489 523 1532 αὐτὸν
552 1491 766 1546 ἐξυβρίσας
799 1490 925 1540 εὐθὺς
954 1494 1027 1532 τοῦ
1049 1491 1176 1531 ἵππου
1204 1490 1356 1544 ἀπέβη,
1393 1492 1460 1531 καὶ
1481 1494 1532 1546 τῇ
1548 1488 1633 1543 μά-

163 1575 270 1615 στιγι
297 1562 441 1600 τοῦτον
466 1556 622 1613 πλήξας
658 1556 759 1600 ὥστε
795 1559 965 1605 ἕπεσθαι
987 1564 1071 1607 τοῖς
1095 1558 1306 1610 ἀπιοῦσιν,
1342 1558 1464 1608 αὐτὸς
1484 1558 1634 1613 ἤμυνεν

97 1630 211 1672 4Ξοείῑ
227 1632 278 1684 τῇ
297 1625 469 1669 πεδιάδι.
538 1627 577 1668 οἶ
597 1627 642 1668 δὲ
665 1630 844 1683 Τοῦρκοι
865 1631 923 1684 τῷ
946 1626 1166 1684 παραδόξῳ
1193 1631 1266 1681 τῆς
1287 1627 1391 1677 θέας
1419 1631 1649 1668 καταπλα-’

163 1698 294 1753 γέντες
313 1694 491 1753 ἠπόρουν
511 1693 532 1736 ὅ
555 1713 593 1737 τι
614 1697 681 1737 καὶ
703 1696 762 1749 εἴη
786 1696 832 1738 τὸ
855 1694 1072 1752 ὁρώμενον.
1115 1695 1251 1752 βραχὺ
1273 1700 1369 1751 γοῦν
1388 1697 1508 1749 βέλος
1531 1694 1631 1749 εἶχεν

165 1768 208 1808 ἐν
228 1770 278 1822 τῇ
289 1766 407 1822 χειρί.
475 1763 546 1807 τὸν
574 1769 672 1827 γοῦν
699 1763 868 1825 πρώτως
894 1763 1056 1808 ἐπιόντα
1074 1763 1217 1826 βάλλει
1238 1764 1342 1808 κατὰ
1359 1769 1440 1807 τῶν
1459 1765 1633 1823 στέρνων

167 1942 282 1975 autem
296 1938 431 1984 quidam
447 1951 490 1973 ex
505 1939 722 1973 familiaribus
736 1938 876 1982 lmen,
905 1938 1072 1973 Arabates
1087 1938 1217 1981 dictus,
1250 1938 1482 1973 vehementem
1501 1941 1536 1972 et
1550 1949 1632 1984 perv

166 1987 308 2021 tinacem
328 1986 488 2030 impetum
511 1986 734 2019 barbarorum
759 1995 919 2028 cernens,
952 1985 1007 2018 cui
1022 1985 1080 2018 vix
1094 1985 1211 2019 maiori
1228 1996 1363 2019 numero
1378 1984 1547 2018 tolerabili
1563 1985 1630 2018 duo

166 2032 230 2068 soli
251 2043 325 2065 cum
352 2031 478 2076 oppido
502 2031 620 2076 paucis
637 2031 801 2064 Comneni
818 2031 945 2064 fratres
968 2030 1197 2072 obsisterent,
1228 2031 1358 2064 veritus
1378 2042 1422 2064 ne
1442 2030 1518 2075 quis
1533 2041 1633 2064 casus

167 2078 323 2112 acerbior
338 2077 493 2110 alterutri
509 2088 622 2110 eorum
637 2077 819 2118 incideret,
848 2076 997 2120 socium,
1030 2076 1083 2110 cui
1098 2077 1289 2111 Cbascares
1309 2087 1428 2110 nomen
1453 2076 1537 2117 fuit,
1568 2077 1633 2110 sub

167 2125 343 2159 Comneno
359 2123 477 2156 Alexio
493 2128 677 2156 merentem
692 2122 847 2166 rogavit,
879 2121 999 2155 adesse
1023 2128 1061 2156 ut
1083 2122 1148 2156 sibi
1163 2122 1288 2165 vellet,
1320 2122 1517 2166 omissisque
1532 2122 1632 2155 ambo

168 2170 265 2215 equis
278 2169 311 2203 in
328 2170 442 2202 hostes
456 2169 696 2202 iacularentur.
742 2174 842 2212 turpe
857 2167 1039 2212 siquidem,
1068 2168 1202 2210 aiebat,
1233 2168 1338 2201 fuerit
1355 2168 1426 2201 eius
1443 2167 1632 2201 nobilitatis

168 2223 206 2250 et.
218 2214 427 2250 fortitudinis
450 2214 543 2248 viros
561 2214 673 2250 Alanis
690 2214 744 2247 bi'c
760 2213 996 2258 praesentibus
1012 2213 1207 2258 periclitari.
1253 2225 1363 2258 neque
1381 2214 1416 2246 in
1439 2225 1499 2247 nos
1523 2214 1632 2247 solum

166 2273 286 2296 verum
313 2266 350 2294 et
371 2261 407 2294 in
428 2261 617 2294 universam
633 2260 816 2293 Alanorum
841 2264 976 2302 gentem
998 2271 1039 2292 ac
1061 2261 1183 2293 famam
1204 2259 1239 2293 id
1256 2259 1403 2293 dedecus
1418 2259 1632 2293 redundabit.

167 2308 219 2343 sic
240 2307 390 2341 Arabate
411 2306 545 2350 locuto,
575 2305 740 2339 refutavit
761 2305 932 2338 consilium
959 2305 1148 2339 Chascares
1177 2310 1216 2338 ut
1240 2311 1276 2339 et
1300 2305 1414 2338 audax
1438 2305 1569 2338 nimium
1596 2308 1633 2338 et

168 2365 288 2399 parum
303 2352 464 2398 prudens.
512 2363 586 2385 nam
609 2357 646 2385 et
670 2363 709 2385 se
733 2351 826 2395 ipsos
840 2351 1147 2395 praesentissimum
1163 2351 1315 2386 adituros
1330 2350 1507 2384 discrimen
1522 2350 1549 2382 si
1568 2351 1633 2383 hoc

166 2401 340 2440 facerent,
373 2403 410 2432 et
431 2403 545 2431 tamen
571 2397 612 2430 iis
627 2408 713 2441 quos
728 2402 898 2430 servatum
914 2396 1004 2430 irent
1018 2397 1096 2430 nihil
1113 2397 1319 2442 profuturos.
1366 2397 1491 2440 quippe
1507 2407 1581 2429 cum
1596 2395 1633 2429 in

168 2456 280 2490 aequa
294 2443 494 2498 patentique
507 2443 663 2488 planitie,
695 2447 734 2477 ut
755 2448 823 2476 tum
849 2446 964 2484 erant,
998 2443 1117 2488 positis
1134 2443 1303 2488 peditibus
1318 2441 1482 2475 adversus
1499 2441 1633 2485 equites

166 2491 309 2525 iaculari
334 2490 423 2523 baud
444 2496 536 2523 esset
560 2489 759 2523 consultum.
806 2488 866 2522 sed
889 2488 920 2522 si
944 2488 1023 2532 quid
1049 2488 1128 2524 mihi
1154 2488 1287 2529 credis,
1317 2487 1383 2530 ait,
1413 2487 1548 2531 quando
1564 2498 1633 2521 non

167 2536 270 2581 longe
291 2537 334 2570 ab
356 2535 422 2569 illis
449 2547 535 2580 quas
561 2535 668 2568 cernis
691 2535 770 2568 viae
792 2534 954 2578 angustiis
969 2534 1151 2576 distamus,
1182 2545 1223 2567 eo
1247 2533 1343 2566 simul
1366 2533 1631 2578 pervenerimus,

169 2582 410 2616 exsoendemus
433 2593 476 2615 ex
501 2581 595 2626 equis
611 2580 812 2625 fortiterque
826 2579 1071 2625 pugnabimus,
1103 2591 1145 2614 ac
1160 2580 1228 2622 sic,
1259 2583 1296 2612 et
1320 2578 1440 2619 honori
1460 2579 1572 2624 gentis
1596 2581 1634 2616 et

167 2627 268 2662 saluti
282 2627 491 2661 dominorum
505 2627 600 2661 simul
616 2626 838 2661 consulemus.

256 2673 319 2708 13.
363 2673 464 2707 Talia
486 2673 685 2707 chascares.
731 2676 768 2706 at
793 2673 963 2706 Arabates
988 2670 1167 2705 barbarico
1194 2682 1268 2704 oum
1296 2670 1450 2707 convicio
1476 2668 1633 2703 reiiciens

171 2717 293 2763 raptim
309 2730 395 2763 equo
412 2719 553 2760 desiliit,
575 2724 612 2752 et
627 2719 684 2752 ubi
700 2717 826 2762 flagelli
839 2719 986 2752 verbere
1001 2716 1221 2762 contemptim
1237 2716 1462 2750 admonuisset
1479 2716 1632 2750 chasca-

170 2776 262 2805 rem,
291 2763 357 2798 iret
379 2765 408 2798 si
421 2765 526 2799 vellet
541 2777 616 2800 cum
630 2764 854 2809 fugientibus,
883 2764 958 2809 ipse
973 2774 1124 2809 pugnare
1139 2774 1181 2797 ex
1198 2763 1300 2808 plano
1314 2761 1492 2796 iaculando
1508 2760 1630 2805 coepit.

171 2810 318 2856 perculit
336 2809 509 2855 inopinata
531 2811 663 2857 species
679 2811 836 2853 Turcos‚
865 2815 906 2844 ut
925 2809 1109 2854 aliquando
1131 2810 1313 2843 haererent
1333 2807 1446 2853 ignari
1469 2806 1553 2851 quid
1575 2815 1630 2838 res

172 2860 275 2892 esset.
319 2860 434 2890 stante
446 2857 596 2897 Arabate
617 2868 660 2892 ac
681 2858 789 2895 breve
813 2856 917 2896 telum
940 2867 1041 2895 manu
1055 2860 1212 2899 tenente,
1242 2866 1310 2904 quo
1326 2854 1488 2894 audacter
1502 2862 1582 2886 usus
1597 2850 1631 2884 in
