<?xml version="1.0" encoding="UTF-8"?>
<!DOCTYPE html PUBLIC "-//W3C//DTD XHTML 1.0 Transitional//EN"
    "http://www.w3.org/TR/xhtml1/DTD/xhtml1-transitional.dtd">
<html xmlns="http://www.w3.org/1999/xhtml" xml:lang="en" lang="en">
 <head>
  <title>
</title>
<meta http-equiv="Content-Type" content="text/html;charset=utf-8" />
  <meta name='ocr-system' content='tesseract 3.04.00' />
  <meta name='ocr-capabilities' content='ocr_page ocr_carea ocr_par ocr_line ocrx_word'/>
</head>
<body>
  <div class='ocr_page' id='page_1' title='image "./corpusscriptorum26niebuoft_0054.png"; bbox 0 0 1878 3262; ppageno 0'>
   <div class='ocr_carea' id='block_1_1' title="bbox 269 217 1234 272">
    <p class='ocr_par' dir='ltr' id='par_1_1' title="bbox 269 217 1234 272">
     <span class='ocr_line' id='line_1_1' title="bbox 269 217 1234 272; baseline -0.008 -4"><span class='ocrx_word' id='word_1_1' title='bbox 269 223 332 272; x_wconf 77' lang='lat'><strong>22</strong></span> <span class='ocrx_word' id='word_1_2' title='bbox 747 219 970 264; x_wconf 88' lang='lat' dir='ltr'><strong>IOANNIS</strong></span> <span class='ocrx_word' id='word_1_3' title='bbox 1005 217 1234 262; x_wconf 84' lang='lat' dir='ltr'>CINNAMI</span> 
     </span>
    </p>
   </div>
   <div class='ocr_carea' id='block_1_2' title="bbox 145 327 1780 1887">
    <p class='ocr_par' dir='ltr' id='par_1_2' title="bbox 150 327 1720 531">
     <span class='ocr_line' id='line_1_2' title="bbox 150 327 1720 392; baseline -0.006 -11"><span class='ocrx_word' id='word_1_4' title='bbox 150 339 177 373; x_wconf 83' lang='lat' dir='ltr'>P</span> <span class='ocrx_word' id='word_1_5' title='bbox 205 340 248 375; x_wconf 72' lang='lat'><strong>12</strong></span> <span class='ocrx_word' id='word_1_6' title='bbox 272 334 460 382; x_wconf 73' lang='grc' dir='ltr'><strong><em>ἀπεκάλει</em></strong></span> <span class='ocrx_word' id='word_1_7' title='bbox 486 336 674 392; x_wconf 76' lang='grc' dir='ltr'><strong><em>στρατοῦ.</em></strong></span> <span class='ocrx_word' id='word_1_8' title='bbox 742 331 870 383; x_wconf 72' lang='grc' dir='ltr'><strong><em>οὕτως</em></strong></span> <span class='ocrx_word' id='word_1_9' title='bbox 906 331 977 374; x_wconf 73' lang='grc' dir='ltr'><strong>οὒκ</strong></span> <span class='ocrx_word' id='word_1_10' title='bbox 1012 328 1094 374; x_wconf 77' lang='grc' dir='ltr'><strong><em>οἶδε</em></strong></span> <span class='ocrx_word' id='word_1_11' title='bbox 1127 327 1379 374; x_wconf 80' lang='grc' dir='ltr'><strong><em>παντάπασιν</em></strong></span> <span class='ocrx_word' id='word_1_12' title='bbox 1403 330 1574 387; x_wconf 76' lang='grc' dir='ltr'><strong><em>ἡλικίαις</em></strong></span> <span class='ocrx_word' id='word_1_13' title='bbox 1601 331 1720 388; x_wconf 80' lang='grc' dir='ltr'><strong><em>ἀρετὴ</em></strong></span> 
     </span>
     <span class='ocr_line' id='line_1_3' title="bbox 267 398 1720 462; baseline -0.005 -14"><span class='ocrx_word' id='word_1_14' title='bbox 267 403 601 462; x_wconf 72' lang='grc' dir='ltr'><strong><em>περιγράφεσθαι.</em></strong></span> <span class='ocrx_word' id='word_1_15' title='bbox 676 401 718 443; x_wconf 67' lang='grc' dir='ltr'><strong><em>ἐκ</em></strong></span> <span class='ocrx_word' id='word_1_16' title='bbox 752 400 896 444; x_wconf 79' lang='grc' dir='ltr'><strong><em>τούτου</em></strong></span> <span class='ocrx_word' id='word_1_17' title='bbox 912 402 968 448; x_wconf 66' lang='grc' dir='ltr'><strong>,ὃὲ</strong></span> <span class='ocrx_word' id='word_1_18' title='bbox 994 400 1170 454; x_wconf 86' lang='grc' dir='ltr'><strong><em>πολέμου</em></strong></span> <span class='ocrx_word' id='word_1_19' title='bbox 1197 399 1338 454; x_wconf 79' lang='grc' dir='ltr'><strong><em>σχεδὸν</em></strong></span> <span class='ocrx_word' id='word_1_20' title='bbox 1364 401 1493 442; x_wconf 73' lang='grc' dir='ltr'><strong><em>οὐδενὶ</em></strong></span> <span class='ocrx_word' id='word_1_21' title='bbox 1512 398 1720 454; x_wconf 86' lang='grc' dir='ltr'><strong><em>Ῥωμαίων</em></strong></span> 
     </span>
     <span class='ocr_line' id='line_1_4' title="bbox 266 467 917 531; baseline -0.008 -15"><span class='ocrx_word' id='word_1_22' title='bbox 266 474 338 531; x_wconf 75' lang='grc' dir='ltr'><strong>ἐφ’</strong></span> <span class='ocrx_word' id='word_1_23' title='bbox 362 475 474 529; x_wconf 75' lang='grc' dir='ltr'><strong><em>ἵππῳ</em></strong></span> <span class='ocrx_word' id='word_1_24' title='bbox 500 467 697 515; x_wconf 77' lang='grc' dir='ltr'><strong><em>ἐπανιόντι</em></strong></span> <span class='ocrx_word' id='word_1_25' title='bbox 722 470 917 521; x_wconf 81' lang='grc' dir='ltr'><strong><em>ξυνέπεσε.</em></strong></span> 
     </span>
    </p>

    <p class='ocr_par' dir='ltr' id='par_1_3' title="bbox 261 532 1779 1140">
     <span class='ocr_line' id='line_1_5' title="bbox 405 532 1719 593; baseline -0.006 -9"><span class='ocrx_word' id='word_1_26' title='bbox 405 540 481 585; x_wconf 89' lang='grc'><strong>10.</strong></span> <span class='ocrx_word' id='word_1_27' title='bbox 550 539 618 581; x_wconf 81' lang='grc' dir='ltr'><strong>Τὰ</strong></span> <span class='ocrx_word' id='word_1_28' title='bbox 640 539 714 593; x_wconf 76' lang='grc' dir='ltr'><strong>μὲν</strong></span> <span class='ocrx_word' id='word_1_29' title='bbox 740 538 789 592; x_wconf 78' lang='grc' dir='ltr'><strong>δὴ</strong></span> <span class='ocrx_word' id='word_1_30' title='bbox 814 538 906 589; x_wconf 81' lang='grc' dir='ltr'><strong><em>νέας</em></strong></span> <span class='ocrx_word' id='word_1_31' title='bbox 930 535 1178 592; x_wconf 80' lang='grc' dir='ltr'><strong><em>Καισαρείας</em></strong></span> <span class='ocrx_word' id='word_1_32' title='bbox 1203 535 1382 577; x_wconf 64' lang='grc' dir='ltr'><strong><em>ἐνταῦθα</em></strong></span> <span class='ocrx_word' id='word_1_33' title='bbox 1408 532 1600 577; x_wconf 73' lang='grc' dir='ltr'><strong><em>ἐτελεύτα.</em></strong></span> <span class='ocrx_word' id='word_1_34' title='bbox 1638 539 1719 589; x_wconf 82' lang='grc' dir='ltr'><strong><em>βα-</em></strong></span> 
     </span>
     <span class='ocr_line' id='line_1_6' title="bbox 265 601 1753 664; baseline -0.005 -13"><span class='ocrx_word' id='word_1_35' title='bbox 265 608 398 658; x_wconf 74' lang='grc' dir='ltr'><strong><em>σιλεὺς</em></strong></span> <span class='ocrx_word' id='word_1_36' title='bbox 424 609 467 650; x_wconf 77' lang='grc' dir='ltr'><strong>δὲ</strong></span> <span class='ocrx_word' id='word_1_37' title='bbox 490 607 658 664; x_wconf 86' lang='grc' dir='ltr'><strong><em>Πέρσας</em></strong></span> <span class='ocrx_word' id='word_1_38' title='bbox 682 607 722 657; x_wconf 77' lang='grc' dir='ltr'><strong><em>ἐς</em></strong></span> <span class='ocrx_word' id='word_1_39' title='bbox 747 601 870 656; x_wconf 70' lang='grc' dir='ltr'><strong><em>αὖθις</em></strong></span> <span class='ocrx_word' id='word_1_40' title='bbox 894 603 1124 657; x_wconf 77' lang='grc' dir='ltr'><strong><em>Σωζόπολιν</em></strong></span> <span class='ocrx_word' id='word_1_41' title='bbox 1148 601 1376 657; x_wconf 75' lang='grc' dir='ltr'><strong><em>πυθόμενος</em></strong></span> <span class='ocrx_word' id='word_1_42' title='bbox 1400 607 1582 656; x_wconf 80' lang='grc' dir='ltr'><strong><em>πολεμεῖν</em></strong></span> <span class='ocrx_word' id='word_1_43' title='bbox 1591 624 1623 654; x_wconf 90' lang='grc'><strong>,·</strong></span> <span class='ocrx_word' id='word_1_44' title='bbox 1639 615 1753 651; x_wconf 83' lang='grc' dir='ltr'><strong><em>πα-5</em></strong></span> 
     </span>
     <span class='ocr_line' id='line_1_7' title="bbox 265 671 1720 734; baseline -0.005 -15"><span class='ocrx_word' id='word_1_45' title='bbox 265 679 471 734; x_wconf 85' lang='grc' dir='ltr'><strong><em>σίρρωμος</em></strong></span> <span class='ocrx_word' id='word_1_46' title='bbox 493 676 673 717; x_wconf 72' lang='grc' dir='ltr'><strong><em>ἐνταῦθα</em></strong></span> <span class='ocrx_word' id='word_1_47' title='bbox 706 674 881 732; x_wconf 72' lang='grc' dir='ltr'><strong><em>ἐφέρετο.</em></strong></span> <span class='ocrx_word' id='word_1_48' title='bbox 959 671 1093 727; x_wconf 76' lang='grc' dir='ltr'><strong><em>ἐπειδή</em></strong></span> <span class='ocrx_word' id='word_1_49' title='bbox 1118 689 1160 715; x_wconf 82' lang='grc' dir='ltr'><strong>τε</strong></span> <span class='ocrx_word' id='word_1_50' title='bbox 1187 672 1316 714; x_wconf 72' lang='grc' dir='ltr'><strong><em>οὐδενὶ</em></strong></span> <span class='ocrx_word' id='word_1_51' title='bbox 1343 673 1540 725; x_wconf 88' lang='grc' dir='ltr'><strong><em>πολεμίων</em></strong></span> <span class='ocrx_word' id='word_1_52' title='bbox 1565 672 1720 713; x_wconf 72' lang='grc' dir='ltr'><strong><em>ἐντετυ-</em></strong></span> 
     </span>
     <span class='ocr_line' id='line_1_8' title="bbox 262 738 1721 800; baseline -0.004 -14"><span class='ocrx_word' id='word_1_53' title='bbox 262 746 426 800; x_wconf 86' lang='grc' dir='ltr'><strong><em>χηκέναι</em></strong></span> <span class='ocrx_word' id='word_1_54' title='bbox 452 743 561 800; x_wconf 78' lang='grc' dir='ltr'><strong><em>αὐτῷ</em></strong></span> <span class='ocrx_word' id='word_1_55' title='bbox 586 742 732 798; x_wconf 76' lang='grc' dir='ltr'><strong><em>ἐγένετο</em></strong></span> <span class='ocrx_word' id='word_1_56' title='bbox 759 742 856 798; x_wconf 78' lang='grc' dir='ltr'><strong>(ἤδη</strong></span> <span class='ocrx_word' id='word_1_57' title='bbox 878 742 955 798; x_wconf 81' lang='grc' dir='ltr'><strong><em>γὰρ</em></strong></span> <span class='ocrx_word' id='word_1_58' title='bbox 982 741 1130 782; x_wconf 76' lang='grc' dir='ltr'><strong><em>ἐπιέναι</em></strong></span> <span class='ocrx_word' id='word_1_59' title='bbox 1156 742 1271 797; x_wconf 80' lang='grc' dir='ltr'><strong><em>σφίσι</em></strong></span> <span class='ocrx_word' id='word_1_60' title='bbox 1290 738 1514 794; x_wconf 86' lang='grc' dir='ltr'><strong><em>Ῥωμαίους</em></strong></span> <span class='ocrx_word' id='word_1_61' title='bbox 1538 738 1721 793; x_wconf 70' lang='grc' dir='ltr'><strong><em>πυθόμε-</em></strong></span> 
     </span>
     <span class='ocr_line' id='line_1_9' title="bbox 264 807 1722 869; baseline -0.003 -15"><span class='ocrx_word' id='word_1_62' title='bbox 264 829 326 854; x_wconf 93' lang='grc' dir='ltr'><strong>νοι</strong></span> <span class='ocrx_word' id='word_1_63' title='bbox 353 811 502 869; x_wconf 77' lang='grc' dir='ltr'><strong><em>ᾤχοντο</em></strong></span> <span class='ocrx_word' id='word_1_64' title='bbox 524 809 752 867; x_wconf 80' lang='grc' dir='ltr'><strong><em>ἀπιόντες),</em></strong></span> <span class='ocrx_word' id='word_1_65' title='bbox 786 812 849 852; x_wconf 76' lang='grc' dir='ltr'><strong>ἐπὶ</strong></span> <span class='ocrx_word' id='word_1_66' title='bbox 874 811 946 865; x_wconf 86' lang='grc' dir='ltr'><strong>τὴν</strong></span> <span class='ocrx_word' id='word_1_67' title='bbox 970 807 1195 865; x_wconf 80' lang='grc' dir='ltr'><strong><em>Πασγούση</em></strong></span> <span class='ocrx_word' id='word_1_68' title='bbox 1218 809 1462 863; x_wconf 69' lang='grc' dir='ltr'><strong><em>καλουμένην</em></strong></span> <span class='ocrx_word' id='word_1_69' title='bbox 1487 810 1627 862; x_wconf 83' lang='grc' dir='ltr'><strong><em>λίμνην</em></strong></span> <span class='ocrx_word' id='word_1_70' title='bbox 1642 809 1722 850; x_wconf 77' lang='grc' dir='ltr'><strong><em>ὄιε-</em></strong></span> 
     </span>
     <span class='ocr_line' id='line_1_10' title="bbox 263 870 1722 936; baseline -0.003 -15"><span class='ocrx_word' id='word_1_71' title='bbox 263 881 404 935; x_wconf 83' lang='grc' dir='ltr'><strong><em>βίβαζε</em></strong></span> <span class='ocrx_word' id='word_1_72' title='bbox 430 879 500 922; x_wconf 85' lang='grc' dir='ltr'><strong>τὸν</strong></span> <span class='ocrx_word' id='word_1_73' title='bbox 526 878 710 936; x_wconf 83' lang='grc' dir='ltr'><strong><em>στρατόν.</em></strong></span> <span class='ocrx_word' id='word_1_74' title='bbox 778 878 878 934; x_wconf 73' lang='grc' dir='ltr'><strong><em>αὕτη</em></strong></span> <span class='ocrx_word' id='word_1_75' title='bbox 905 878 982 935; x_wconf 81' lang='grc' dir='ltr'><strong><em>γὰρ</em></strong></span> <span class='ocrx_word' id='word_1_76' title='bbox 1011 878 1060 931; x_wconf 79' lang='grc' dir='ltr'><strong>δὴ</strong></span> <span class='ocrx_word' id='word_1_77' title='bbox 1088 879 1128 928; x_wconf 69' lang='grc' dir='ltr'><strong><em>ἒς</em></strong></span> <span class='ocrx_word' id='word_1_78' title='bbox 1154 874 1311 933; x_wconf 74' lang='grc' dir='ltr'><strong><em>ἄφατόν</em></strong></span> <span class='ocrx_word' id='word_1_79' title='bbox 1336 893 1375 919; x_wconf 89' lang='grc' dir='ltr'><strong>τι</strong></span> <span class='ocrx_word' id='word_1_80' title='bbox 1409 881 1538 931; x_wconf 86' lang='grc' dir='ltr'><strong><em>μῆκος</em></strong></span> <span class='ocrx_word' id='word_1_81' title='bbox 1563 878 1628 917; x_wconf 84' lang='grc' dir='ltr'><strong>καὶ</strong></span> <span class='ocrx_word' id='word_1_82' title='bbox 1656 870 1722 918; x_wconf 73' lang='grc' dir='ltr'><strong><em>εὗ-</em></strong></span> 
     </span>
     <span class='ocr_line' id='line_1_11' title="bbox 263 943 1779 1005; baseline -0.003 -15"><span class='ocrx_word' id='word_1_83' title='bbox 263 965 335 1005; x_wconf 89' lang='grc' dir='ltr'><strong>ρος</strong></span> <span class='ocrx_word' id='word_1_84' title='bbox 360 948 603 1002; x_wconf 73' lang='grc' dir='ltr'><strong><em>ἐκτεινομένη</em></strong></span> <span class='ocrx_word' id='word_1_85' title='bbox 628 947 774 1003; x_wconf 80' lang='grc' dir='ltr'><strong><em>νήσους</em></strong></span> <span class='ocrx_word' id='word_1_86' title='bbox 799 947 902 991; x_wconf 80' lang='grc' dir='ltr'><strong><em>κατὰ</em></strong></span> <span class='ocrx_word' id='word_1_87' title='bbox 927 947 1048 1000; x_wconf 83' lang='grc' dir='ltr'><strong><em>μέσον</em></strong></span> <span class='ocrx_word' id='word_1_88' title='bbox 1071 946 1283 1002; x_wconf 80' lang='grc' dir='ltr'><strong><em>παρέχεται</em></strong></span> <span class='ocrx_word' id='word_1_89' title='bbox 1307 945 1510 1001; x_wconf 73' lang='grc' dir='ltr'><strong><em>διακριδὸν</em></strong></span> <span class='ocrx_word' id='word_1_90' title='bbox 1532 943 1722 998; x_wconf 76' lang='grc' dir='ltr'><strong><em>ἀλλήλαις</em></strong></span> <span class='ocrx_word' id='word_1_91' title='bbox 1735 956 1779 990; x_wconf 85' lang='lat'><strong>10</strong></span> 
     </span>
     <span class='ocr_line' id='line_1_12' title="bbox 261 1011 1723 1071; baseline -0.003 -14"><span class='ocrx_word' id='word_1_92' title='bbox 261 1019 335 1057; x_wconf 84' lang='grc' dir='ltr'><strong><em>τοῦ</em></strong></span> <span class='ocrx_word' id='word_1_93' title='bbox 359 1014 508 1066; x_wconf 71' lang='grc' dir='ltr'><strong><em>ὕδατος</em></strong></span> <span class='ocrx_word' id='word_1_94' title='bbox 533 1015 793 1070; x_wconf 80' lang='grc' dir='ltr'><strong><em>ἀνεχούσαις,</em></strong></span> <span class='ocrx_word' id='word_1_95' title='bbox 827 1016 868 1058; x_wconf 74' lang='grc' dir='ltr'><strong>ἔν</strong></span> <span class='ocrx_word' id='word_1_96' title='bbox 894 1013 959 1064; x_wconf 83' lang='grc' dir='ltr'><strong>αἷς</strong></span> <span class='ocrx_word' id='word_1_97' title='bbox 985 1013 1162 1071; x_wconf 79' lang='grc' dir='ltr'><strong><em>φρούρια</em></strong></span> <span class='ocrx_word' id='word_1_98' title='bbox 1188 1014 1230 1054; x_wconf 76' lang='grc' dir='ltr'><strong><em>ἐκ</em></strong></span> <span class='ocrx_word' id='word_1_99' title='bbox 1256 1017 1438 1054; x_wconf 82' lang='grc' dir='ltr'><strong><em>παλαιῶν</em></strong></span> <span class='ocrx_word' id='word_1_100' title='bbox 1464 1011 1723 1069; x_wconf 74' lang='grc' dir='ltr'><strong><em>ἀνῳκοδόμη-</em></strong></span> 
     </span>
     <span class='ocr_line' id='line_1_13' title="bbox 261 1080 1723 1140; baseline -0.003 -14"><span class='ocrx_word' id='word_1_101' title='bbox 261 1101 329 1127; x_wconf 89' lang='grc' dir='ltr'><strong>ται</strong></span> <span class='ocrx_word' id='word_1_102' title='bbox 349 1082 520 1140; x_wconf 83' lang='grc' dir='ltr'><strong><em>χρόνων.</em></strong></span> <span class='ocrx_word' id='word_1_103' title='bbox 572 1085 746 1126; x_wconf 64' lang='grc' dir='ltr'><strong><em>,οῗκοῦσί</em></strong></span> <span class='ocrx_word' id='word_1_104' title='bbox 773 1101 815 1126; x_wconf 88' lang='grc' dir='ltr'><strong>τε</strong></span> <span class='ocrx_word' id='word_1_105' title='bbox 852 1085 893 1126; x_wconf 72' lang='grc' dir='ltr'><strong>ἐν</strong></span> <span class='ocrx_word' id='word_1_106' title='bbox 920 1083 1055 1132; x_wconf 78' lang='grc' dir='ltr'><strong><em>αὐτοῖς</em></strong></span> <span class='ocrx_word' id='word_1_107' title='bbox 1081 1082 1290 1138; x_wconf 73' lang='grc' dir='ltr'><strong><em>ἅνθρωποι</em></strong></span> <span class='ocrx_word' id='word_1_108' title='bbox 1316 1081 1360 1123; x_wconf 80' lang='grc' dir='ltr'><strong><em>τὸ</em></strong></span> <span class='ocrx_word' id='word_1_109' title='bbox 1398 1080 1509 1137; x_wconf 73' lang='grc' dir='ltr'><strong><em>ὕδωρ</em></strong></span> <span class='ocrx_word' id='word_1_110' title='bbox 1537 1080 1623 1122; x_wconf 76' lang='grc' dir='ltr'><strong><em>ἀντὶ</em></strong></span> <span class='ocrx_word' id='word_1_111' title='bbox 1650 1097 1723 1122; x_wconf 87' lang='grc' dir='ltr'><strong>τα-</strong></span> 
     </span>
    </p>

    <p class='ocr_par' dir='ltr' id='par_1_4' title="bbox 214 1148 1780 1685">
     <span class='ocr_line' id='line_1_14' title="bbox 214 1148 1724 1208; baseline -0.003 -14"><span class='ocrx_word' id='word_1_112' title='bbox 214 1155 245 1190; x_wconf 89' lang='grc' dir='ltr'>Β</span> <span class='ocrx_word' id='word_1_113' title='bbox 270 1154 411 1208; x_wconf 85' lang='grc' dir='ltr'><strong><em>φρείας</em></strong></span> <span class='ocrx_word' id='word_1_114' title='bbox 435 1152 710 1206; x_wconf 78' lang='grc' dir='ltr'><strong><em>πεποιημένοι·</em></strong></span> <span class='ocrx_word' id='word_1_115' title='bbox 750 1150 877 1202; x_wconf 67' lang='grc' dir='ltr'><strong><em>ἔξεστι</em></strong></span> <span class='ocrx_word' id='word_1_116' title='bbox 904 1151 948 1194; x_wconf 72' lang='grc' dir='ltr'><strong>δ’</strong></span> <span class='ocrx_word' id='word_1_117' title='bbox 979 1151 1115 1200; x_wconf 76' lang='grc' dir='ltr'><strong><em>αὐτοῖς</em></strong></span> <span class='ocrx_word' id='word_1_118' title='bbox 1140 1151 1180 1200; x_wconf 78' lang='grc' dir='ltr'><strong><em>ἒς</em></strong></span> <span class='ocrx_word' id='word_1_119' title='bbox 1199 1148 1360 1192; x_wconf 83' lang='grc' dir='ltr'><strong><em>Ἰκόνιον</em></strong></span> <span class='ocrx_word' id='word_1_120' title='bbox 1387 1149 1563 1203; x_wconf 74' lang='grc' dir='ltr'><strong><em>ἀνιοῦσιν</em></strong></span> <span class='ocrx_word' id='word_1_121' title='bbox 1589 1149 1724 1202; x_wconf 74' lang='grc' dir='ltr'><strong><em>αὐθη-</em></strong></span> 
     </span>
     <span class='ocr_line' id='line_1_15' title="bbox 263 1213 1724 1276; baseline -0.003 -15"><span class='ocrx_word' id='word_1_122' title='bbox 263 1220 388 1276; x_wconf 80' lang='grc' dir='ltr'><strong><em>μερὸν</em></strong></span> <span class='ocrx_word' id='word_1_123' title='bbox 413 1220 565 1262; x_wconf 71' lang='grc' dir='ltr'><strong><em>ἐκεῖθεν</em></strong></span> <span class='ocrx_word' id='word_1_124' title='bbox 601 1221 846 1262; x_wconf 74' lang='grc' dir='ltr'><strong><em>ἐπανελθεῖν.</em></strong></span> <span class='ocrx_word' id='word_1_125' title='bbox 914 1213 962 1261; x_wconf 72' lang='grc' dir='ltr'><strong><em>οὗ</em></strong></span> <span class='ocrx_word' id='word_1_126' title='bbox 988 1219 1038 1273; x_wconf 78' lang='grc' dir='ltr'><strong>δὴ</strong></span> <span class='ocrx_word' id='word_1_127' title='bbox 1075 1219 1188 1260; x_wconf 70' lang='grc' dir='ltr'><strong><em>ἕνεκα</em></strong></span> <span class='ocrx_word' id='word_1_128' title='bbox 1220 1216 1397 1272; x_wconf 83' lang='grc' dir='ltr'><strong><em>μάλιστα</em></strong></span> <span class='ocrx_word' id='word_1_129' title='bbox 1420 1216 1611 1271; x_wconf 77' lang='grc' dir='ltr'><strong><em>βασιλεὺς</em></strong></span> <span class='ocrx_word' id='word_1_130' title='bbox 1635 1218 1724 1272; x_wconf 82' lang='grc' dir='ltr'><strong><em>περὶ</em></strong></span> 
     </span>
     <span class='ocr_line' id='line_1_16' title="bbox 263 1285 1778 1344; baseline 0 -15"><span class='ocrx_word' id='word_1_131' title='bbox 263 1289 449 1330; x_wconf 82' lang='grc' dir='ltr'><strong><em>πλείστου</em></strong></span> <span class='ocrx_word' id='word_1_132' title='bbox 475 1288 549 1342; x_wconf 84' lang='grc' dir='ltr'><strong>τὴν</strong></span> <span class='ocrx_word' id='word_1_133' title='bbox 574 1291 647 1342; x_wconf 80' lang='grc' dir='ltr'><strong>τῆς</strong></span> <span class='ocrx_word' id='word_1_134' title='bbox 672 1290 813 1342; x_wconf 88' lang='grc' dir='ltr'><strong><em>λίμνης</em></strong></span> <span class='ocrx_word' id='word_1_135' title='bbox 839 1285 1096 1344; x_wconf 74' lang='grc' dir='ltr'><strong><em>ἐπικράτησιν</em></strong></span> <span class='ocrx_word' id='word_1_136' title='bbox 1122 1287 1303 1328; x_wconf 70' lang='grc' dir='ltr'><strong><em>ἐποιεῖτο.</em></strong></span> <span class='ocrx_word' id='word_1_137' title='bbox 1371 1290 1455 1328; x_wconf 83' lang='grc' dir='ltr'><strong>τῶν</strong></span> <span class='ocrx_word' id='word_1_138' title='bbox 1482 1285 1524 1327; x_wconf 76' lang='grc' dir='ltr'><strong>δ’</strong></span> <span class='ocrx_word' id='word_1_139' title='bbox 1554 1286 1595 1326; x_wconf 74' lang='grc' dir='ltr'><strong>ἐν</strong></span> <span class='ocrx_word' id='word_1_140' title='bbox 1621 1285 1725 1340; x_wconf 77' lang='grc' dir='ltr'><strong><em>αὐτῇ</em></strong></span> <span class='ocrx_word' id='word_1_141' title='bbox 1737 1294 1778 1329; x_wconf 88' lang='grc'><strong>15</strong></span> 
     </span>
     <span class='ocr_line' id='line_1_17' title="bbox 257 1352 1726 1411; baseline -0.003 -13"><span class='ocrx_word' id='word_1_142' title='bbox 257 1354 466 1409; x_wconf 86' lang='grc' dir='ltr'><strong><em>Ῥωμαίων</em></strong></span> <span class='ocrx_word' id='word_1_143' title='bbox 493 1356 565 1397; x_wconf 76' lang='grc' dir='ltr'><strong>οὔκ</strong></span> <span class='ocrx_word' id='word_1_144' title='bbox 600 1355 833 1399; x_wconf 73' lang='grc' dir='ltr'><strong><em>ἐνδιδόντων</em></strong></span> <span class='ocrx_word' id='word_1_145' title='bbox 858 1354 1008 1409; x_wconf 81' lang='grc' dir='ltr'><strong><em>ταύτην</em></strong></span> <span class='ocrx_word' id='word_1_146' title='bbox 1043 1355 1153 1411; x_wconf 76' lang='grc' dir='ltr'><strong><em>αὐτῷ</em></strong></span> <span class='ocrx_word' id='word_1_147' title='bbox 1180 1352 1338 1410; x_wconf 85' lang='grc' dir='ltr'><strong><em>(χρόνῳ</em></strong></span> <span class='ocrx_word' id='word_1_148' title='bbox 1363 1354 1440 1410; x_wconf 84' lang='grc' dir='ltr'><strong><em>γὰρ</em></strong></span> <span class='ocrx_word' id='word_1_149' title='bbox 1469 1353 1519 1407; x_wconf 78' lang='grc' dir='ltr'><strong>δὴ</strong></span> <span class='ocrx_word' id='word_1_150' title='bbox 1547 1354 1614 1394; x_wconf 88' lang='grc' dir='ltr'><strong>καὶ</strong></span> <span class='ocrx_word' id='word_1_151' title='bbox 1639 1352 1726 1394; x_wconf 71' lang='grc' dir='ltr'><strong><em>ἔθει</em></strong></span> 
     </span>
     <span class='ocr_line' id='line_1_18' title="bbox 262 1417 1726 1481; baseline -0.002 -16"><span class='ocrx_word' id='word_1_152' title='bbox 262 1427 409 1481; x_wconf 76' lang='grc' dir='ltr'><strong><em>μακρῷ</em></strong></span> <span class='ocrx_word' id='word_1_153' title='bbox 433 1424 615 1480; x_wconf 85' lang='grc' dir='ltr'><strong><em>Πέρσαις</em></strong></span> <span class='ocrx_word' id='word_1_154' title='bbox 639 1425 713 1475; x_wconf 79' lang='grc' dir='ltr'><strong>τὰς</strong></span> <span class='ocrx_word' id='word_1_155' title='bbox 736 1423 899 1480; x_wconf 78' lang='grc' dir='ltr'><strong><em>γνώμας</em></strong></span> <span class='ocrx_word' id='word_1_156' title='bbox 934 1423 1229 1479; x_wconf 71' lang='grc' dir='ltr'><strong><em>ἄνακραθέντες</em></strong></span> <span class='ocrx_word' id='word_1_157' title='bbox 1266 1417 1403 1477; x_wconf 73' lang='grc' dir='ltr'><strong><em>ἦσαν)</em></strong></span> <span class='ocrx_word' id='word_1_158' title='bbox 1417 1454 1431 1473; x_wconf 87' lang='grc'>,</span> <span class='ocrx_word' id='word_1_159' title='bbox 1475 1419 1609 1463; x_wconf 78' lang='grc' dir='ltr'><strong><em>τοιάδε</em></strong></span> <span class='ocrx_word' id='word_1_160' title='bbox 1635 1421 1726 1463; x_wconf 76' lang='grc' dir='ltr'><strong><em>τινὰ</em></strong></span> 
     </span>
     <span class='ocr_line' id='line_1_19' title="bbox 263 1487 1726 1546; baseline -0.002 -13"><span class='ocrx_word' id='word_1_161' title='bbox 263 1490 418 1534; x_wconf 74' lang='grc' dir='ltr'><strong><em>ἐνενόει.</em></strong></span> <span class='ocrx_word' id='word_1_162' title='bbox 496 1492 671 1546; x_wconf 81' lang='grc' dir='ltr'><strong><em>λέμβους</em></strong></span> <span class='ocrx_word' id='word_1_163' title='bbox 704 1491 760 1542; x_wconf 82' lang='grc' dir='ltr'><strong><em>ὥς</em></strong></span> <span class='ocrx_word' id='word_1_164' title='bbox 793 1494 1002 1541; x_wconf 78' lang='grc' dir='ltr'><strong><em>πλείστους</em></strong></span> <span class='ocrx_word' id='word_1_165' title='bbox 1035 1493 1102 1533; x_wconf 82' lang='grc' dir='ltr'><strong>καὶ</strong></span> <span class='ocrx_word' id='word_1_166' title='bbox 1141 1489 1288 1533; x_wconf 80' lang='grc' dir='ltr'><strong><em>ἀκάτια</em></strong></span> <span class='ocrx_word' id='word_1_167' title='bbox 1324 1489 1555 1545; x_wconf 78' lang='grc' dir='ltr'><strong><em>ξυναγαγὼν</em></strong></span> <span class='ocrx_word' id='word_1_168' title='bbox 1593 1487 1726 1540; x_wconf 77' lang='grc' dir='ltr'><strong><em>ξύλοις</em></strong></span> 
     </span>
     <span class='ocr_line' id='line_1_20' title="bbox 263 1557 1726 1616; baseline -0.002 -15"><span class='ocrx_word' id='word_1_169' title='bbox 263 1558 422 1601; x_wconf 73' lang='grc' dir='ltr'><strong><em>ἄνωθεν</em></strong></span> <span class='ocrx_word' id='word_1_170' title='bbox 446 1558 675 1616; x_wconf 80' lang='grc' dir='ltr'><strong><em>ε’πεζεύγνυ·</em></strong></span> <span class='ocrx_word' id='word_1_171' title='bbox 710 1561 773 1602; x_wconf 73' lang='grc' dir='ltr'><strong>ἐπὶ</strong></span> <span class='ocrx_word' id='word_1_172' title='bbox 795 1559 947 1602; x_wconf 80' lang='grc' dir='ltr'><strong><em>τούτων</em></strong></span> <span class='ocrx_word' id='word_1_173' title='bbox 973 1561 1016 1601; x_wconf 75' lang='grc' dir='ltr'><strong>δὲ</strong></span> <span class='ocrx_word' id='word_1_174' title='bbox 1035 1559 1109 1609; x_wconf 83' lang='grc' dir='ltr'><strong>τὰς</strong></span> <span class='ocrx_word' id='word_1_175' title='bbox 1130 1558 1315 1612; x_wconf 80' lang='grc' dir='ltr'><strong><em>μηχανὰς</em></strong></span> <span class='ocrx_word' id='word_1_176' title='bbox 1337 1559 1507 1611; x_wconf 76' lang='grc' dir='ltr'><strong><em>θέμενος</em></strong></span> <span class='ocrx_word' id='word_1_177' title='bbox 1530 1557 1632 1599; x_wconf 69' lang='grc' dir='ltr'><strong><em>εὗθῦ</em></strong></span> <span class='ocrx_word' id='word_1_178' title='bbox 1646 1561 1726 1599; x_wconf 81' lang='grc' dir='ltr'><strong>τῶν</strong></span> 
     </span>
     <span class='ocr_line' id='line_1_21' title="bbox 261 1622 1780 1685; baseline -0.002 -16"><span class='ocrx_word' id='word_1_179' title='bbox 261 1627 477 1684; x_wconf 76' lang='grc' dir='ltr'><strong><em>εἰρημένων</em></strong></span> <span class='ocrx_word' id='word_1_180' title='bbox 495 1622 564 1683; x_wconf 72' lang='grc' dir='ltr'><strong><em>ἦγε</em></strong></span> <span class='ocrx_word' id='word_1_181' title='bbox 588 1630 806 1685; x_wconf 78' lang='grc' dir='ltr'><strong><em>φρουρίων.</em></strong></span> <span class='ocrx_word' id='word_1_182' title='bbox 874 1627 975 1669; x_wconf 62' lang='grc' dir='ltr'><strong><em>ἔνθα</em></strong></span> <span class='ocrx_word' id='word_1_183' title='bbox 997 1627 1139 1681; x_wconf 76' lang='grc' dir='ltr'><strong><em>ξυνέβη</em></strong></span> <span class='ocrx_word' id='word_1_184' title='bbox 1162 1624 1355 1679; x_wconf 81' lang='grc' dir='ltr'><strong><em>πνεύματι</em></strong></span> <span class='ocrx_word' id='word_1_185' title='bbox 1378 1629 1487 1682; x_wconf 75' lang='grc' dir='ltr'><strong><em>ξηρῷ</em></strong></span> <span class='ocrx_word' id='word_1_186' title='bbox 1500 1629 1571 1679; x_wconf 76' lang='grc' dir='ltr'><strong>τῆς</strong></span> <span class='ocrx_word' id='word_1_187' title='bbox 1583 1627 1725 1679; x_wconf 85' lang='grc' dir='ltr'><strong><em>λίμνης</em></strong></span> <span class='ocrx_word' id='word_1_188' title='bbox 1733 1638 1780 1673; x_wconf 72' lang='lat'><strong>20</strong></span> 
     </span>
    </p>

    <p class='ocr_par' dir='ltr' id='par_1_5' title="bbox 145 1694 1771 1887">
     <span class='ocr_line' id='line_1_22' title="bbox 145 1694 1771 1752; baseline 0.002 -21"><span class='ocrx_word' id='word_1_189' title='bbox 145 1697 178 1731; x_wconf 88' lang='lat' dir='ltr'>V</span> <span class='ocrx_word' id='word_1_190' title='bbox 205 1698 248 1740; x_wconf 86' lang='lat'><strong>10</strong></span> <span class='ocrx_word' id='word_1_191' title='bbox 269 1696 584 1752; x_wconf 70' lang='grc' dir='ltr'><strong><em>ἐκταραχθείσης</em></strong></span> <span class='ocrx_word' id='word_1_192' title='bbox 619 1696 792 1746; x_wconf 80' lang='grc' dir='ltr'><strong><em>πολλοὺς</em></strong></span> <span class='ocrx_word' id='word_1_193' title='bbox 825 1700 905 1738; x_wconf 81' lang='grc' dir='ltr'><strong>τῶν</strong></span> <span class='ocrx_word' id='word_1_194' title='bbox 923 1694 1132 1748; x_wconf 88' lang='grc' dir='ltr'><strong><em>Ῥωμαίων</em></strong></span> <span class='ocrx_word' id='word_1_195' title='bbox 1166 1694 1413 1736; x_wconf 77' lang='grc' dir='ltr'><strong><em>ἀπολωλέναι</em></strong></span> <span class='ocrx_word' id='word_1_196' title='bbox 1447 1698 1725 1749; x_wconf 76' lang='grc' dir='ltr'><strong><em>στρατιωτῶν·</em></strong></span> <span class='ocrx_word' id='word_1_197' title='bbox 1765 1715 1771 1718; x_wconf 95' lang='grc'>-</span> 
     </span>
     <span class='ocr_line' id='line_1_23' title="bbox 259 1758 1726 1821; baseline -0.001 -17"><span class='ocrx_word' id='word_1_198' title='bbox 259 1761 376 1818; x_wconf 82' lang='grc' dir='ltr'><strong><em>μόγις</em></strong></span> <span class='ocrx_word' id='word_1_199' title='bbox 402 1763 443 1805; x_wconf 70' lang='grc' dir='ltr'><strong>δ’</strong></span> <span class='ocrx_word' id='word_1_200' title='bbox 473 1762 583 1817; x_wconf 81' lang='grc' dir='ltr'><strong><em>ὅμως</em></strong></span> <span class='ocrx_word' id='word_1_201' title='bbox 607 1766 673 1806; x_wconf 84' lang='grc' dir='ltr'><strong>καὶ</strong></span> <span class='ocrx_word' id='word_1_202' title='bbox 709 1764 779 1814; x_wconf 74' lang='grc' dir='ltr'><strong>ξὺν</strong></span> <span class='ocrx_word' id='word_1_203' title='bbox 810 1765 883 1821; x_wconf 66' lang='grc' dir='ltr'><strong><em>βία</em></strong></span> <span class='ocrx_word' id='word_1_204' title='bbox 909 1766 1038 1818; x_wconf 83' lang='grc' dir='ltr'><strong><em>πολλῇ</em></strong></span> <span class='ocrx_word' id='word_1_205' title='bbox 1071 1763 1139 1803; x_wconf 86' lang='grc' dir='ltr'><strong>καὶ</strong></span> <span class='ocrx_word' id='word_1_206' title='bbox 1174 1765 1303 1803; x_wconf 78' lang='grc' dir='ltr'><strong><em>ταῦτα</em></strong></span> <span class='ocrx_word' id='word_1_207' title='bbox 1339 1758 1454 1802; x_wconf 76' lang='grc' dir='ltr'><strong><em>εἶλεν.</em></strong></span> <span class='ocrx_word' id='word_1_208' title='bbox 1523 1758 1657 1814; x_wconf 70' lang='grc' dir='ltr'><strong><em>ἐπειδή</em></strong></span> <span class='ocrx_word' id='word_1_209' title='bbox 1684 1776 1726 1802; x_wconf 77' lang='grc' dir='ltr'><strong>τε</strong></span> 
     </span>
     <span class='ocr_line' id='line_1_24' title="bbox 256 1826 1724 1887; baseline -0.002 -14"><span class='ocrx_word' id='word_1_210' title='bbox 256 1829 517 1886; x_wconf 71' lang='grc' dir='ltr'><strong><em>Ῥαζιιοῦνδον</em></strong></span> <span class='ocrx_word' id='word_1_211' title='bbox 541 1831 611 1874; x_wconf 83' lang='grc' dir='ltr'><strong>τὸν</strong></span> <span class='ocrx_word' id='word_1_212' title='bbox 631 1832 874 1885; x_wconf 83' lang='grc' dir='ltr'><strong><em>Ἀντιοχείας</em></strong></span> <span class='ocrx_word' id='word_1_213' title='bbox 898 1831 1089 1887; x_wconf 85' lang='grc' dir='ltr'><strong><em>πρίγκιπα</em></strong></span> <span class='ocrx_word' id='word_1_214' title='bbox 1115 1829 1352 1885; x_wconf 80' lang='grc' dir='ltr'><strong><em>νεωτερίζειν</em></strong></span> <span class='ocrx_word' id='word_1_215' title='bbox 1390 1826 1563 1870; x_wconf 74' lang='grc' dir='ltr'><strong><em>ἐπύθετο</em></strong></span> <span class='ocrx_word' id='word_1_216' title='bbox 1571 1859 1586 1879; x_wconf 83' lang='grc'>,</span> <span class='ocrx_word' id='word_1_217' title='bbox 1622 1828 1724 1871; x_wconf 69' lang='grc' dir='ltr'><strong><em>εὐθὺ</em></strong></span> 
     </span>
    </p>
   </div>
   <div class='ocr_carea' id='block_1_3' title="bbox 351 1927 1724 2073">
    <p class='ocr_par' dir='ltr' id='par_1_6' title="bbox 351 1927 1724 2073">
     <span class='ocr_line' id='line_1_25' title="bbox 351 1927 1724 1982; baseline -0.002 -10"><span class='ocrx_word' id='word_1_218' title='bbox 351 1938 386 1973; x_wconf 74' lang='lat'><strong>2.</strong></span> <span class='ocrx_word' id='word_1_219' title='bbox 409 1934 448 1971; x_wconf 77' lang='grc' dir='ltr'><strong><em>ἐκ</em></strong></span> <span class='ocrx_word' id='word_1_220' title='bbox 471 1934 609 1972; x_wconf 78' lang='grc' dir='ltr'><strong><em>τούτου</em></strong></span> <span class='ocrx_word' id='word_1_221' title='bbox 628 1957 667 1964; x_wconf 91' lang='grc'>-</span> <span class='ocrx_word' id='word_1_222' title='bbox 698 1927 898 1982; x_wconf 80' lang='grc' dir='ltr'><strong><em>ξυνέπεσε]</em></strong></span> <span class='ocrx_word' id='word_1_223' title='bbox 931 1937 1029 1971; x_wconf 86' lang='lat' dir='ltr'><strong>Haec</strong></span> <span class='ocrx_word' id='word_1_224' title='bbox 1053 1938 1214 1980; x_wconf 82' lang='lat' dir='ltr'><strong>corrupta</strong></span> <span class='ocrx_word' id='word_1_225' title='bbox 1248 1934 1419 1970; x_wconf 83' lang='lat' dir='ltr'><strong>videntur.</strong></span> <span class='ocrx_word' id='word_1_226' title='bbox 1561 1935 1615 1969; x_wconf 88' lang='lat'><strong>11.</strong></span> <span class='ocrx_word' id='word_1_227' title='bbox 1639 1932 1724 1969; x_wconf 82' lang='grc' dir='ltr'><strong><em>α’νε-</em></strong></span> 
     </span>
     <span class='ocr_line' id='line_1_26' title="bbox 351 1976 1723 2073; baseline -0.002 -55"><span class='ocrx_word' id='word_1_228' title='bbox 351 1983 528 2073; x_wconf 34' lang='lat' dir='ltr'><strong>{cdxxi-Z]</strong></span> <span class='ocrx_word' id='word_1_229' title='bbox 550 1983 649 2019; x_wconf 82' lang='lat' dir='ltr'><strong>Fort.</strong></span> <span class='ocrx_word' id='word_1_230' title='bbox 671 1979 888 2027; x_wconf 74' lang='grc' dir='ltr'><strong><em>ἀνεχούσας.</em></strong></span> <span class='ocrx_word' id='word_1_231' title='bbox 948 2005 960 2009; x_wconf 64' lang='lat'><em>-</em></span> <span class='ocrx_word' id='word_1_232' title='bbox 1022 1982 1107 2016; x_wconf 75' lang='lat' dir='ltr'><strong>ibid.</strong></span> <span class='ocrx_word' id='word_1_233' title='bbox 1131 1979 1437 2028; x_wconf 81' lang='grc' dir='ltr'><strong><em>οἷνῳκοδόμηται]</em></strong></span> <span class='ocrx_word' id='word_1_234' title='bbox 1461 1979 1550 2016; x_wconf 85' lang='lat' dir='ltr'><strong>cod.</strong></span> <span class='ocrx_word' id='word_1_235' title='bbox 1576 1976 1723 2016; x_wconf 76' lang='grc' dir='ltr'><strong><em>ἄνοικο-</em></strong></span> 
     </span>
    </p>
   </div>
   <div class='ocr_carea' id='block_1_4' title="bbox 264 2116 1780 2890">
    <p class='ocr_par' dir='ltr' id='par_1_7' title="bbox 264 2116 1780 2890">
     <span class='ocr_line' id='line_1_27' title="bbox 287 2116 1722 2164; baseline -0.001 -12"><span class='ocrx_word' id='word_1_236' title='bbox 287 2117 494 2153; x_wconf 84' lang='lat' dir='ltr'><strong>rofiteretur.</strong></span> <span class='ocrx_word' id='word_1_237' title='bbox 538 2117 588 2152; x_wconf 85' lang='lat' dir='ltr'><strong>ita</strong></span> <span class='ocrx_word' id='word_1_238' title='bbox 611 2129 677 2152; x_wconf 90' lang='lat' dir='ltr'><strong>non</strong></span> <span class='ocrx_word' id='word_1_239' title='bbox 700 2129 834 2164; x_wconf 77' lang='lat' dir='ltr'>semper</span> <span class='ocrx_word' id='word_1_240' title='bbox 854 2118 965 2154; x_wconf 82' lang='lat' dir='ltr'><strong>virtus</strong></span> <span class='ocrx_word' id='word_1_241' title='bbox 979 2117 1148 2154; x_wconf 84' lang='lat' dir='ltr'><strong>aetatibus</strong></span> <span class='ocrx_word' id='word_1_242' title='bbox 1164 2116 1456 2152; x_wconf 76' lang='lat' dir='ltr'><strong>circumscribitur.</strong></span> <span class='ocrx_word' id='word_1_243' title='bbox 1502 2127 1547 2152; x_wconf 87' lang='lat' dir='ltr'><strong>ex</strong></span> <span class='ocrx_word' id='word_1_244' title='bbox 1561 2127 1602 2151; x_wconf 81' lang='lat' dir='ltr'><strong>eo</strong></span> <span class='ocrx_word' id='word_1_245' title='bbox 1620 2127 1722 2162; x_wconf 79' lang='lat' dir='ltr'><strong>prae-</strong></span> 
     </span>
     <span class='ocr_line' id='line_1_28' title="bbox 290 2163 1780 2209; baseline 0.002 -11"><span class='ocrx_word' id='word_1_246' title='bbox 290 2176 327 2209; x_wconf 89' lang='lat' dir='ltr'><strong>o,</strong></span> <span class='ocrx_word' id='word_1_247' title='bbox 351 2163 430 2198; x_wconf 86' lang='lat' dir='ltr'><strong>nihil</strong></span> <span class='ocrx_word' id='word_1_248' title='bbox 445 2164 519 2197; x_wconf 87' lang='lat' dir='ltr'><strong>fere</strong></span> <span class='ocrx_word' id='word_1_249' title='bbox 533 2163 695 2208; x_wconf 87' lang='lat' dir='ltr'><strong>equitatui</strong></span> <span class='ocrx_word' id='word_1_250' title='bbox 712 2165 861 2198; x_wconf 84' lang='lat' dir='ltr'><strong>Romano</strong></span> <span class='ocrx_word' id='word_1_251' title='bbox 886 2164 1017 2201; x_wconf 86' lang='lat' dir='ltr'><strong>accidit.</strong></span> <span class='ocrx_word' id='word_1_252' title='bbox 1055 2204 1057 2206; x_wconf 49' lang='grc'><strong>,</strong></span> <span class='ocrx_word' id='word_1_253' title='bbox 1778 2203 1780 2206; x_wconf 59' lang='grc'>,</span> 
     </span>
     <span class='ocr_line' id='line_1_29' title="bbox 357 2206 1723 2255; baseline -0.001 -11"><span class='ocrx_word' id='word_1_254' title='bbox 357 2211 411 2244; x_wconf 90' lang='grc'><strong>10.</strong></span> <span class='ocrx_word' id='word_1_255' title='bbox 457 2208 523 2242; x_wconf 87' lang='lat' dir='ltr'><strong>His</strong></span> <span class='ocrx_word' id='word_1_256' title='bbox 539 2209 584 2243; x_wconf 83' lang='lat' dir='ltr'><strong>ad</strong></span> <span class='ocrx_word' id='word_1_257' title='bbox 599 2209 869 2244; x_wconf 79' lang='lat' dir='ltr'><strong>Neocaesaream</strong></span> <span class='ocrx_word' id='word_1_258' title='bbox 891 2210 1016 2254; x_wconf 79' lang='lat' dir='ltr'><strong>gestis,</strong></span> <span class='ocrx_word' id='word_1_259' title='bbox 1039 2209 1241 2255; x_wconf 87' lang='lat' dir='ltr'><strong>imperator,</strong></span> <span class='ocrx_word' id='word_1_260' title='bbox 1264 2218 1339 2242; x_wconf 89' lang='lat' dir='ltr'><strong>cum</strong></span> <span class='ocrx_word' id='word_1_261' title='bbox 1357 2206 1550 2252; x_wconf 84' lang='lat' dir='ltr'><strong>Sozopolim</strong></span> <span class='ocrx_word' id='word_1_262' title='bbox 1571 2218 1592 2240; x_wconf 89' lang='lat' dir='ltr'><strong>a</strong></span> <span class='ocrx_word' id='word_1_263' title='bbox 1606 2206 1723 2242; x_wconf 84' lang='lat' dir='ltr'><strong>Persis</strong></span> 
     </span>
     <span class='ocr_line' id='line_1_30' title="bbox 265 2252 1723 2300; baseline -0.001 -12"><span class='ocrx_word' id='word_1_264' title='bbox 265 2254 387 2288; x_wconf 75' lang='lat' dir='ltr'><strong>iterum</strong></span> <span class='ocrx_word' id='word_1_265' title='bbox 403 2254 591 2300; x_wconf 83' lang='lat' dir='ltr'><strong>oppugnari</strong></span> <span class='ocrx_word' id='word_1_266' title='bbox 616 2254 802 2299; x_wconf 80' lang='lat' dir='ltr'><strong>accepisset</strong></span> <span class='ocrx_word' id='word_1_267' title='bbox 813 2282 823 2298; x_wconf 87' lang='lat'><strong>,</strong></span> <span class='ocrx_word' id='word_1_268' title='bbox 873 2267 992 2300; x_wconf 87' lang='lat' dir='ltr'><strong>ropero</strong></span> <span class='ocrx_word' id='word_1_269' title='bbox 1008 2255 1089 2289; x_wconf 91' lang='lat' dir='ltr'><strong>illuc</strong></span> <span class='ocrx_word' id='word_1_270' title='bbox 1105 2254 1236 2299; x_wconf 82' lang='lat' dir='ltr'>agmine</span> <span class='ocrx_word' id='word_1_271' title='bbox 1250 2253 1433 2288; x_wconf 85' lang='lat' dir='ltr'><strong>contendit.</strong></span> <span class='ocrx_word' id='word_1_272' title='bbox 1481 2252 1541 2286; x_wconf 90' lang='lat' dir='ltr'><strong>sed</strong></span> <span class='ocrx_word' id='word_1_273' title='bbox 1557 2263 1631 2286; x_wconf 89' lang='lat' dir='ltr'><strong>cum</strong></span> <span class='ocrx_word' id='word_1_274' title='bbox 1646 2253 1723 2287; x_wconf 90' lang='lat' dir='ltr'><strong>nul-</strong></span> 
     </span>
     <span class='ocr_line' id='line_1_31' title="bbox 264 2297 1722 2344; baseline -0.001 -11"><span class='ocrx_word' id='word_1_275' title='bbox 264 2300 317 2334; x_wconf 84' lang='lat' dir='ltr'><strong>lus</strong></span> <span class='ocrx_word' id='word_1_276' title='bbox 343 2299 478 2335; x_wconf 80' lang='lat' dir='ltr'>adesset</span> <span class='ocrx_word' id='word_1_277' title='bbox 492 2299 597 2333; x_wconf 85' lang='lat' dir='ltr'><strong>hostis</strong></span> <span class='ocrx_word' id='word_1_278' title='bbox 614 2299 697 2344; x_wconf 85' lang='lat' dir='ltr'><strong>(iam</strong></span> <span class='ocrx_word' id='word_1_279' title='bbox 715 2299 800 2333; x_wconf 88' lang='lat' dir='ltr'><strong>enim</strong></span> <span class='ocrx_word' id='word_1_280' title='bbox 815 2310 836 2333; x_wconf 84' lang='lat' dir='ltr'><strong>a</strong></span> <span class='ocrx_word' id='word_1_281' title='bbox 862 2306 963 2334; x_wconf 88' lang='lat' dir='ltr'><strong>ventu</strong></span> <span class='ocrx_word' id='word_1_282' title='bbox 979 2301 1204 2335; x_wconf 85' lang='lat' dir='ltr'><strong>Romanorum</strong></span> <span class='ocrx_word' id='word_1_283' title='bbox 1219 2303 1378 2344; x_wconf 84' lang='lat' dir='ltr'><strong>percepto</strong></span> <span class='ocrx_word' id='word_1_284' title='bbox 1393 2297 1471 2331; x_wconf 92' lang='lat' dir='ltr'><strong>inde</strong></span> <span class='ocrx_word' id='word_1_285' title='bbox 1495 2299 1722 2343; x_wconf 81' lang='lat' dir='ltr'><strong>excesserat),</strong></span> 
     </span>
     <span class='ocr_line' id='line_1_32' title="bbox 265 2342 1722 2390; baseline 0 -11"><span class='ocrx_word' id='word_1_286' title='bbox 265 2345 380 2389; x_wconf 88' lang='lat' dir='ltr'><strong>copias</strong></span> <span class='ocrx_word' id='word_1_287' title='bbox 397 2346 437 2379; x_wconf 84' lang='lat' dir='ltr'><strong>ad</strong></span> <span class='ocrx_word' id='word_1_288' title='bbox 462 2346 645 2389; x_wconf 81' lang='lat' dir='ltr'><strong>Pasgusam</strong></span> <span class='ocrx_word' id='word_1_289' title='bbox 666 2345 821 2390; x_wconf 85' lang='lat' dir='ltr'><strong>paludem</strong></span> <span class='ocrx_word' id='word_1_290' title='bbox 843 2346 1014 2390; x_wconf 83' lang='lat' dir='ltr'><strong>traduxit,</strong></span> <span class='ocrx_word' id='word_1_291' title='bbox 1039 2347 1126 2390; x_wconf 83' lang='lat' dir='ltr'><strong>quae</strong></span> <span class='ocrx_word' id='word_1_292' title='bbox 1149 2343 1357 2389; x_wconf 76' lang='lat' dir='ltr'><strong>longitudine</strong></span> <span class='ocrx_word' id='word_1_293' title='bbox 1374 2348 1408 2376; x_wconf 91' lang='lat' dir='ltr'><strong>et</strong></span> <span class='ocrx_word' id='word_1_294' title='bbox 1423 2342 1602 2378; x_wconf 85' lang='lat' dir='ltr'><strong>latitudine</strong></span> <span class='ocrx_word' id='word_1_295' title='bbox 1619 2355 1722 2390; x_wconf 81' lang='lat' dir='ltr'><strong>supra</strong></span> 
     </span>
     <span class='ocr_line' id='line_1_33' title="bbox 264 2388 1723 2437; baseline 0 -13"><span class='ocrx_word' id='word_1_296' title='bbox 264 2402 362 2435; x_wconf 86' lang='lat' dir='ltr'><strong>quam</strong></span> <span class='ocrx_word' id='word_1_297' title='bbox 388 2391 455 2425; x_wconf 88' lang='lat' dir='ltr'><strong>dici</strong></span> <span class='ocrx_word' id='word_1_298' title='bbox 475 2396 590 2436; x_wconf 87' lang='lat' dir='ltr'><strong>potest</strong></span> <span class='ocrx_word' id='word_1_299' title='bbox 612 2390 841 2436; x_wconf 80' lang='lat' dir='ltr'><strong>protenditur,</strong></span> <span class='ocrx_word' id='word_1_300' title='bbox 864 2390 954 2424; x_wconf 87' lang='lat' dir='ltr'><strong>circa</strong></span> <span class='ocrx_word' id='word_1_301' title='bbox 975 2391 1117 2426; x_wconf 85' lang='lat' dir='ltr'><strong>medium</strong></span> <span class='ocrx_word' id='word_1_302' title='bbox 1143 2391 1280 2437; x_wconf 82' lang='lat' dir='ltr'><strong>paribus</strong></span> <span class='ocrx_word' id='word_1_303' title='bbox 1300 2390 1406 2423; x_wconf 77' lang='lat' dir='ltr'><strong>ferme</strong></span> <span class='ocrx_word' id='word_1_304' title='bbox 1426 2388 1611 2423; x_wconf 80' lang='lat' dir='ltr'><strong>intervallis</strong></span> <span class='ocrx_word' id='word_1_305' title='bbox 1640 2389 1723 2424; x_wconf 87' lang='lat' dir='ltr'><strong>emi-</strong></span> 
     </span>
     <span class='ocr_line' id='line_1_34' title="bbox 265 2434 1724 2482; baseline 0 -12"><span class='ocrx_word' id='word_1_306' title='bbox 265 2436 422 2472; x_wconf 83' lang='lat' dir='ltr'><strong>nentibus</strong></span> <span class='ocrx_word' id='word_1_307' title='bbox 438 2447 539 2481; x_wconf 81' lang='lat' dir='ltr'><strong>supra</strong></span> <span class='ocrx_word' id='word_1_308' title='bbox 554 2447 659 2481; x_wconf 84' lang='lat' dir='ltr'><strong>aquas</strong></span> <span class='ocrx_word' id='word_1_309' title='bbox 679 2435 794 2470; x_wconf 86' lang='lat' dir='ltr'><strong>insulis</strong></span> <span class='ocrx_word' id='word_1_310' title='bbox 809 2435 1019 2470; x_wconf 83' lang='lat' dir='ltr'><strong>interstincta</strong></span> <span class='ocrx_word' id='word_1_311' title='bbox 1029 2461 1039 2479; x_wconf 89' lang='lat'><strong>,</strong></span> <span class='ocrx_word' id='word_1_312' title='bbox 1071 2437 1104 2471; x_wconf 91' lang='lat' dir='ltr'><strong>in</strong></span> <span class='ocrx_word' id='word_1_313' title='bbox 1121 2437 1241 2482; x_wconf 87' lang='lat' dir='ltr'><strong>quibus</strong></span> <span class='ocrx_word' id='word_1_314' title='bbox 1257 2434 1439 2479; x_wconf 84' lang='lat' dir='ltr'><strong>antiquitus</strong></span> <span class='ocrx_word' id='word_1_315' title='bbox 1454 2439 1629 2469; x_wconf 86' lang='lat' dir='ltr'><strong>exstructa</strong></span> <span class='ocrx_word' id='word_1_316' title='bbox 1644 2439 1724 2470; x_wconf 80' lang='lat' dir='ltr'><strong>sunt</strong></span> 
     </span>
     <span class='ocr_line' id='line_1_35' title="bbox 265 2479 1722 2526; baseline 0 -12"><span class='ocrx_word' id='word_1_317' title='bbox 265 2481 376 2515; x_wconf 84' lang='lat' dir='ltr'><strong>valida</strong></span> <span class='ocrx_word' id='word_1_318' title='bbox 402 2481 548 2516; x_wconf 82' lang='lat' dir='ltr'><strong>castella.</strong></span> <span class='ocrx_word' id='word_1_319' title='bbox 595 2481 653 2526; x_wconf 86' lang='lat' dir='ltr'><strong>qui</strong></span> <span class='ocrx_word' id='word_1_320' title='bbox 679 2493 737 2516; x_wconf 80' lang='lat' dir='ltr'><strong>eas</strong></span> <span class='ocrx_word' id='word_1_321' title='bbox 762 2482 950 2515; x_wconf 85' lang='lat' dir='ltr'><strong>inhabitant</strong></span> <span class='ocrx_word' id='word_1_322' title='bbox 965 2482 1109 2516; x_wconf 89' lang='lat' dir='ltr'><strong>homines</strong></span> <span class='ocrx_word' id='word_1_323' title='bbox 1136 2481 1348 2516; x_wconf 83' lang='lat' dir='ltr'><strong>munitionum</strong></span> <span class='ocrx_word' id='word_1_324' title='bbox 1362 2479 1438 2512; x_wconf 92' lang='lat' dir='ltr'><strong>loco</strong></span> <span class='ocrx_word' id='word_1_325' title='bbox 1455 2480 1553 2524; x_wconf 81' lang='lat' dir='ltr'><strong>aquis</strong></span> <span class='ocrx_word' id='word_1_326' title='bbox 1570 2487 1722 2524; x_wconf 75' lang='lat' dir='ltr'><strong>utuntur,</strong></span> 
     </span>
     <span class='ocr_line' id='line_1_36' title="bbox 266 2524 1724 2572; baseline -0.001 -11"><span class='ocrx_word' id='word_1_327' title='bbox 266 2526 434 2572; x_wconf 78' lang='lat' dir='ltr'><strong>facileque</strong></span> <span class='ocrx_word' id='word_1_328' title='bbox 457 2527 523 2561; x_wconf 87' lang='lat' dir='ltr'><strong>illis</strong></span> <span class='ocrx_word' id='word_1_329' title='bbox 545 2527 694 2560; x_wconf 90' lang='lat' dir='ltr'><strong>Iconium</strong></span> <span class='ocrx_word' id='word_1_330' title='bbox 719 2526 933 2560; x_wconf 85' lang='lat' dir='ltr'><strong>venientibus</strong></span> <span class='ocrx_word' id='word_1_331' title='bbox 953 2527 1070 2560; x_wconf 87' lang='lat' dir='ltr'><strong>eadem</strong></span> <span class='ocrx_word' id='word_1_332' title='bbox 1095 2527 1151 2561; x_wconf 90' lang='lat' dir='ltr'><strong>die</strong></span> <span class='ocrx_word' id='word_1_333' title='bbox 1177 2527 1308 2561; x_wconf 86' lang='lat' dir='ltr'><strong>domum</strong></span> <span class='ocrx_word' id='word_1_334' title='bbox 1333 2524 1456 2558; x_wconf 86' lang='lat' dir='ltr'><strong>redire.</strong></span> <span class='ocrx_word' id='word_1_335' title='bbox 1502 2526 1566 2558; x_wconf 88' lang='lat' dir='ltr'><strong>hac</strong></span> <span class='ocrx_word' id='word_1_336' title='bbox 1580 2526 1724 2559; x_wconf 78' lang='lat' dir='ltr'><strong>maxime</strong></span> 
     </span>
     <span class='ocr_line' id='line_1_37' title="bbox 265 2571 1722 2617; baseline -0.002 -11"><span class='ocrx_word' id='word_1_337' title='bbox 265 2572 311 2606; x_wconf 89' lang='lat' dir='ltr'><strong>de</strong></span> <span class='ocrx_word' id='word_1_338' title='bbox 334 2583 435 2606; x_wconf 86' lang='lat' dir='ltr'><strong>causa</strong></span> <span class='ocrx_word' id='word_1_339' title='bbox 458 2572 679 2607; x_wconf 85' lang='lat' dir='ltr'><strong>necessarium</strong></span> <span class='ocrx_word' id='word_1_340' title='bbox 701 2572 797 2607; x_wconf 80' lang='lat' dir='ltr'><strong>duxit</strong></span> <span class='ocrx_word' id='word_1_341' title='bbox 809 2572 992 2617; x_wconf 80' lang='lat' dir='ltr'><strong>imperator</strong></span> <span class='ocrx_word' id='word_1_342' title='bbox 1016 2572 1172 2617; x_wconf 82' lang='lat' dir='ltr'><strong>paludem</strong></span> <span class='ocrx_word' id='word_1_343' title='bbox 1187 2581 1401 2616; x_wconf 69' lang='lat' dir='ltr'><strong>expugnare:</strong></span> <span class='ocrx_word' id='word_1_344' title='bbox 1425 2581 1525 2614; x_wconf 83' lang='lat' dir='ltr'><strong>quam</strong></span> <span class='ocrx_word' id='word_1_345' title='bbox 1542 2581 1616 2604; x_wconf 88' lang='lat' dir='ltr'><strong>cum</strong></span> <span class='ocrx_word' id='word_1_346' title='bbox 1630 2571 1722 2604; x_wconf 86' lang='lat' dir='ltr'><strong>ultro</strong></span> 
     </span>
     <span class='ocr_line' id='line_1_38' title="bbox 267 2616 1722 2663; baseline -0.001 -12"><span class='ocrx_word' id='word_1_347' title='bbox 267 2628 334 2651; x_wconf 93' lang='lat' dir='ltr'><strong>non</strong></span> <span class='ocrx_word' id='word_1_348' title='bbox 360 2618 524 2652; x_wconf 86' lang='lat' dir='ltr'><strong>dederent</strong></span> <span class='ocrx_word' id='word_1_349' title='bbox 549 2617 708 2662; x_wconf 85' lang='lat' dir='ltr'><strong>Romani,</strong></span> <span class='ocrx_word' id='word_1_350' title='bbox 732 2623 770 2652; x_wconf 92' lang='lat' dir='ltr'><strong>ut</strong></span> <span class='ocrx_word' id='word_1_351' title='bbox 792 2617 850 2663; x_wconf 88' lang='lat' dir='ltr'><strong>qui</strong></span> <span class='ocrx_word' id='word_1_352' title='bbox 870 2617 936 2652; x_wconf 86' lang='lat' dir='ltr'><strong>iam</strong></span> <span class='ocrx_word' id='word_1_353' title='bbox 959 2617 1036 2651; x_wconf 87' lang='lat' dir='ltr'><strong>olim</strong></span> <span class='ocrx_word' id='word_1_354' title='bbox 1051 2618 1165 2651; x_wconf 85' lang='lat' dir='ltr'><strong>Persis</strong></span> <span class='ocrx_word' id='word_1_355' title='bbox 1191 2616 1344 2663; x_wconf 85' lang='lat' dir='ltr'><strong>permixti</strong></span> <span class='ocrx_word' id='word_1_356' title='bbox 1359 2627 1473 2650; x_wconf 88' lang='lat' dir='ltr'><strong>eorum</strong></span> <span class='ocrx_word' id='word_1_357' title='bbox 1495 2620 1533 2649; x_wconf 87' lang='lat' dir='ltr'><strong>ut</strong></span> <span class='ocrx_word' id='word_1_358' title='bbox 1547 2616 1722 2661; x_wconf 86' lang='lat' dir='ltr'><strong>plurimum</strong></span> 
     </span>
     <span class='ocr_line' id='line_1_39' title="bbox 267 2661 1721 2709; baseline -0.001 -13"><span class='ocrx_word' id='word_1_359' title='bbox 267 2674 376 2697; x_wconf 84' lang='lat' dir='ltr'><strong>mores</strong></span> <span class='ocrx_word' id='word_1_360' title='bbox 398 2663 585 2709; x_wconf 81' lang='lat' dir='ltr'><strong>amplexati</strong></span> <span class='ocrx_word' id='word_1_361' title='bbox 602 2669 716 2705; x_wconf 80' lang='lat' dir='ltr'><strong>erant,</strong></span> <span class='ocrx_word' id='word_1_362' title='bbox 740 2663 774 2697; x_wconf 91' lang='lat' dir='ltr'><strong>id</strong></span> <span class='ocrx_word' id='word_1_363' title='bbox 798 2663 931 2701; x_wconf 85' lang='lat' dir='ltr'><strong>tandem</strong></span> <span class='ocrx_word' id='word_1_364' title='bbox 947 2663 1163 2706; x_wconf 82' lang='lat' dir='ltr'><strong>excogitavit.</strong></span> <span class='ocrx_word' id='word_1_365' title='bbox 1211 2661 1328 2696; x_wconf 81' lang='lat' dir='ltr'><strong>lembis</strong></span> <span class='ocrx_word' id='word_1_366' title='bbox 1354 2666 1389 2694; x_wconf 85' lang='lat' dir='ltr'><strong>et</strong></span> <span class='ocrx_word' id='word_1_367' title='bbox 1412 2661 1571 2695; x_wconf 77' lang='lat' dir='ltr'><strong>actuariis</strong></span> <span class='ocrx_word' id='word_1_368' title='bbox 1595 2661 1721 2695; x_wconf 82' lang='lat' dir='ltr'><strong>coactis</strong></span> 
     </span>
     <span class='ocr_line' id='line_1_40' title="bbox 266 2706 1722 2755; baseline 0 -14"><span class='ocrx_word' id='word_1_369' title='bbox 266 2708 511 2753; x_wconf 82' lang='lat' dir='ltr'><strong>compluribus,</strong></span> <span class='ocrx_word' id='word_1_370' title='bbox 533 2708 641 2753; x_wconf 79' lang='lat' dir='ltr'><strong>iisque</strong></span> <span class='ocrx_word' id='word_1_371' title='bbox 663 2708 761 2753; x_wconf 76' lang='lat' dir='ltr'><strong>lignis</strong></span> <span class='ocrx_word' id='word_1_372' title='bbox 787 2708 929 2755; x_wconf 87' lang='lat' dir='ltr'><strong>desuper</strong></span> <span class='ocrx_word' id='word_1_373' title='bbox 950 2708 1091 2743; x_wconf 90' lang='lat' dir='ltr'><strong>invicem</strong></span> <span class='ocrx_word' id='word_1_374' title='bbox 1116 2708 1293 2750; x_wconf 82' lang='lat' dir='ltr'><strong>connexis,</strong></span> <span class='ocrx_word' id='word_1_375' title='bbox 1324 2706 1494 2741; x_wconf 74' lang='lat' dir='ltr'><strong>machinas</strong></span> <span class='ocrx_word' id='word_1_376' title='bbox 1516 2707 1656 2752; x_wconf 85' lang='lat' dir='ltr'><strong>imponit</strong></span> <span class='ocrx_word' id='word_1_377' title='bbox 1681 2718 1722 2741; x_wconf 84' lang='lat' dir='ltr'><strong>ac</strong></span> 
     </span>
     <span class='ocr_line' id='line_1_41' title="bbox 266 2751 1722 2807; baseline -0.001 -20"><span class='ocrx_word' id='word_1_378' title='bbox 266 2759 363 2788; x_wconf 82' lang='lat' dir='ltr'><strong>recta</strong></span> <span class='ocrx_word' id='word_1_379' title='bbox 386 2754 430 2788; x_wconf 76' lang='lat' dir='ltr'><strong>ad</strong></span> <span class='ocrx_word' id='word_1_380' title='bbox 454 2753 592 2788; x_wconf 84' lang='lat' dir='ltr'><strong>castella</strong></span> <span class='ocrx_word' id='word_1_381' title='bbox 614 2753 837 2799; x_wconf 85' lang='lat' dir='ltr'><strong>progreditur.</strong></span> <span class='ocrx_word' id='word_1_382' title='bbox 883 2754 1012 2799; x_wconf 80' lang='lat' dir='ltr'><strong>agitata</strong></span> <span class='ocrx_word' id='word_1_383' title='bbox 1034 2758 1103 2788; x_wconf 85' lang='lat' dir='ltr'><strong>tum</strong></span> <span class='ocrx_word' id='word_1_384' title='bbox 1128 2753 1238 2787; x_wconf 80' lang='lat' dir='ltr'><strong>ventis</strong></span> <span class='ocrx_word' id='word_1_385' title='bbox 1261 2751 1563 2787; x_wconf 82' lang='lat' dir='ltr'><strong>vehementioribus</strong></span> <span class='ocrx_word' id='word_1_386' title='bbox 1587 2753 1722 2807; x_wconf 86' lang='lat' dir='ltr'><strong>palude,</strong></span> 
     </span>
     <span class='ocr_line' id='line_1_42' title="bbox 267 2797 1720 2844; baseline -0.001 -11"><span class='ocrx_word' id='word_1_387' title='bbox 267 2810 334 2832; x_wconf 85' lang='lat' dir='ltr'><strong>non</strong></span> <span class='ocrx_word' id='word_1_388' title='bbox 350 2798 450 2844; x_wconf 84' lang='lat' dir='ltr'><strong>pauci</strong></span> <span class='ocrx_word' id='word_1_389' title='bbox 463 2799 621 2833; x_wconf 88' lang='lat' dir='ltr'><strong>interiere</strong></span> <span class='ocrx_word' id='word_1_390' title='bbox 638 2799 793 2833; x_wconf 84' lang='lat' dir='ltr'><strong>Romanis</strong></span> <span class='ocrx_word' id='word_1_391' title='bbox 811 2811 855 2833; x_wconf 84' lang='lat' dir='ltr'><strong>ex</strong></span> <span class='ocrx_word' id='word_1_392' title='bbox 878 2799 1036 2834; x_wconf 85' lang='lat' dir='ltr'><strong>militibus</strong></span> <span class='ocrx_word' id='word_1_393' title='bbox 1052 2812 1060 2832; x_wconf 75' lang='grc' dir='ltr'><strong>ι</strong></span> <span class='ocrx_word' id='word_1_394' title='bbox 1083 2799 1236 2835; x_wconf 84' lang='lat' dir='ltr'><strong>tandem.</strong></span> <span class='ocrx_word' id='word_1_395' title='bbox 1260 2809 1322 2831; x_wconf 89' lang='lat' dir='ltr'><strong>nec</strong></span> <span class='ocrx_word' id='word_1_396' title='bbox 1340 2797 1412 2830; x_wconf 87' lang='lat' dir='ltr'><strong>sine</strong></span> <span class='ocrx_word' id='word_1_397' title='bbox 1428 2797 1544 2831; x_wconf 89' lang='lat' dir='ltr'><strong>labore</strong></span> <span class='ocrx_word' id='word_1_398' title='bbox 1559 2823 1567 2838; x_wconf 83' lang='lat'><strong><em>‚</em></strong></span> <span class='ocrx_word' id='word_1_399' title='bbox 1589 2798 1631 2832; x_wconf 69' lang='lat' dir='ltr'><strong>ais</strong></span> <span class='ocrx_word' id='word_1_400' title='bbox 1656 2809 1720 2843; x_wconf 81' lang='lat' dir='ltr'><strong>po-</strong></span> 
     </span>
     <span class='ocr_line' id='line_1_43' title="bbox 267 2843 1741 2890; baseline 0.001 -12"><span class='ocrx_word' id='word_1_401' title='bbox 267 2844 361 2882; x_wconf 82' lang='lat' dir='ltr'><strong>titur.</strong></span> <span class='ocrx_word' id='word_1_402' title='bbox 407 2855 449 2879; x_wconf 87' lang='lat' dir='ltr'><strong>ac</strong></span> <span class='ocrx_word' id='word_1_403' title='bbox 472 2855 548 2879; x_wconf 88' lang='lat' dir='ltr'><strong>cum</strong></span> <span class='ocrx_word' id='word_1_404' title='bbox 573 2844 1096 2883; x_wconf 67' lang='lat' dir='ltr'><strong>Raimundum„Antiochen01-um</strong></span> <span class='ocrx_word' id='word_1_405' title='bbox 1119 2843 1300 2890; x_wconf 82' lang='lat' dir='ltr'><strong>principem</strong></span> <span class='ocrx_word' id='word_1_406' title='bbox 1325 2843 1533 2889; x_wconf 84' lang='lat' dir='ltr'><strong>percepisset</strong></span> <span class='ocrx_word' id='word_1_407' title='bbox 1546 2854 1601 2878; x_wconf 88' lang='lat' dir='ltr'><strong>res</strong></span> <span class='ocrx_word' id='word_1_408' title='bbox 1614 2853 1720 2878; x_wconf 80' lang='lat' dir='ltr'><strong>novas</strong></span> <span class='ocrx_word' id='word_1_409' title='bbox 1738 2876 1741 2879; x_wconf 89' lang='lat'>.</span> 
     </span>
    </p>
   </div>
  </div>
 </body>
</html>
