1878 3262
246 210 310 259 98
624 238 626 240 -
673 199 979 251 NICEPHORI
1009 206 1278 251 BRYENNII

247 328 369 371 τιεῖναι
405 322 460 375 ὥς
494 319 677 379 τᾶχιστα.
748 321 769 364 ὅ
805 323 848 364 δὲ
881 321 1132 378 ἐδυσχέραινε
1162 321 1235 375 μὲν
1264 322 1331 363 καὶ
1361 320 1510 377 ἠπείλει
1537 317 1698 379 δράσειν

250 393 467 448 ἀνήκεστα,
498 393 544 434 οὗ
565 394 700 447 μέντοι
723 407 764 447 γε
789 393 855 434 καὶ
879 389 1080 445 δεδύνητο.
1150 390 1254 431 ἀλλὰ
1276 390 1347 444 τὴν
1371 392 1610 433 Λαοδικέων
1631 392 1699 433 καὶ

249 463 357 505 ἄκων
390 461 632 515 καταλαβὼν
666 462 732 502 καὶ
764 460 899 516 ὀλίγας
929 460 1190 515 ἔνὸιατρίψας
1214 456 1367 514 ἡμέρας
1392 457 1490 501 ὥστε
1517 459 1627 516 αὐτῷ
1647 458 1698 500 τὰ

201 544 234 579 1)
250 530 399 588 ἐφόδια
421 534 665 584 κομισθῆναι
690 530 731 570 ἐκ
753 533 824 583 τῆς
840 528 1094 581 Ἀντιοχέων,
1129 527 1255 584 ἀπῆρε
1278 526 1379 583 πρὸς
1401 526 1446 568 τὸ
1467 526 1699 578 Βυζάντιον.

382 598 465 642 29.
527 596 576 640 ‘O
613 598 656 639 δὲ
690 597 785 647 aaa}
807 595 1006 646 Ἰσαάκιος
1036 599 1108 637 τοῦ
1137 596 1180 637 ἐκ
1214 599 1286 637 τοῦ
1311 593 1559 652 πατριάρχου
1586 596 1732 644 δέουςό

246 668 492 722 ἀπαλλαγεὶς
527 664 659 723 διῴκει
692 666 745 707 τὰ
777 665 889 708 κοινὰ
922 667 987 706 καὶ
1018 664 1092 714 τὰς
1124 664 1405 721 ἀναφυομένας
1442 669 1530 712 ταῖς
1563 661 1700 705 πόλεσι

250 735 409 785 στάσεις
429 737 611 791 ἐπειρᾶτο
637 732 823 776 διαλύειν.
893 733 985 774 ἀλλ’
1011 733 1081 774 οὗκ
1103 727 1152 787 ἦν
1171 733 1368 788 ἠρεμῆσαι
1394 731 1463 773 τὸν
1487 734 1567 773 τῶν
1591 733 1700 787 λ’ρι-ι

249 807 422 846 στιανῶν
444 804 612 859 ἀρχαῖον
630 803 840 856 πολέμιον·
874 800 1000 857 ταύτῃ
1018 817 1079 843 τοι
1100 802 1165 842 καὶ
1188 803 1228 851 ἐξ
1251 802 1380 850 αἰτίας
1399 801 1593 854 βραχείας
1609 798 1702 848 τοὺς

248 872 498 921 στασιαστὰς
531 867 652 920 αὖθις
685 872 871 925 κεκίνηκε.
939 873 1020 912 τῶν
1048 870 1125 926 γὰρ
1156 868 1246 926 ἄρτι
1267 867 1502 925 προκόπτειν
1524 867 1701 924 ἀρξαμέ-

247 958 327 984 νων
349 941 451 989 τινες
471 940 730 989 ἕκκαυθέντες
748 938 826 980 ὑπὸ
848 942 920 980 τοῦ
947 936 1105 995 φθόνου
1130 938 1233 980 κατὰ
1255 942 1334 980 τῶν
1355 939 1395 979 ἕν
1418 938 1517 978 τέλει
1539 938 1605 978 καὶ
1629 939 1702 977 τοῦ
1714 942 1757 980 10

248 1008 394 1058 ὃουκός
415 1008 460 1049 τὸ
482 1012 640 1062 πλῆθος
659 1006 893 1057 ἔξώπλισαν.
963 1008 1030 1047 καὶ
1054 1006 1124 1047 τὸν
1145 1007 1217 1060 μὲν
1239 1006 1331 1048 εἴσω
1354 1008 1424 1060 τῆς
1451 1003 1703 1061 ἀκροπόλεως

128 1089 157 1122 Ρ
182 1088 226 1123 66
243 1078 548 1132 ’συγκλείσαντες
571 1076 644 1124 τὰς
666 1074 844 1124 εῗσόδους
864 1073 1090 1131 ἐφρούρουν
1100 1105 1114 1126 ,
1149 1074 1253 1116 κατὰ
1283 1075 1325 1116 δὲ
1354 1078 1434 1115 τῶν
1454 1070 1702 1129 ἐξορμήσαν-

244 1146 309 1194 τές
340 1161 452 1193 τινας
485 1145 557 1196 μὲν
593 1143 769 1194 ἀνεῖλον,
805 1143 843 1184 οἳ
868 1143 910 1184 δὲ
934 1145 1064 1184 λοιποὶ
1090 1143 1190 1199 πρὸς
1211 1143 1282 1197 τὴν
1307 1140 1522 1198 ἀκρόπολιν
1543 1141 1617 1190 τὰς
1641 1142 1702 1181 οῗ-

247 1215 336 1262 κιάς
370 1216 450 1254 τῶν
484 1209 688 1268 ἀρχόντων
723 1214 971 1266 πορθοῦντες
1002 1213 1069 1252 καὶ
1102 1211 1153 1252 τὰ
1183 1209 1374 1267 χρήματα
1408 1207 1701 1266 διαρπάζοντες.

244 1279 271 1323 ’ὃ
307 1281 404 1331 dod}
433 1282 564 1321 τοίνυν
595 1282 650 1329 εἷς
679 1283 881 1336 προῦπτον
914 1278 1118 1329 καταστὰς
1142 1281 1322 1320 κίνὸὐνον
1345 1278 1446 1334 πρὸς
1470 1277 1543 1327 τὰς
1567 1276 1699 1333 κύκλῳ
1713 1285 1756 1320 15

247 1348 382 1399 πόλεις
407 1349 601 1402 ἐξέπεμψε
627 1348 722 1397 τοὺς
747 1345 996 1404 στρατιώτας
1027 1345 1385 1401 μετακαλούμενος.
1454 1346 1495 1387 ἓν
1517 1346 1636 1402 ὀλίγῳ
1658 1345 1702 1387 δὲ

247 1416 490 1474 ἀποχρώσης
523 1415 796 1470 συνελθούσης
829 1414 1037 1469 δυνάμεως
1069 1413 1374 1471 κατεστρατήγει.
1409 1414 1503 1464 τοὺς
1532 1430 1702 1456 στασια-

247 1485 358 1535 στάς.
427 1488 482 1534 εἷς
500 1485 630 1526 πολλὰ
651 1484 727 1540 γὰρ
745 1484 847 1540 με’ρη
868 1483 913 1525 τὸ
935 1483 1165 1540 στράτευμα
1188 1484 1328 1526 διελὼν
1351 1484 1525 1525 ἐκέλευσε
1545 1483 1701 1524 ἀπιέναι

246 1554 351 1610 πρὸς
384 1553 437 1594 τὰ
471 1552 653 1594 στενωπὰ
687 1554 752 1593 καὶ
790 1552 884 1601 τοὺς
915 1553 1175 1602 ἀπαντῶντας
1208 1549 1521 1605 ξυλλαμβάνειν,
1557 1549 1613 1600 ὡς
1641 1549 1700 1605 μὴ

246 1620 351 1675 ὁμοῦ
382 1619 582 1676 γενόμενοι
615 1624 807 1674 βοηθοῖεν
839 1619 1038 1674 ἀλλήλοις.
1107 1615 1154 1661 οὗ
1196 1621 1404 1675 γενομένου
1442 1620 1588 1673 συνέβη
1619 1623 1754 1662 naum

196 1699 227 1733 Β
245 1690 473 1743 Ἀντιοχέων
493 1692 746 1731 στασιαστῶν
768 1685 891 1744 φόνον
916 1689 1103 1743 γενέσθαι
1132 1688 1258 1729 πολὺν
1279 1689 1345 1730 καὶ
1364 1686 1467 1729 οὕτω
1486 1685 1604 1742 μόλις
1627 1686 1700 1741 τὴν

247 1757 389 1801 στάσιν
412 1761 748 1811 κατευνασθῆναι.
784 1755 875 1813 ἄρτι
901 1757 944 1798 δὲ
967 1755 1116 1810 ταύτης
1137 1758 1476 1810 κατευνασθείσης
1498 1756 1592 1806 τούς
1608 1756 1699 1798 Ἀν-

340 1853 395 1888 12.
428 1848 523 1886 κατὰ
548 1848 588 1885 δὲ
611 1851 711 1896 τῶν]
739 1851 903 1896 Apertum
925 1854 976 1885 est
998 1849 1034 1885 in
1055 1846 1108 1885 his
1131 1854 1166 1886 et
1188 1847 1341 1897 proxime
1362 1850 1580 1897 sequentibus
1599 1850 1699 1897 plura

335 1899 473 1932 turbata
496 1909 570 1932 esse
593 1900 627 1931 et
645 1903 815 1942 corrupta.

245 1978 387 2012 cabatur
410 1975 745 2022 Constantinopolim.
791 1974 983 2019 indignatus
999 1975 1057 2010 ille
1073 1979 1127 2010 est
1140 1976 1180 2010 iis
1194 1976 1277 2010 visis
1293 1979 1328 2010 et
1343 1976 1461 2020 gravia
1476 1974 1618 2009 minatus
1633 1976 1698 2014 est.

244 2034 311 2057 non
327 2023 440 2068 potuit
455 2028 564 2057 autem
580 2033 740 2055 recusare
754 2021 832 2066 quin
854 2023 1124 2067 obtemperaret,
1155 2022 1215 2056 sed
1239 2023 1351 2055 statim
1366 2022 1422 2056 vel
1436 2021 1560 2055 invitus
1577 2021 1698 2055 ductus

244 2069 447 2102 Laodiceam
460 2096 470 2112 ,
498 2079 625 2113 paucos
642 2067 686 2101 ibi
702 2071 848 2101 moratus
862 2067 933 2100 dies
946 2093 957 2109 ,
987 2068 1064 2101 dum
1080 2079 1167 2113 quae
1182 2068 1223 2102 ad
1238 2068 1303 2102 iter
1320 2079 1404 2113 opus
1419 2071 1517 2102 erant
1531 2067 1562 2102 ei
1577 2067 1695 2101 Antio-

244 2114 320 2148 chia
335 2114 546 2148 deferrentur
558 2139 568 2156 ,
597 2113 799 2157 Byzantium
814 2113 1047 2158 proficiscitur.

336 2160 392 2193 29.
439 2159 518 2191 Dux
544 2170 626 2191 vero
652 2159 796 2192 Isaacius
819 2159 947 2192 solutus
970 2170 1051 2192 cura
1067 2162 1101 2192 et
1116 2163 1206 2192 metu
1222 2159 1434 2205 patriarchae
1449 2162 1541 2193 recte
1555 2155 1694 2191 admini-

244 2205 402 2240 strandae
417 2215 514 2248 quam
529 2204 709 2237 curandam
725 2209 906 2248 acceperat
926 2202 1055 2238 civitati
1070 2205 1174 2238 libero
1191 2205 1298 2239 animo
1316 2206 1460 2239 vacabat
1476 2212 1596 2248 resque
1610 2203 1695 2246 illas,

242 2262 330 2295 quae
345 2250 541 2283 seditionum
558 2260 678 2282 causae
693 2250 829 2283 urbibus
843 2250 954 2283 solent
975 2261 1050 2284 esse
1062 2276 1071 2290 ‚
1101 2261 1274 2285 removere
1301 2252 1495 2285 conabatur.
1540 2248 1601 2283 sed
1628 2259 1694 2282 non

242 2301 379 2341 poterat
394 2296 568 2339 quiescere
585 2294 847 2328 Christianorum
863 2296 1020 2339 antiquus
1036 2296 1152 2329 bostis.
1200 2304 1304 2341 quare
1327 2297 1355 2330 is
1378 2308 1419 2330 ex
1435 2295 1500 2329 levi
1517 2293 1694 2327 occasione

244 2341 423 2375 seditiosos
438 2348 551 2373 rursus
568 2340 757 2376 commovit.
803 2351 876 2373 nam
903 2348 1015 2374 eorum
1038 2341 1168 2385 quidam
1184 2343 1240 2386 qui
1256 2352 1427 2386 emergere
1445 2341 1479 2374 in
1505 2339 1693 2373 claritatem

244 2398 352 2431 nuper
369 2392 568 2431 coeperant,
583 2385 707 2418 invidia
724 2385 876 2418 succensi
897 2386 1059 2419 adversus
1076 2387 1291 2430 magistratus
1307 2393 1342 2420 et
1357 2388 1472 2420 ducem
1487 2385 1619 2430 plebem
1636 2396 1693 2418 ar-

244 2436 432 2466 maverunt.
479 2436 514 2464 et
538 2441 609 2464 cum
625 2431 710 2464 hunc
725 2431 856 2475 quidem
871 2431 960 2464 intra
974 2443 1083 2465 arcem
1099 2433 1358 2474 conclusissent,
1389 2431 1496 2464 aditus
1519 2431 1692 2465 custodie-

246 2479 347 2521 bant,
378 2478 412 2510 in
436 2477 648 2518 magistratus
669 2487 751 2510 vero
775 2476 923 2520 reliquos
945 2476 1071 2521 impetu
1091 2478 1181 2511 facto
1206 2478 1380 2511 nonnullos
1396 2477 1609 2511 occiderunt:
1639 2477 1691 2510 in-

243 2523 339 2556 terim
367 2523 443 2556 dum
470 2522 535 2556 alia
559 2521 791 2555 seditiosorum
807 2532 924 2555 manus
939 2522 1128 2566 diripiendis
1143 2523 1293 2556 domibus
1309 2522 1487 2567 principum
1503 2533 1590 2567 quae
1604 2521 1691 2556 vici-

244 2579 307 2601 nae
323 2569 391 2601 arci
406 2572 502 2601 erant
516 2567 731 2612 pecuniisque
746 2567 990 2612 depraedandis
1015 2568 1256 2608 attendebant,
1286 2568 1354 2601 dux
1367 2567 1400 2600 in
1418 2568 1590 2602 manifesto
1608 2579 1691 2601 con-

243 2613 380 2647 stitutus
394 2614 542 2657 periculo
558 2613 646 2646 misit
660 2613 702 2646 ad
715 2612 966 2657 circumpositas
981 2613 1135 2647 civitates
1160 2613 1280 2647 auxilia
1305 2624 1480 2647 accersens
1491 2639 1500 2657 ,
1531 2625 1572 2648 ac
1591 2613 1690 2648 brevi

243 2669 310 2692 non
326 2658 454 2691 modica
468 2669 565 2692 manu
578 2662 786 2702 congregata
800 2659 940 2703 sapienti
955 2659 1085 2693 ratione
1097 2659 1217 2693 beilum
1229 2659 1263 2692 in
1279 2658 1452 2692 seditiosos
1467 2659 1689 2694 administrat.

240 2704 275 2737 in
299 2703 420 2736 multas
447 2703 532 2736 enim
558 2709 673 2748 partes
697 2703 849 2738 exercitu
873 2704 978 2738 diviso
996 2704 1151 2749 dispertit
1165 2705 1278 2750 copias
1295 2715 1357 2748 per
1371 2705 1567 2749 angiportus
1581 2705 1691 2740 iussas

243 2749 362 2783 obvios
386 2748 575 2792 corripere,
606 2760 648 2782 ne
669 2749 719 2783 ini
741 2750 839 2783 simul
852 2749 953 2783 iuncti
967 2761 1063 2794 opem
1078 2750 1218 2783 invicem
1233 2751 1372 2786 ferrent.
1417 2762 1484 2795 quo
1499 2752 1590 2785 sacto
1607 2761 1690 2784 con-

240 2793 319 2838 tigit
342 2793 609 2829 Antiochensium
634 2794 863 2829 seditiosorum
889 2794 1027 2828 caedem
1050 2806 1200 2840 magnam
1222 2795 1318 2836 fieri,
1348 2807 1389 2829 ac
1416 2797 1464 2830 sic
1489 2807 1688 2841 quamquam

240 2851 344 2886 aegre
365 2839 540 2882 tumultum
561 2838 685 2875 sedari.
730 2851 772 2875 eo
788 2843 967 2885 utcumque
980 2846 1102 2885 pacato
1117 2840 1234 2875 sedulo
1250 2841 1344 2876 dedit
1357 2853 1513 2888 operam,
1541 2846 1589 2876 ut*
1602 2841 1687 2877 civi-
