1878 3262
270 207 368 253 290
753 200 976 244 IOANNIS
1011 200 1241 244 CINNAMI

219 326 250 362 C
274 316 432 362 οὑτωσί.
494 313 567 356 “εἶ’
580 330 643 357 σοι
664 315 846 357 δέδοκται
868 319 952 364 τοῖς
975 312 1112 363 ἄλλοις
1133 318 1213 356 τῶν
1233 311 1449 371 ὁμοφύλων
1469 310 1724 357 ἓπισυστάντι

270 385 427 428 ἄνωθέν
448 387 575 425 ποθεν
598 384 701 425 κατὰ
716 381 924 436 Ῥιιιμαίων
945 383 1168 438 ἐκδραμεῖν,
1200 385 1370 439 θαρσῶν
1394 401 1436 438 γε
1459 383 1593 425 ἄπιθι.
1641 381 1724 439 φύ-

270 459 375 496 λακα
403 451 480 508 γὰρ
515 455 565 507 τῇ
598 455 769 493 σεαυτοῦ
798 450 866 493 τόν
881 449 1090 504 Ῥωμαίων
1121 449 1344 505 ἐπιστήσεις
1372 451 1543 508 στρατὸν
1563 449 1724 508 ἡμερῶν

271 521 318 564 οὐ
358 521 634 563 πεντεκαίδεκα
674 520 738 562 ἐπ’
777 519 902 574 αὐτὴν
940 517 1222 576 ἀφιξόμενον.”
1304 516 1454 573 ταύτην
1491 517 1512 561 ὃ
1550 519 1725 562 σουλτάν

272 588 484 643 δεξάμενος
521 588 594 643 τὴν
627 588 836 642 ἐπιστολὴν
871 586 1167 642 ἒξεὸειματώθη
1199 604 1239 628 τε
1266 586 1338 640 τὴν
1368 586 1507 642 ψυχὴν
1541 590 1609 629 καὶ
1643 592 1757 630 τῶν5

269 658 551 712 μελετωμέιίυν
584 655 857 710 ἀποσχόμενος
893 658 1072 712 εἰρηναῖα
1110 659 1183 698 τοῦ
1207 659 1350 696 λοιποῦ
1376 656 1590 705 διελέξατο.
1657 657 1726 713 καὶ

270 727 322 769 τὰ
346 730 417 780 τῆς
434 726 648 779 ἐπιβουλῆς
672 724 782 766 οὔπω
807 724 938 766 τέλεον
962 724 1237 781 κρατυνθέντα
1259 722 1431 765 διελύετο
1467 717 1590 772 αὖθις
1602 754 1615 774 ,
1656 723 1726 765 ἅτε

269 796 457 850 μεγίστου
482 794 629 848 μέρους
663 794 703 834 ἔν
729 794 842 849 σᾳίσι
864 796 936 834 τοῦ
957 792 1130 834 σουλτὰν
1155 793 1217 833 ε’πὶ
1242 792 1413 844 βασιλέα
1438 791 1728 845 μεταθεμένου.

271 865 404 905 τοίνυν
438 863 504 903 καὶ
538 861 729 915 βασιλεὺς
763 862 836 914 μὲν
869 859 1102 917 ἀναιμάκτῳ
1136 861 1316 916 τροπαίῳ
1351 857 1642 913 σεμνυνάμενος
1664 860 1727 900 ἐπὶ

272 931 344 985 τὴν
367 930 671 971 Κωνσταντίνου
694 928 956 984 ἀναζευγνύει.
1025 927 1046 970 ὅ
1076 930 1118 970 δὲ
1143 929 1420 982 Παλαιστίνης
1453 927 1526 984 ῥὴξ
1558 926 1644 981 ἅμα
1669 930 1728 984 τῷ
1739 935 1782 968 10

218 1012 250 1048 D
267 999 505 1052 Ἀντιοχείας
531 999 713 1053 πρίγκιπι.
738 1002 864 1039 ταῦτα
886 995 1107 1050 πυθόμενοι
1128 995 1314 1052 θάρσους
1338 1013 1379 1037 τε
1403 994 1729 1050 ὗποπλησθέντες

272 1067 376 1109 κατὰ
410 1070 489 1107 τῶν
510 1067 757 1122 Βερροιαίων
792 1066 1019 1119 κινηθέντες
1051 1063 1274 1122 βαρβάρων
1308 1064 1439 1106 πολλὰ
1467 1063 1615 1114 αὖτοὺς
1639 1064 1729 1118 ἔζη-

271 1137 441 1190 μίωσαν.

415 1201 489 1246 13.
561 1199 680 1241 Κατὰ
719 1204 859 1242 τοῦτον
889 1200 958 1242 τὸν
987 1197 1135 1257 χρόνον
1165 1201 1232 1241 καὶ
1259 1198 1327 1241 τὸν
1349 1199 1539 1254 σιλέντιον
1563 1197 1584 1240 ὃ
1605 1203 1729 1251 βασι-

272 1270 363 1320 λεὺς
389 1269 510 1318 αὐτὸς
529 1267 765 1317 ξυνετάξατο
789 1267 931 1323 λόγον,
973 1269 1046 1321 οὐχ
1069 1267 1200 1324 ὥσπερ
1230 1267 1405 1318 εἴθιστο,
1452 1271 1524 1308 τοῦ
1546 1267 1728 1322 ἆσηκρῆ-
1740 1275 1782 1310 15

271 1356 333 1388 τις
357 1337 479 1379 αὐτὸν
501 1338 542 1376 ἐκ
563 1337 761 1389 βασιλέως
785 1338 909 1391 δῆθεν
933 1334 1292 1392 ὖπαγορεύσαντος.
1358 1330 1407 1389 ἦν
1441 1336 1484 1376 δὲ
1516 1333 1541 1390 ἡ
1570 1335 1643 1388 μὲν
1664 1334 1728 1376 ἕν-

272 1424 362 1449 νοια
383 1410 440 1463 τῷ
464 1402 567 1460 λόγῳ
590 1402 742 1457 βαθεῖά
767 1422 827 1454 τις
849 1406 916 1446 καὶ
942 1405 985 1446 ἐκ
1015 1403 1119 1446 πάνυ
1148 1405 1329 1459 γενναίας
1350 1407 1547 1459 προϊοῦσα
1569 1407 1729 1457 ψυχῆς·

271 1473 484 1529 νοημάτων
518 1489 558 1513 τε
593 1473 670 1528 γὰρ
707 1475 881 1529 ὄιαρκῶς
919 1471 995 1526 εἶχε
1035 1474 1102 1514 καὶ
1135 1469 1435 1528 ἐπιχειρήμασιν
1479 1470 1729 1524 ἓστοιβάζετο

272 1548 445 1596 συχνοῖς.
489 1539 516 1594 η’
538 1556 579 1594 γε
600 1540 681 1593 μὴν
704 1542 806 1589 λε’ξις
830 1541 998 1596 καθαρὰ
1019 1544 1174 1594 μᾶλλον
1196 1542 1263 1581 καὶ
1290 1539 1442 1594 ἀφελὴς
1461 1537 1482 1580 ὃ
1501 1537 1729 1595 χαρακτήρ,

130 1619 160 1653 Ρ
186 1619 252 1655 170
274 1613 341 1652 καὶ
363 1610 407 1652 τὸ
430 1607 523 1650 ὅλον
548 1610 667 1649 εἴπεῖν
692 1606 1003 1662 ἀσχημάτιστος,
1028 1607 1234 1665 αὐτοφυὴς
1255 1608 1298 1649 δὲ
1321 1605 1431 1660 ὅμως
1454 1608 1520 1648 καὶ
1547 1606 1617 1648 τὸν
1640 1620 1787 1662 γεν-Ξο

271 1677 423 1734 νήτορα
447 1677 623 1732 ἐναργῶς
643 1677 881 1732 ἐμφανίζων.
949 1675 1135 1731 καθάπερ
1158 1674 1234 1732 γάρ
1258 1691 1328 1729 μοι
1349 1673 1542 1724 πολλάκις
1558 1673 1729 1732 ἐρρήθη,

273 1752 458 1804 φυσικοῖς
475 1742 810 1798 πλεονεκτήμασιν
832 1744 964 1787 οὗὸενὶ
986 1742 1215 1801 ἀνθρώπων
1236 1742 1463 1797 ξυμβλητὸς
1483 1737 1546 1798 ἦν.
1614 1742 1736 1800 ἔγωγέ

367 1864 400 1898 1.
426 1857 585 1905 οὑτωσί]
610 1859 697 1895 eod.
722 1856 894 1897 οὖτωσίν.

274 1965 417 1998 alteram
439 1962 640 2007 legationem
663 1962 706 1996 ad
721 1962 810 1996 illum
824 1960 968 1996 instituit
983 1972 1056 1995 cum
1071 1961 1256 1996 huiusmodi
1271 1961 1392 1997 literis.
1438 1961 1732 2008 “quandoquidem

273 2010 336 2044 tibi
360 2014 412 2042 est
436 2009 470 2042 in
494 2008 602 2041 animo
620 2019 692 2042 cum
708 2008 830 2042 ceteris
847 2008 1088 2041 contribulibus
1105 2008 1171 2042 tuis
1187 2008 1394 2052 conspiranti
1408 2008 1633 2042 Romanorum
1649 2019 1732 2053 pro-

258 2071 261 2073 ·
275 2055 328 2088 cul
345 2059 454 2087 terras
469 2054 667 2098 devastare,
701 2065 839 2087 securus
863 2053 939 2087 abi:
971 2053 1056 2086 scias
1073 2053 1159 2086 enim
1175 2054 1315 2087 necdum
1331 2053 1448 2098 quinto
1465 2053 1592 2087 decimo
1611 2058 1731 2087 exacto

275 2099 330 2132 die
355 2099 568 2132 invadentem
588 2100 774 2132 Romanum
800 2099 1004 2140 exercitum,
1044 2099 1118 2144 ipso
1142 2102 1180 2132 te
1207 2104 1367 2143 auctore,
1400 2098 1608 2144 praesidiarii
1634 2099 1732 2143 quasi

274 2145 349 2183 iure
372 2144 505 2177 ditionis
528 2150 606 2177 tuae
633 2156 790 2178 summam
817 2144 1061 2188 arrepturum.'‘
1130 2145 1193 2178 hac
1215 2145 1367 2189 perlecta
1389 2145 1531 2189 epistola
1546 2149 1731 2178 commotus

274 2190 383 2223 animo
400 2189 562 2222 Sultanus
589 2199 608 2221 a
624 2190 727 2233 priori
743 2190 895 2223 instituto
912 2189 1044 2223 destitit
1059 2191 1094 2223 et
1109 2189 1288 2224 amicitiam
1303 2190 1337 2223 in
1352 2196 1521 2234 posterum
1537 2195 1638 2234 pacto
1655 2201 1730 2223 cum

274 2234 436 2268 Romanis
450 2234 586 2267 foedere
602 2234 754 2267 sancivit.
800 2235 847 2268 ita
871 2235 1006 2268 consilia
1030 2235 1112 2276 ista,
1144 2235 1335 2280 priusquam
1360 2235 1518 2268 effectum
1542 2246 1731 2280 conseque-

274 2285 413 2321 rentur,
443 2290 574 2313 rursum
590 2291 756 2313 evanuere
767 2304 778 2322 ‚
807 2285 927 2324 utpote
942 2281 1084 2314 Sultano
1099 2306 1109 2322 ,
1141 2281 1199 2325 qui
1226 2281 1260 2314 in
1283 2280 1331 2314 eis
1346 2280 1487 2314 maxima
1504 2291 1585 2324 pars
1601 2292 1642 2314 ac
1657 2292 1731 2315 mo-

275 2330 422 2359 mentum
437 2328 533 2368 erat,
564 2324 608 2357 ad
626 2325 794 2358 Romanos
809 2330 1013 2359 transeunte.
1062 2326 1176 2370 itaque
1202 2326 1401 2370 triumphum
1425 2329 1545 2359 nactus
1573 2326 1732 2360 incruen-

275 2376 345 2404 tum
375 2371 561 2415 imperator
583 2370 781 2412 Byzantium
812 2371 1006 2405 revertitur.
1052 2371 1264 2405 Palaestinae
1287 2376 1397 2404 autem
1422 2382 1485 2404 rex
1512 2375 1546 2405 et
1573 2372 1731 2418 princeps

274 2416 519 2456 Antiochenus,
550 2426 624 2448 cum
640 2415 723 2449 haec
738 2415 968 2460 accepissent,
998 2422 1130 2461 sumpta
1153 2416 1230 2449 inde
1252 2415 1395 2457 fiducia,
1427 2420 1545 2450 contra
1559 2417 1730 2452 Berrhoe-

277 2473 373 2495 enses
389 2471 570 2505 suscepere
585 2460 851 2504 expeditionem,
882 2461 1078 2505 magnisque
1094 2472 1152 2495 eos
1168 2461 1316 2495 cladibus
1330 2461 1488 2495 affecere.

371 2507 425 2541 13.
470 2506 547 2540 Hac
572 2506 680 2539 ferme
704 2510 905 2550 tempestate
918 2506 1083 2541 silentium
1099 2518 1159 2540 seu
1173 2506 1437 2540 dissertationem
1453 2505 1525 2550 ipse
1541 2507 1730 2552 composuit

274 2551 457 2596 imperator
470 2579 480 2595 ,
511 2562 576 2585 non
591 2556 629 2584 ut
643 2551 744 2595 vulgo
762 2551 861 2585 moris
879 2558 952 2595 est,
983 2563 1082 2596 quam
1098 2551 1254 2586 videlicet
1268 2551 1481 2596 imperatoris
1499 2553 1631 2586 nomine
1645 2565 1729 2598 pro-

275 2597 446 2630 nuntiavit
458 2596 545 2630 illius
561 2598 773 2630 secretarius.
809 2597 921 2630 inerat
935 2597 1079 2630 orationi
1095 2596 1262 2643 profunda
1276 2597 1436 2640 quaedam
1453 2602 1487 2631 et
1503 2609 1544 2631 ex
1561 2609 1727 2642 generoso

272 2653 412 2687 prorsus
426 2642 534 2675 animo
550 2643 705 2686 profecta
720 2653 873 2676 sensuum
891 2642 956 2675 vis:
988 2643 1180 2687 crebrisque
1193 2641 1366 2676 sententiis
1381 2647 1417 2676 et
1432 2642 1533 2676 variis
1548 2655 1727 2688 argumen-

273 2687 318 2720 tis
345 2687 511 2720 cumulata
539 2692 623 2721 erat.
670 2687 772 2721 dictio
796 2687 870 2733 ipsa
896 2699 997 2732 pura,
1038 2688 1147 2721 facilis
1169 2698 1210 2721 ac
1233 2687 1372 2731 simplex
1397 2687 1590 2722 character:
1621 2694 1727 2734 utque

272 2732 378 2766 verbo
394 2732 502 2766 dicam
515 2758 525 2774 ,
556 2732 655 2766 nullis
676 2733 844 2778 implicata
869 2733 1007 2776 figuris,
1038 2732 1178 2766 naturali
1199 2736 1310 2766 tamen
1334 2732 1570 2768 efflorescebat
1585 2734 1726 2778 elegan-

271 2777 342 2819 tia,
371 2782 406 2812 et
430 2788 516 2822 quae
539 2782 709 2811 auctorem
734 2778 909 2812 manifeste
936 2777 1107 2822 proderet.
1153 2789 1247 2819 nam,
1273 2782 1311 2812 ut
1335 2779 1469 2824 saepius
1494 2790 1514 2812 a
1530 2791 1583 2814 me
1597 2779 1724 2815 dictum

273 2827 342 2867 est,
373 2823 454 2859 nulli
474 2822 663 2858 mortalium
687 2828 829 2858 naturae
851 2822 987 2863 dotibus
1003 2822 1240 2869 comparandus
1255 2827 1340 2859 erat.
1388 2825 1540 2870 equidem
1554 2835 1722 2872 saepenu-
