1878 3262
378 178 437 223 IN
456 176 771 222 HISTORIAM
789 178 1015 222 IOANNIS
1036 177 1267 222 CJNNAMI
1287 178 1489 223 NOTAE.
1576 177 1672 224 383

320 303 360 342 p.
379 287 462 332 249
479 300 518 329 v.
537 292 576 331 7.
633 284 956 343 Ὀστρουμπίτζα]
987 290 1101 339 Quae
1118 287 1238 328 hodie
1262 291 1503 333 Ostrovitza.

313 370 355 408 p.
371 357 456 398 250
475 370 515 395 v.
540 360 578 399 1.
638 354 826 409 βασιλεύς
845 353 890 396 δὲ
906 351 1190 409 Ἀνδρόνικον]
1219 357 1374 396 Nicetas
1389 357 1416 398 l.
1434 357 1462 400 4
1479 371 1518 396 n.
1536 355 1564 398 4
1580 362 1620 396 et
1632 356 1673 407 5,

204 412 309 454 will.
327 413 471 464 Tyrius
491 414 517 452 l.
542 417 595 456 20
616 427 651 452 e.
672 417 712 455 2.
761 426 802 452 v.
821 418 985 450 stemma
1004 414 1191 453 Comnen.

314 493 356 522 v.
373 483 413 522 8.
442 484 518 522 τοῦ
535 477 634 536 παρ’
650 479 751 533 ἡμῖν
771 479 959 533 νομίμου]
990 480 1194 519 Mathaeus
1211 480 1430 520 Monachus
1450 482 1492 519 in
1509 481 1671 530 Quaest.

202 536 481 586 Matrimonial.
510 538 536 576 l.
555 541 581 580 8
614 538 715 576 Iuris
740 537 1045 576 Graeco-Rom.
1075 552 1114 589 p.
1141 538 1225 579 482
1258 538 1309 576 ad
1337 534 1521 589 quintum
1546 551 1672 589 usque

200 593 367 644 gradum
387 594 608 647 prohibitas
621 595 738 633 fuisse
758 594 865 646 apud
878 594 1049 631 Graecos
1071 595 1121 632 ob
1141 595 1376 633 affinitatem
1395 596 1551 647 nuptias
1571 598 1671 633 scri-

198 650 281 689 bit:
311 650 444 704 μέχρις
461 654 537 692 τοῦ
554 650 735 701 πέμπτου
762 653 930 704 βαθμοῦ
952 647 1084 703 πάντη
1113 648 1157 692 τὸ
1179 651 1221 700 ἐξ
1245 647 1470 705 ἆγγιστείας
1492 648 1671 693 κεκώλυ-

199 722 278 749 ται.
336 722 375 747 v.
394 707 579 760 Pachym.
601 708 628 747 l.
649 711 675 750 6
697 721 732 748 c.
753 712 790 750 6.

311 789 351 828 p.
376 776 456 818 251
477 789 517 814 v.
537 778 576 817 8.
634 770 686 826 ἦν
706 791 765 824 τις
779 771 1038 827 Δημήτριος]
1068 774 1112 813 Id
1135 774 1254 813 etiam
1279 775 1402 814 habet
1421 777 1577 815 Nicetas
1594 777 1621 815 l.
1641 779 1669 817 7

200 845 234 869 c.
256 831 294 873 5.
350 846 389 874 v.
408 838 611 884 praeterea
629 833 798 871 Leonem
818 832 936 870 Anat.
960 831 1008 870 de
1032 832 1136 872 Eccl.
1159 832 1294 872 Occid.
1315 839 1356 871 et
1378 834 1531 871 Orient.
1554 846 1668 886 perp.

201 901 306 941 cons.
328 889 355 930 l.
378 893 405 931 2
427 903 459 930 c.
483 893 535 931 12
552 903 591 927 11.
610 891 648 932 4.

310 969 350 1008 p.
366 958 451 1000 252
474 971 514 999 V.
535 961 573 998 2.
631 952 786 998 οὐκοῦν
815 954 1003 1009 βασιλεῦς
1033 955 1133 1008 ἔφη]
1174 957 1423 996 Gaudentius
1454 957 1668 996 Brixiensis

197 1012 402 1065 episcopus
432 1015 474 1051 in
499 1014 767 1065 Responsione
793 1013 846 1051 ad
871 1013 1036 1052 Paulum
1055 1014 1163 1052 Diae.
1194 1014 1242 1052 de
1268 1028 1313 1052 eo
1347 1014 1456 1065 quod
1482 1015 1667 1052 dominus

196 1071 303 1107 Iesus
334 1069 436 1108 dixit
467 1071 675 1122 apostolis.
716 1072 818 1122 quia
834 1078 956 1121 pater
982 1072 1116 1108 maior
1140 1086 1201 1108 me
1234 1079 1315 1109 est.-
1353 1071 1504 1123 duplex
1532 1079 1591 1109 est
1622 1072 1666 1109 in

201 1126 362 1164 Christo
383 1127 635 1177 substantia,
667 1142 753 1164 una
768 1129 959 1178 propria,
991 1128 1081 1164 alia
1097 1142 1147 1165 no
1151 1136 1258 1180 stra,
1290 1130 1375 1165 iam
1393 1143 1495 1165 saa:
1527 1127 1575 1165 id
1594 1135 1664 1178 est,

198 1196 282 1219 una
301 1182 389 1232 dei,
432 1184 519 1221 alia
536 1185 726 1223 hominis.
771 1185 898 1235 filias
927 1186 1032 1221 enim
1063 1184 1155 1234 dei,
1200 1199 1243 1222 ex
1271 1199 1351 1236 quo
1381 1199 1472 1222 eum
1499 1185 1667 1223 illibata

195 1241 310 1292 virgo
323 1243 481 1292 peperit
505 1240 552 1279 de
570 1244 723 1293 spiritu
740 1248 881 1278 sancto
901 1249 1154 1292 conceptam,
1185 1249 1308 1293 atque
1327 1242 1403 1279 Ιιοε
1420 1256 1564 1294 genere
1582 1255 1667 1280 na-

195 1295 333 1334 scendi
355 1298 518 1335 verbum
539 1312 634 1335 caro
644 1299 817 1349 factum
839 1305 896 1335 est
915 1305 951 1335 et
971 1298 1175 1335 habitavit
1191 1300 1234 1336 in
1253 1298 1381 1348 nobis,
1411 1298 1518 1336 idem
1538 1300 1667 1350 coepit

195 1367 276 1390 esse
283 1354 410 1405 filius
434 1355 633 1404 hominis,
662 1356 736 1407 qui
754 1357 798 1392 in
809 1357 1016 1406 principio
1033 1363 1120 1392 erat
1145 1355 1263 1406 apud
1272 1363 1436 1406 patrem
1442 1356 1570 1407 filius
1587 1354 1665 1404 dei,

195 1411 336 1461 utique
356 1409 456 1448 deas
483 1411 649 1449 verbam
669 1418 740 1450 etc.
798 1411 1024 1450 Ferrandus
1047 1411 1270 1463 carthagin.
1301 1412 1404 1459 Diae.
1426 1412 1587 1464 Epistol.
1611 1412 1666 1450 ad

193 1465 442 1506 Anatolium}
470 1470 511 1504 si
535 1470 628 1520 qais
650 1470 795 1506 iterum
814 1471 1019 1520 requirat,
1042 1476 1166 1519 pater
1187 1471 1322 1506 maior
1338 1483 1398 1506 me
1418 1477 1493 1518 est,
1525 1477 1666 1507 utrum

192 1537 269 1561 vox
285 1525 366 1561 ista
386 1523 608 1563 secundum
626 1524 882 1564 divinitatem
893 1526 1066 1577 prolata
1080 1527 1148 1574 sit,
1168 1540 1223 1563 an
1243 1524 1461 1563 secundam
1472 1526 1666 1563 humani-

192 1587 327 1630 tatem,
335 1579 598 1632 fiducialiter
614 1581 828 1633 respondeo
846 1582 1065 1620 secundum
1083 1582 1394 1632 humanitatem,
1425 1597 1504 1620 non
1526 1596 1668 1620 secun-

193 1635 292 1674 dam
323 1637 598 1679 divinitatem.
662 1639 817 1678 ldacius
847 1640 989 1678 Clarus·
1015 1638 1204 1682 adversus
1231 1639 1509 1679 Varimadum:
1537 1640 1666 1690 filius

121 1717 125 1721 -
192 1695 326 1731 minor
345 1702 402 1731 est
423 1703 544 1746 patre
567 1698 609 1733 in
630 1695 843 1748 adsumpti
864 1696 1043 1734 hominis
1062 1697 1208 1748 jbrma
1221 1725 1231 1745 ,
1262 1697 1449 1748 aequalis
1467 1711 1557 1734 vero
1567 1711 1663 1747 pa·-

192 1751 249 1786 tri
274 1758 331 1787 est
358 1753 402 1788 in
429 1751 596 1789 deitatis
624 1760 801 1790 naturae
830 1754 1076 1791 substantia.
1134 1752 1192 1790 ita
1210 1754 1353 1805 passim
1372 1753 1498 1791 sancti
1518 1758 1663 1803 patres.

191 1805 285 1844 vide
302 1807 506 1845 Sedulium
523 1808 550 1846 l.
573 1812 593 1850 1
613 1809 787 1847 Paschal.
807 1810 936 1861 operis
955 1823 986 1847 c.
1006 1812 1076 1851 22.
1134 1808 1211 1847 hac
1229 1810 1482 1859 responsione
1502 1809 1667 1847 Arrium·

128 1895 130 1897 ,
192 1868 233 1900 et
251 1863 356 1901 illius
378 1876 582 1914 sequaceS,
612 1865 679 1915 qui
699 1878 744 1903 eo
765 1872 998 1916 argumento
1020 1865 1210 1904 adversus
1230 1865 1444 1903 catholicos
1470 1866 1532 1903 uti
1556 1865 1662 1903 sole-

190 1919 289 1958 bant
300 1948 312 1969 ‚
340 1926 388 1958 ut
407 1926 574 1959 testatur
592 1922 772 1959 Socrates
789 1922 817 1962 1.
839 1925 858 1963 1
886 1936 920 1961 c.
940 1926 988 1974 6,
1018 1935 1171 1974 semper
1195 1922 1425 1973 iugularunt
1442 1922 1566 1959 sancti
1584 1935 1659 1974 pa-

189 1982 284 2014 tres.
341 1978 380 2015 S.
403 1977 645 2029 Augustinus
672 1978 715 2016 in
732 1977 961 2017 Euchiridio
989 1993 1021 2017 c.
1042 1980 1118 2021 35:
1151 1980 1196 2016 in
1226 1986 1429 2031 quantum
1456 1978 1556 2016 deus
1588 1986 1660 2027 est,

150 2059 154 2064 ·
190 2034 276 2084 ipse
299 2040 337 2070 et
347 2041 474 2088 pater*
488 2048 614 2072 unum
635 2042 756 2072 sant.-
786 2037 830 2073 in
848 2043 1047 2088 quantum
1072 2042 1210 2072 autem
1227 2035 1365 2085 homo,
1387 2043 1510 2087 pater
1524 2037 1658 2073 maior

189 2097 248 2127 est
267 2090 354 2131 illo.
412 2091 610 2129 Arnobius
636 2091 771 2130 Iunior
798 2092 840 2129 in
868 2092 1059 2130 conflictu
1085 2105 1175 2130 cum
1197 2093 1412 2144 Serapione
1427 2093 1454 2131 l.
1473 2097 1518 2134 2:
1547 2094 1657 2130 inea
1715 2142 1718 2144 v

177 2147 348 2197 forma,
386 2148 429 2185 in
457 2162 541 2199 qua
557 2148 685 2199 filias
704 2151 844 2199 patris
862 2157 919 2187 est
938 2151 1025 2186 sine
1040 2156 1189 2197 matre,
1228 2151 1312 2200 ipse
1332 2156 1368 2186 et
1386 2156 1507 2201 pater
1525 2163 1654 2187 unum

188 2210 307 2243 sunt:
343 2206 387 2242 in
415 2219 463 2242 ea
491 2219 588 2243 vera
603 2205 772 2256 forma,
817 2207 860 2243 in
891 2220 976 2258 qua
998 2206 1126 2257 filius
1153 2208 1301 2243 matris
1332 2213 1391 2243 est
1411 2207 1497 2244 sine
1519 2214 1652 2257 patre,

181 2267 304 2311 patre
321 2263 455 2299 minor
476 2269 545 2300 est.
602 2269 796 2299 naturam
817 2264 921 2300 enim
942 2263 1126 2300 servilem
1149 2265 1385 2315 assumpsit,
1407 2265 1451 2301 in
1471 2277 1554 2315 qua
1574 2277 1656 2301 non

187 2317 323 2354 solum
345 2317 417 2355 deo
433 2326 555 2370 patre
574 2317 707 2356 minor
729 2327 847 2368 esset,
887 2318 961 2357 sed
990 2327 1026 2357 et
1049 2327 1177 2357 matre
1203 2327 1367 2358 tantum
1392 2322 1525 2358 minor
1542 2327 1654 2369 esset,

188 2381 390 2424 quantum
409 2377 557 2413 matris
573 2377 749 2428 virginis
767 2379 980 2414 annositas
1011 2378 1237 2416 exstitisset.
1291 2376 1452 2428 vigilius
1482 2377 1654 2429 episcop.

188 2429 462 2470 Tridentinus:
492 2434 531 2470 si
557 2447 649 2484 ergo
673 2433 898 2472 secundum
912 2435 1180 2485 professionis
1197 2441 1292 2471 tuae
1309 2432 1470 2486 (Arrii)
1495 2441 1656 2471 senten-

187 2487 288 2524 tiam
332 2488 553 2540 aliquanta
583 2489 820 2540 divinitati,
870 2491 1074 2528 nonnulla
1100 2504 1190 2529 vero
1215 2490 1470 2528 humanitati
1496 2490 1653 2528 adscri-

151 2555 156 2558 ·
188 2541 317 2581 benda
337 2553 446 2594 sunt,
470 2560 544 2584 cur
563 2561 643 2584 non
667 2547 745 2584 hoc
769 2546 878 2599 quod
894 2549 968 2596 ait,
983 2555 1106 2599 pater
1122 2548 1255 2584 maior
1274 2561 1334 2584 me
1352 2554 1431 2595 est,
1459 2546 1656 2585 hamani—

187 2601 267 2635 tati
295 2607 332 2637 et
345 2601 470 2696 29αοιί
493 2605 580 2654 ait,
619 2617 690 2655 ego
724 2611 760 2641 et
782 2611 902 2656 pater
925 2618 1055 2642 unum
1078 2617 1247 2656 summi,
1285 2602 1500 2644 divinitati
1530 2618 1656 2656 repu-

186 2661 330 2693 tamus

300 2736 342 2775 P·
364 2725 447 2768 253
474 2740 515 2767 v.
534 2729 599 2770 12.
656 2724 735 2768 xilv
759 2743 796 2768 τι
822 2729 1125 2782 διερμηνεῦσαι]
1166 2728 1375 2781 Perspicax
1394 2728 1583 2768 Μεηιιὲἰίε
1610 2733 1651 2766 et

132 2819 137 2823 ,
186 2785 350 2818 acutum
374 2780 572 2833 ingenium
589 2784 852 2835 eloquentiam
877 2792 919 2825 et
935 2786 979 2825 in
1002 2786 1121 2826 rebus
1141 2785 1372 2840 theologicis
1386 2786 1649 2826 eruditionem

186 2836 436 2876 commendat
457 2840 605 2892 pariter
622 2841 792 2882 Nicetas.
