<?xml version="1.0" encoding="UTF-8"?>
<!DOCTYPE html PUBLIC "-//W3C//DTD XHTML 1.0 Transitional//EN"
    "http://www.w3.org/TR/xhtml1/DTD/xhtml1-transitional.dtd">
<html xmlns="http://www.w3.org/1999/xhtml" xml:lang="en" lang="en">
 <head>
  <title>
</title>
<meta http-equiv="Content-Type" content="text/html;charset=utf-8" />
  <meta name='ocr-system' content='tesseract 3.04.00' />
  <meta name='ocr-capabilities' content='ocr_page ocr_carea ocr_par ocr_line ocrx_word'/>
</head>
<body>
  <div class='ocr_page' id='page_1' title='image "./corpusscriptorum26niebuoft_0332.png"; bbox 0 0 1878 3262; ppageno 0'>
   <div class='ocr_carea' id='block_1_1' title="bbox 256 205 1559 271">
    <p class='ocr_par' dir='ltr' id='par_1_1' title="bbox 256 205 1559 271">
     <span class='ocr_line' id='line_1_1' title="bbox 256 205 1559 271; baseline -0.002 -14"><span class='ocrx_word' id='word_1_1' title='bbox 256 211 356 257; x_wconf 90' lang='grc'>300</span> <span class='ocrx_word' id='word_1_2' title='bbox 433 207 658 253; x_wconf 85' lang='lat' dir='ltr'><strong>IOANNIS</strong></span> <span class='ocrx_word' id='word_1_3' title='bbox 697 205 927 271; x_wconf 71' lang='lat' dir='ltr'><strong>CINNARH</strong></span> <span class='ocrx_word' id='word_1_4' title='bbox 959 207 1350 255; x_wconf 84' lang='lat' dir='ltr'><strong>HISTORIARUM</strong></span> <span class='ocrx_word' id='word_1_5' title='bbox 1383 212 1430 254; x_wconf 89' lang='lat' dir='ltr'>L.</span> <span class='ocrx_word' id='word_1_6' title='bbox 1462 210 1559 255; x_wconf 85' lang='lat' dir='ltr'>VII.</span> 
     </span>
    </p>
   </div>
   <div class='ocr_carea' id='block_1_2' title="bbox 250 318 1736 791">
    <p class='ocr_par' dir='ltr' id='par_1_2' title="bbox 250 318 1736 791">
     <span class='ocr_line' id='line_1_2' title="bbox 250 318 1704 380; baseline 0.003 -14"><span class='ocrx_word' id='word_1_7' title='bbox 250 324 413 370; x_wconf 85' lang='grc' dir='ltr'><em>Ἶκονιόυ</em></span> <span class='ocrx_word' id='word_1_8' title='bbox 442 321 665 378; x_wconf 81' lang='grc' dir='ltr'><em>πανστρατὶ</em></span> <span class='ocrx_word' id='word_1_9' title='bbox 697 318 1024 376; x_wconf 74' lang='grc' dir='ltr'><em>καταστήσεσθαι</em></span> <span class='ocrx_word' id='word_1_10' title='bbox 1059 323 1301 380; x_wconf 80' lang='grc' dir='ltr'><em>πολιορκίαν.</em></span> <span class='ocrx_word' id='word_1_11' title='bbox 1368 325 1450 368; x_wconf 77' lang='grc' dir='ltr'>ἐπεὶ</span> <span class='ocrx_word' id='word_1_12' title='bbox 1475 326 1519 368; x_wconf 76' lang='grc' dir='ltr'>δὲ</span> <span class='ocrx_word' id='word_1_13' title='bbox 1544 327 1612 368; x_wconf 87' lang='grc' dir='ltr'><em>καὶ</em></span> <span class='ocrx_word' id='word_1_14' title='bbox 1634 325 1704 370; x_wconf 78' lang='grc' dir='ltr'><em>νέα</em></span> 
     </span>
     <span class='ocr_line' id='line_1_3' title="bbox 254 388 1704 452; baseline 0.003 -19"><span class='ocrx_word' id='word_1_15' title='bbox 254 394 366 448; x_wconf 72' lang='grc' dir='ltr'><em>αὐτῷ</em></span> <span class='ocrx_word' id='word_1_16' title='bbox 386 388 631 447; x_wconf 77' lang='grc' dir='ltr'><em>προσεχώρει</em></span> <span class='ocrx_word' id='word_1_17' title='bbox 654 388 905 447; x_wconf 81' lang='grc' dir='ltr'><em>Καισάρεια,</em></span> <span class='ocrx_word' id='word_1_18' title='bbox 934 388 1184 447; x_wconf 78' lang='grc' dir='ltr'><em>Ἀνδρόνικον</em></span> <span class='ocrx_word' id='word_1_19' title='bbox 1215 391 1454 448; x_wconf 75' lang='grc' dir='ltr'><em>ἀδελφιδοῦν</em></span> <span class='ocrx_word' id='word_1_20' title='bbox 1488 395 1599 452; x_wconf 75' lang='grc' dir='ltr'><em>αὐτῷ</em></span> <span class='ocrx_word' id='word_1_21' title='bbox 1635 395 1704 437; x_wconf 84' lang='grc' dir='ltr'>τὸν</span> 
     </span>
     <span class='ocr_line' id='line_1_4' title="bbox 253 457 1699 519; baseline 0.002 -17"><span class='ocrx_word' id='word_1_22' title='bbox 253 458 466 513; x_wconf 78' lang='grc' dir='ltr'><em>Βατάτζην</em></span> <span class='ocrx_word' id='word_1_23' title='bbox 499 458 585 512; x_wconf 84' lang='grc' dir='ltr'><em>ἅμα</em></span> <span class='ocrx_word' id='word_1_24' title='bbox 619 457 888 516; x_wconf 77' lang='grc' dir='ltr'><em>στρατεύματι</em></span> <span class='ocrx_word' id='word_1_25' title='bbox 924 458 992 500; x_wconf 77' lang='grc' dir='ltr'><em>διὰ</em></span> <span class='ocrx_word' id='word_1_26' title='bbox 1025 463 1104 501; x_wconf 85' lang='grc' dir='ltr'>τῶν</span> <span class='ocrx_word' id='word_1_27' title='bbox 1126 461 1420 516; x_wconf 78' lang='grc' dir='ltr'><em>Παφλαγονίας</em></span> <span class='ocrx_word' id='word_1_28' title='bbox 1449 464 1608 519; x_wconf 83' lang='grc' dir='ltr'><em>χωρίων</em></span> <span class='ocrx_word' id='word_1_29' title='bbox 1630 464 1699 505; x_wconf 68' lang='grc' dir='ltr'>ἐπ’</span> 
     </span>
     <span class='ocr_line' id='line_1_5' title="bbox 254 526 1704 585; baseline 0.001 -15"><span class='ocrx_word' id='word_1_30' title='bbox 254 528 380 582; x_wconf 78' lang='grc' dir='ltr'><em>αὐτὴν</em></span> <span class='ocrx_word' id='word_1_31' title='bbox 403 528 501 570; x_wconf 76' lang='grc' dir='ltr'><em>ἰέναι</em></span> <span class='ocrx_word' id='word_1_32' title='bbox 523 526 712 582; x_wconf 67' lang='grc' dir='ltr'><em>ἔπεμψεν.</em></span> <span class='ocrx_word' id='word_1_33' title='bbox 779 527 892 570; x_wconf 71' lang='grc' dir='ltr'><em>οὔπω</em></span> <span class='ocrx_word' id='word_1_34' title='bbox 920 528 1052 580; x_wconf 74' lang='grc' dir='ltr'><em>μέντοι</em></span> <span class='ocrx_word' id='word_1_35' title='bbox 1079 529 1300 578; x_wconf 84' lang='grc' dir='ltr'><em>Βυζαντίου</em></span> <span class='ocrx_word' id='word_1_36' title='bbox 1334 528 1447 579; x_wconf 71' lang='grc' dir='ltr'><em>ἐξιὼν</em></span> <span class='ocrx_word' id='word_1_37' title='bbox 1471 533 1537 572; x_wconf 83' lang='grc' dir='ltr'><em>καὶ</em></span> <span class='ocrx_word' id='word_1_38' title='bbox 1560 530 1704 585; x_wconf 66' lang='grc' dir='ltr'><em>στόλον</em></span> 
     </span>
     <span class='ocr_line' id='line_1_6' title="bbox 252 593 1736 653; baseline 0.001 -13"><span class='ocrx_word' id='word_1_39' title='bbox 252 600 351 640; x_wconf 81' lang='grc' dir='ltr'><em>νεῶν</em></span> <span class='ocrx_word' id='word_1_40' title='bbox 374 594 615 651; x_wconf 82' lang='grc' dir='ltr'><em>πεντήκοντα</em></span> <span class='ocrx_word' id='word_1_41' title='bbox 636 598 703 638; x_wconf 85' lang='grc' dir='ltr'><em>καὶ</em></span> <span class='ocrx_word' id='word_1_42' title='bbox 728 593 868 638; x_wconf 76' lang='grc' dir='ltr'><em>ἕκατόν</em></span> <span class='ocrx_word' id='word_1_43' title='bbox 894 597 956 638; x_wconf 76' lang='grc' dir='ltr'>ἐπὶ</span> <span class='ocrx_word' id='word_1_44' title='bbox 978 594 1186 651; x_wconf 79' lang='grc' dir='ltr'>Αἰγύπτου</span> <span class='ocrx_word' id='word_1_45' title='bbox 1213 595 1402 648; x_wconf 66' lang='grc' dir='ltr'><em>ἔστειλεν,</em></span> <span class='ocrx_word' id='word_1_46' title='bbox 1437 594 1505 640; x_wconf 82' lang='grc' dir='ltr'>ἅτε</span> <span class='ocrx_word' id='word_1_47' title='bbox 1528 598 1577 653; x_wconf 79' lang='grc' dir='ltr'>δὴ</span> <span class='ocrx_word' id='word_1_48' title='bbox 1599 617 1698 641; x_wconf 80' lang='grc' dir='ltr'><em>παν·</em></span> <span class='ocrx_word' id='word_1_49' title='bbox 1713 611 1736 646; x_wconf 83' lang='lat'>5</span> 
     </span>
     <span class='ocr_line' id='line_1_7' title="bbox 253 661 1705 724; baseline 0.002 -16"><span class='ocrx_word' id='word_1_50' title='bbox 253 666 395 722; x_wconf 85' lang='grc' dir='ltr'><em>στρατὶ</em></span> <span class='ocrx_word' id='word_1_51' title='bbox 418 665 479 706; x_wconf 76' lang='grc' dir='ltr'>ἐπὶ</span> <span class='ocrx_word' id='word_1_52' title='bbox 499 664 568 707; x_wconf 83' lang='grc' dir='ltr'>τὸν</span> <span class='ocrx_word' id='word_1_53' title='bbox 592 664 884 717; x_wconf 75' lang='grc' dir='ltr'><em>Κλιτζιεσθλὰν</em></span> <span class='ocrx_word' id='word_1_54' title='bbox 907 662 1079 718; x_wconf 77' lang='grc' dir='ltr'><em>πόλεμον</em></span> <span class='ocrx_word' id='word_1_55' title='bbox 1101 661 1184 706; x_wconf 73' lang='grc' dir='ltr'><em>ἰών.</em></span> <span class='ocrx_word' id='word_1_56' title='bbox 1246 665 1429 708; x_wconf 69' lang='grc' dir='ltr'><em>ἐντεῦθέν</em></span> <span class='ocrx_word' id='word_1_57' title='bbox 1452 682 1494 708; x_wconf 81' lang='grc' dir='ltr'>τε</span> <span class='ocrx_word' id='word_1_58' title='bbox 1513 681 1705 724; x_wconf 81' lang='grc' dir='ltr'><em>στρατευ-</em></span> 
     </span>
     <span class='ocr_line' id='line_1_8' title="bbox 252 731 1572 791; baseline 0.001 -15"><span class='ocrx_word' id='word_1_59' title='bbox 252 731 394 788; x_wconf 78' lang='grc' dir='ltr'><em>μάτων</em></span> <span class='ocrx_word' id='word_1_60' title='bbox 414 731 691 786; x_wconf 77' lang='grc' dir='ltr'><em>ὓποσπανίζων</em></span> <span class='ocrx_word' id='word_1_61' title='bbox 711 738 763 791; x_wconf 84' lang='grc' dir='ltr'>τῇ</span> <span class='ocrx_word' id='word_1_62' title='bbox 784 733 876 775; x_wconf 72' lang='grc' dir='ltr'><em>κατ’</em></span> <span class='ocrx_word' id='word_1_63' title='bbox 901 733 1111 789; x_wconf 75' lang='grc' dir='ltr'><em>Αἴγυπτον</em></span> <span class='ocrx_word' id='word_1_64' title='bbox 1133 731 1442 791; x_wconf 83' lang='grc' dir='ltr'><em>ἆποχρησόντων</em></span> <span class='ocrx_word' id='word_1_65' title='bbox 1455 765 1572 778; x_wconf 88' lang='grc'><strong>.....</strong></span> 
     </span>
    </p>
   </div>
   <div class='ocr_carea' id='block_1_3' title="bbox 253 840 1707 1117">
    <p class='ocr_par' dir='ltr' id='par_1_3' title="bbox 253 840 1707 1117">
     <span class='ocr_line' id='line_1_9' title="bbox 253 840 1707 887; baseline 0.001 -12"><span class='ocrx_word' id='word_1_66' title='bbox 253 843 370 876; x_wconf 79' lang='lat' dir='ltr'><strong>centes</strong></span> <span class='ocrx_word' id='word_1_67' title='bbox 385 841 452 876; x_wconf 89' lang='lat' dir='ltr'>iter</span> <span class='ocrx_word' id='word_1_68' title='bbox 465 841 547 875; x_wconf 82' lang='lat' dir='ltr'>fecit</span> <span class='ocrx_word' id='word_1_69' title='bbox 561 853 602 876; x_wconf 90' lang='lat' dir='ltr'>eo</span> <span class='ocrx_word' id='word_1_70' title='bbox 617 840 748 884; x_wconf 84' lang='lat' dir='ltr'>animo,</span> <span class='ocrx_word' id='word_1_71' title='bbox 779 843 819 875; x_wconf 87' lang='lat' dir='ltr'>ut</span> <span class='ocrx_word' id='word_1_72' title='bbox 844 840 923 875; x_wconf 76' lang='lat' dir='ltr'>totis</span> <span class='ocrx_word' id='word_1_73' title='bbox 947 840 1078 876; x_wconf 81' lang='lat' dir='ltr'>viribus</span> <span class='ocrx_word' id='word_1_74' title='bbox 1092 841 1199 875; x_wconf 91' lang='lat' dir='ltr'>Iconii</span> <span class='ocrx_word' id='word_1_75' title='bbox 1224 840 1428 876; x_wconf 83' lang='lat' dir='ltr'>obsidionem</span> <span class='ocrx_word' id='word_1_76' title='bbox 1453 841 1707 887; x_wconf 71' lang='lat' dir='ltr'>aggrederetur.</span> 
     </span>
     <span class='ocr_line' id='line_1_10' title="bbox 254 887 1706 927; baseline 0.001 -7"><span class='ocrx_word' id='word_1_77' title='bbox 254 899 330 921; x_wconf 90' lang='lat' dir='ltr'>cum</span> <span class='ocrx_word' id='word_1_78' title='bbox 346 899 428 920; x_wconf 86' lang='lat' dir='ltr'>vero</span> <span class='ocrx_word' id='word_1_79' title='bbox 452 887 493 921; x_wconf 87' lang='lat' dir='ltr'>ad</span> <span class='ocrx_word' id='word_1_80' title='bbox 515 899 588 921; x_wconf 87' lang='lat' dir='ltr'>eum</span> <span class='ocrx_word' id='word_1_81' title='bbox 607 887 789 921; x_wconf 82' lang='lat' dir='ltr'>defecisset</span> <span class='ocrx_word' id='word_1_82' title='bbox 804 887 1057 927; x_wconf 79' lang='lat' dir='ltr'>Neocaesarea,</span> <span class='ocrx_word' id='word_1_83' title='bbox 1087 887 1311 921; x_wconf 81' lang='lat' dir='ltr'>Andronicum</span> <span class='ocrx_word' id='word_1_84' title='bbox 1326 888 1505 922; x_wconf 83' lang='lat' dir='ltr'>Batatzem</span> <span class='ocrx_word' id='word_1_85' title='bbox 1530 900 1573 922; x_wconf 87' lang='lat' dir='ltr'>ex</span> <span class='ocrx_word' id='word_1_86' title='bbox 1588 900 1706 923; x_wconf 82' lang='lat' dir='ltr'>sorore</span> 
     </span>
     <span class='ocr_line' id='line_1_11' title="bbox 254 932 1705 988; baseline 0.001 -22"><span class='ocrx_word' id='word_1_87' title='bbox 254 936 412 987; x_wconf 84' lang='lat' dir='ltr'>nepotem</span> <span class='ocrx_word' id='word_1_88' title='bbox 427 944 499 967; x_wconf 87' lang='lat' dir='ltr'>cum</span> <span class='ocrx_word' id='word_1_89' title='bbox 516 933 667 967; x_wconf 86' lang='lat' dir='ltr'>exercitu</span> <span class='ocrx_word' id='word_1_90' title='bbox 681 944 743 977; x_wconf 90' lang='lat' dir='ltr'>per</span> <span class='ocrx_word' id='word_1_91' title='bbox 757 932 1020 977; x_wconf 81' lang='lat' dir='ltr'>Paphlagoniam</span> <span class='ocrx_word' id='word_1_92' title='bbox 1046 933 1214 977; x_wconf 82' lang='lat' dir='ltr'>proficisci</span> <span class='ocrx_word' id='word_1_93' title='bbox 1238 945 1278 967; x_wconf 91' lang='lat' dir='ltr'>eo</span> <span class='ocrx_word' id='word_1_94' title='bbox 1305 933 1415 968; x_wconf 80' lang='lat' dir='ltr'>iussit.</span> <span class='ocrx_word' id='word_1_95' title='bbox 1461 937 1499 967; x_wconf 84' lang='lat' dir='ltr'>at</span> <span class='ocrx_word' id='word_1_96' title='bbox 1513 934 1705 988; x_wconf 82' lang='lat' dir='ltr'>priusquam</span> 
     </span>
     <span class='ocr_line' id='line_1_12' title="bbox 253 977 1707 1024; baseline 0.001 -12"><span class='ocrx_word' id='word_1_97' title='bbox 253 977 423 1022; x_wconf 80' lang='lat' dir='ltr'>Byzantio</span> <span class='ocrx_word' id='word_1_98' title='bbox 440 979 643 1020; x_wconf 85' lang='lat' dir='ltr'>excederet,</span> <span class='ocrx_word' id='word_1_99' title='bbox 673 978 807 1012; x_wconf 89' lang='lat' dir='ltr'>navium</span> <span class='ocrx_word' id='word_1_100' title='bbox 824 983 955 1012; x_wconf 87' lang='lat' dir='ltr'>centum</span> <span class='ocrx_word' id='word_1_101' title='bbox 972 983 1008 1012; x_wconf 88' lang='lat' dir='ltr'>et</span> <span class='ocrx_word' id='word_1_102' title='bbox 1023 978 1265 1024; x_wconf 82' lang='lat' dir='ltr'>quinquaginta</span> <span class='ocrx_word' id='word_1_103' title='bbox 1277 979 1416 1014; x_wconf 87' lang='lat' dir='ltr'>classem</span> <span class='ocrx_word' id='word_1_104' title='bbox 1433 979 1522 1013; x_wconf 86' lang='lat' dir='ltr'>misit</span> <span class='ocrx_word' id='word_1_105' title='bbox 1535 978 1572 1014; x_wconf 88' lang='lat' dir='ltr'>in</span> <span class='ocrx_word' id='word_1_106' title='bbox 1586 981 1707 1024; x_wconf 79' lang='lat' dir='ltr'>Aegy-</span> 
     </span>
     <span class='ocr_line' id='line_1_13' title="bbox 253 1023 1706 1069; baseline 0.001 -12"><span class='ocrx_word' id='word_1_107' title='bbox 253 1027 366 1068; x_wconf 85' lang='lat' dir='ltr'>ptum,</span> <span class='ocrx_word' id='word_1_108' title='bbox 397 1028 516 1069; x_wconf 79' lang='lat' dir='ltr'>utpote</span> <span class='ocrx_word' id='word_1_109' title='bbox 531 1024 587 1069; x_wconf 89' lang='lat' dir='ltr'>qui</span> <span class='ocrx_word' id='word_1_110' title='bbox 604 1035 675 1058; x_wconf 87' lang='lat' dir='ltr'>curn</span> <span class='ocrx_word' id='word_1_111' title='bbox 692 1024 856 1059; x_wconf 87' lang='lat' dir='ltr'>universis</span> <span class='ocrx_word' id='word_1_112' title='bbox 872 1023 977 1069; x_wconf 90' lang='lat' dir='ltr'>copiis</span> <span class='ocrx_word' id='word_1_113' title='bbox 992 1024 1226 1058; x_wconf 82' lang='lat' dir='ltr'>Clitziesthlan</span> <span class='ocrx_word' id='word_1_114' title='bbox 1241 1025 1380 1069; x_wconf 83' lang='lat' dir='ltr'>aggredi</span> <span class='ocrx_word' id='word_1_115' title='bbox 1394 1025 1580 1060; x_wconf 80' lang='lat' dir='ltr'>statuisset.</span> <span class='ocrx_word' id='word_1_116' title='bbox 1615 1025 1706 1068; x_wconf 85' lang='lat' dir='ltr'>hinc,</span> 
     </span>
     <span class='ocr_line' id='line_1_14' title="bbox 255 1070 1640 1117; baseline 0.001 -13"><span class='ocrx_word' id='word_1_117' title='bbox 255 1080 330 1104; x_wconf 85' lang='lat' dir='ltr'>cum</span> <span class='ocrx_word' id='word_1_118' title='bbox 344 1081 412 1104; x_wconf 91' lang='lat' dir='ltr'>non</span> <span class='ocrx_word' id='word_1_119' title='bbox 426 1072 542 1106; x_wconf 81' lang='lat' dir='ltr'>tantae</span> <span class='ocrx_word' id='word_1_120' title='bbox 557 1070 676 1116; x_wconf 88' lang='lat' dir='ltr'>copiae</span> <span class='ocrx_word' id='word_1_121' title='bbox 690 1074 805 1106; x_wconf 85' lang='lat' dir='ltr'>essent</span> <span class='ocrx_word' id='word_1_122' title='bbox 818 1080 906 1116; x_wconf 85' lang='lat' dir='ltr'>quae</span> <span class='ocrx_word' id='word_1_123' title='bbox 919 1070 964 1106; x_wconf 88' lang='lat' dir='ltr'>ad</span> <span class='ocrx_word' id='word_1_124' title='bbox 979 1070 1127 1117; x_wconf 83' lang='lat' dir='ltr'>Aegypti</span> <span class='ocrx_word' id='word_1_125' title='bbox 1141 1070 1387 1117; x_wconf 87' lang='lat' dir='ltr'>expeditionem</span> <span class='ocrx_word' id='word_1_126' title='bbox 1401 1071 1640 1107; x_wconf 81' lang='lat' dir='ltr'>sufficerent..</span> 
     </span>
    </p>
   </div>
  </div>
 </body>
</html>
