1878 3262
224 250 226 252 ,
272 201 370 248 272
749 202 975 248 IOANNIS
1006 204 1237 255 CINNAMI

267 320 341 358 τοῦ
374 311 581 371 ὁμοφύλου
613 313 805 359 τεθνάναι
835 318 901 359 καὶ
934 323 1146 374 συγγενοῦς
1177 320 1356 364 ἕκαστον.
1422 319 1639 374 Διονύσιος
1673 322 1718 366 δέ

266 383 399 437 ἐπειδὴ
433 384 636 439 προσιέναι
658 383 882 439 Ῥωμαίους
910 385 1104 439 ἕπίθετο,
1134 386 1318 444 θάρσους
1343 388 1618 446 ὑποπλησθεὶς
1643 391 1716 434 σὺν

264 452 442 509 εἷρωνειά
471 455 600 509 πολλῇ
632 453 916 510 ἀκρατίζεσθαι
952 454 1130 506 Οὕννους
1169 457 1341 498 ἐκέλευεν
1376 460 1430 508 εἷς
1461 457 1612 514 ὕγιέιαν
1642 459 1716 514 τὴν

256 517 464 572 Ῥωμαίων
493 523 777 576 προσιεμένους
804 523 849 565 τὸ
879 523 1047 578 ἴκπομα.
1116 524 1153 566 οἳ
1184 525 1227 566 δὲ
1251 523 1492 576 ἀναστάντες
1520 525 1650 569 ἔπινόν
1673 543 1714 570 τε

123 592 152 627 P
178 593 242 628 159
266 589 423 643 σπουδῇ
450 590 515 630 καὶ
544 591 606 630 ἐπὶ
636 597 719 641 τοῖς
748 590 884 641 ὅπλοις
912 593 1082 648 ἐγίνοντο
1114 591 1248 650 τρόπῳ
1271 610 1310 635 τε
1328 597 1387 649 τῷ
1412 592 1577 648 συνήθει
1598 593 1693 637 ἐτάτ
1710 603 1748 639 45

260 671 389 697 τοντο.
459 656 556 707 {2904-
581 658 658 715 γὰρ
687 659 823 710 αὐτοῖς
847 662 952 702 ἔστιν
974 661 1032 702 ἀεὶ
1055 661 1210 710 τοὺςὲν
1227 662 1341 716 σφίσι
1359 660 1534 716 λογάδας
1551 663 1624 717 τὴν
1641 663 1715 717 ἔμ-

260 725 464 779 προσθιάν
491 729 669 782 πληροῦν
700 727 909 784 φάλαγγα·
946 727 968 770 ὃ
998 727 1123 770 πάλαι
1152 729 1344 782 βασιλεὺς
1377 730 1490 779 εἰδὼς
1519 729 1714 773 ἀνάπαλιν

252 791 490 850 Ἀνδροιί’κῳ
522 795 593 848 τὴν
625 795 848 852 παράταξιν
878 801 1082 839 ποιεῖσθαι
1101 798 1310 839 ἐκέλευσεν.
1377 797 1512 852 ἐπειδὴ
1530 803 1626 853 γοῦν
1648 799 1713 854 ε’γ-

260 861 332 915 γὺς
355 860 538 915 ἀλλήλων
564 864 739 918 ἐγένοντο
760 865 811 907 τὰ
833 864 1136 922 στρατεύματα,
1166 867 1338 908 ἐκέλευεν
1359 865 1609 924 Ἀνδρόνικος
1631 873 1717 917 τοῖς

259 929 525 985 ἐμπροσθίοις
552 935 631 973 τῶν
658 932 872 988 ταγμάτων
902 933 1205 985 ἒπιτοξάζεσθαι
1243 933 1422 984 Οὔννοις.
1491 934 1650 977 ἐπειδὰν
1671 935 1714 977 δὲ
1726 943 1771 976 10

119 997 153 1031 V
179 999 244 1035 124
266 997 360 1039 κατ’
391 998 524 1040 αὐτῶν
554 997 808 1056 ὁρμηθέντας
839 1002 980 1053 ἴδοιεν,
1016 1001 1173 1059 φεύγειν
1197 1001 1358 1053 λοιπόν,
1394 1002 1440 1043 οὗ
1460 1003 1595 1056 μέντοι
1616 1002 1711 1045 κατ’

263 1065 364 1108 εὐθὺ
385 1071 457 1107 τοῦ
469 1065 676 1121 Ῥωμαίων
691 1069 989 1125 στρατεύματος
997 1102 1009 1120 ,
1046 1070 1148 1112 ἀλλὰ
1177 1070 1280 1112 κατὰ
1303 1070 1353 1112 τὰ
1373 1069 1522 1126 πλάγια
1543 1074 1713 1124 μᾶλλον,

262 1131 318 1183 ὡς
347 1132 396 1175 ἂν
423 1133 550 1185 οὕτως
581 1137 643 1177 ἐπὶ
674 1136 832 1194 θάτερα
854 1140 1085 1192 σχισθέντες
1115 1133 1257 1180 Οὖννοι
1278 1139 1392 1192 κενὴν
1409 1139 1480 1193 τὴν
1497 1139 1624 1194 με’σην
1641 1143 1714 1193 τῆς

261 1201 468 1258 φάλαγγος
486 1203 714 1247 ἀπολίποιεν
727 1205 880 1262 χώραν.
928 1207 1019 1248 ἀλλ’
1039 1209 1176 1249 ἐκεῖνοι
1198 1205 1283 1260 ἅμα
1304 1211 1354 1262 τῇ
1374 1211 1584 1262 προσβολῇ
1602 1211 1712 1249 νῶτα

208 1273 238 1309 Β
261 1269 395 1320 δόντες
418 1271 584 1328 ἔφευγον
610 1273 688 1314 ἀνὰ
713 1272 861 1330 κράτος
889 1275 963 1324 ἕως
989 1275 1051 1315 ε’πὶ
1080 1277 1190 1316 Σᾶον
1215 1270 1361 1329 ἦλθονρ
1425 1272 1632 1329 ὑπηνέχθη
1667 1275 1710 1317 δὲ
1723 1278 1766 1314 15

251 1336 464 1392 Ῥωμαίοις
483 1341 614 1382 τέλεον
632 1342 705 1394 μὲν
729 1341 801 1384 δύο
828 1347 907 1385 τῶν
929 1344 970 1384 ἐν
986 1343 1177 1401 ἀριστερᾷ
1207 1341 1419 1398 ταγμάτων
1428 1374 1442 1394 ,
1477 1337 1532 1385 ὧν
1549 1344 1709 1384 Κοκκο-

252 1410 455 1461 βασίλειος
487 1411 553 1450 καὶ
586 1411 776 1460 Τατίκιος
802 1405 949 1467 ἦρχον,
984 1411 1035 1453 τὰ
1061 1411 1182 1452 λοιπὰ
1211 1411 1254 1452 δὲ
1282 1411 1592 1467 παρακεκίνηντο
1616 1410 1711 1466 ἤδη.

252 1478 319 1517 καὶ
353 1475 589 1533 Δημήτριος
623 1479 697 1531 μὲν
723 1477 743 1520 ὅ
772 1482 937 1536 Βρανᾶς
966 1484 1046 1521 τῶν
1074 1479 1148 1522 σὺν
1174 1480 1284 1536 αὐτῷ
1314 1479 1612 1532 ἐσκεδασμένων
1635 1479 1709 1521 σὺν

251 1543 496 1598 ὅγδοήκοντα
529 1545 789 1602 ἀπολειφθεὶς
820 1554 903 1597 τοῖς
941 1549 1142 1600 πολεμίοις
1178 1550 1376 1600 ξυνέμιξεν
1386 1579 1399 1599 ,
1445 1545 1628 1603 ἡρωικῶς
1666 1563 1708 1589 τε

250 1611 547 1666 ἀγωνισάμενος
574 1614 700 1655 αὐτοῦ
730 1614 840 1657 ἔπεσε
869 1617 1028 1672 καιρίαν
1055 1615 1158 1657 κατὰ
1186 1620 1258 1656 τοῦ
1286 1613 1502 1671 προσώπου
1533 1616 1764 1670 πληγείς,20

251 1679 507 1734 αἰχμάλωτός
535 1699 575 1723 τε
611 1682 780 1737 γεγονὼς
816 1685 871 1733 εἷς
908 1683 953 1725 τὸ
988 1682 1151 1725 Οὕννων
1182 1683 1390 1738 ἀπηνέχθη
1423 1681 1708 1739 στρατόπεδον.

249 1746 271 1790 ὅ
295 1751 339 1791 δέ
359 1765 400 1804 γε
422 1749 603 1806 ἀδελφὸς.
617 1751 741 1792 αὐτοῦ
758 1753 798 1791 Γ
795 1750 957 1808 εώργιος
982 1751 1084 1807 πρὸς
1100 1751 1144 1792 τὸ
1162 1750 1414 1808 ὑπερβάλλον
1433 1755 1506 1792 τοῦ
1522 1749 1710 1804 πλήθους

250 1818 533 1872 ὁιευλαβηθεὶς
553 1819 624 1860 οὐκ
643 1818 846 1876 ἐθάρρησε
866 1820 938 1875 τὴν
955 1818 1201 1874 συμπλοκήν.
1268 1819 1319 1861 τὰ
1345 1820 1418 1873 μὲν
1447 1818 1497 1873 δὴ
1521 1817 1707 1873 εὐώνυμα

342 1926 396 1962 16.
420 1923 545 1959 τέλεον
566 1922 654 1971 μὲν]
667 1925 687 1960 Y

249 2015 418 2060 fidemque
433 2015 496 2049 sibi
510 2016 652 2050 invicem
669 2016 882 2051 obstrinxere
896 2028 957 2063 pro
974 2017 1213 2052 contribulibus
1224 2029 1264 2051 ac
1275 2015 1527 2061 consanguineis
1537 2027 1575 2051 se
1585 2026 1703 2061 quem-

249 2073 316 2106 que
347 2062 552 2097 moriturum.
603 2063 784 2106 Dionysius
813 2075 895 2097 vero
926 2064 981 2097 ubi
1005 2064 1189 2098 adventare
1212 2064 1382 2097 Romanos
1403 2062 1550 2103 audivit,
1579 2061 1704 2096 fiducia.

249 2107 390 2151 quadam
418 2108 642 2151 praetumidus
652 2136 662 2152 ‚
694 2120 768 2143 cum
785 2109 886 2143 multa
901 2109 1052 2143 irrisione
1067 2110 1179 2143 vinum
1194 2109 1312 2143 bibere
1326 2109 1506 2152 Hungaros
1517 2106 1614 2142 iussit
1624 2133 1636 2151 ‚
1665 2112 1703 2142 et

249 2158 287 2186 ut
309 2152 432 2197 pocula
455 2153 498 2185 ad
520 2154 746 2188 Romanorum
767 2155 945 2188 sanitatem
970 2160 1004 2189 et
1024 2155 1279 2189 incolumitatem
1295 2155 1521 2200 propinarent.
1564 2151 1612 2186 illi
1625 2163 1704 2186 sur-

247 2205 367 2242 gentes
381 2198 555 2232 confestim
572 2211 612 2232 ea
627 2200 786 2242 hausere,
816 2201 1024 2246 sumptisque
1049 2201 1150 2235 armis
1163 2226 1173 2243 ,
1205 2205 1395 2234 consuetum
1414 2199 1559 2233 ordinem
1572 2209 1703 2232 resum-

245 2255 359 2289 psere.
405 2255 475 2277 mos
499 2244 585 2277 enim
611 2256 744 2289 semper
767 2247 856 2290 apud
881 2258 939 2280 eos
964 2247 1097 2281 obtinet
1115 2252 1152 2280 ut
1166 2246 1336 2292 praecipui
1350 2244 1532 2290 optimique
1545 2243 1579 2277 in
1595 2243 1703 2289 prima

245 2290 414 2334 phalange
429 2290 594 2323 locentur.
623 2291 713 2334 quod
729 2290 793 2324 iam
809 2292 935 2336 pridem
951 2293 1091 2326 edoctus
1104 2292 1288 2337 imperator
1302 2289 1468 2325 contrario
1481 2289 1584 2322 aciem
1601 2289 1702 2324 modo

243 2335 422 2370 instituere
437 2335 629 2371 Andronico
646 2343 878 2381 praeceperat.
907 2344 1085 2383 postquam
1099 2337 1203 2382 igitur
1217 2337 1280 2370 sibi
1295 2336 1434 2370 invicem
1447 2334 1587 2378 proximi
1602 2335 1702 2370 fuero

245 2380 434 2424 exercitus,
467 2381 508 2414 iis
534 2381 590 2425 qui
613 2381 647 2414 in
671 2382 785 2415 fronte
808 2384 946 2416 stabant
964 2384 1135 2428 praecepit
1149 2382 1359 2417 Andronicus
1374 2388 1409 2414 ut
1425 2381 1605 2423 Hungaros
1621 2381 1699 2415 telis

243 2427 464 2472 impeterent,
496 2431 532 2460 et
549 2427 644 2460 simul
660 2432 762 2471 atque
776 2427 809 2461 in
826 2438 864 2461 se
878 2429 952 2461 illos
967 2429 1097 2462 irruere
1121 2433 1316 2468 cernerent,
1342 2432 1440 2470 terga
1465 2426 1603 2469 darent,
1632 2438 1699 2461 non

243 2478 339 2507 recta
355 2472 486 2516 quidem
503 2472 545 2505 ad
563 2473 787 2506 Romanorum
803 2474 1008 2515 exercitum,
1040 2474 1101 2507 sed
1115 2474 1249 2517 oblique
1264 2472 1367 2516 magis
1381 2471 1415 2504 in
1431 2471 1536 2504 latera
1549 2497 1559 2514 ‚
1590 2476 1630 2505 ut
1649 2472 1699 2506 sio

243 2525 419 2562 utramque
433 2517 465 2551 in
483 2523 610 2563 partem
627 2518 779 2552 distracti
793 2519 946 2563 Hungari
971 2519 1112 2554 medium
1129 2519 1302 2565 phalangis
1317 2518 1423 2551 locum
1438 2527 1579 2550 vacuum
1596 2516 1699 2551 relin-

242 2568 396 2609 querent.
429 2563 490 2597 sed
505 2563 553 2597 illi
566 2564 660 2598 sacta
674 2565 717 2598 ab
734 2565 884 2598 hostibus
898 2565 1085 2611 irruptione
1097 2565 1210 2600 statim
1227 2563 1334 2597 effuse
1349 2562 1483 2606 fugiunt
1498 2574 1603 2607 usque
1619 2563 1698 2598 dum

241 2609 286 2644 ad
314 2611 439 2642 Savum
465 2620 663 2653 pervenere.
712 2610 892 2654 perstitere
908 2619 991 2644 vero
1007 2611 1232 2645 Romanorum
1247 2609 1397 2653 integrae
1412 2608 1499 2641 duae
1513 2608 1547 2642 in
1564 2608 1699 2644 sinistra

240 2654 317 2689 acie
342 2654 518 2696 cohortes,
549 2666 633 2698 quas
649 2655 898 2690 Coccobasilius
913 2661 948 2690 et
962 2656 1116 2690 Taticius
1139 2655 1320 2699 regebant:
1351 2659 1486 2687 ceterae
1502 2665 1615 2688 omnes
1630 2653 1696 2689 iam

238 2699 431 2735 inclinatae.
479 2704 514 2733 at
535 2700 724 2734 Demetrius
749 2702 876 2735 Branas
891 2702 960 2735 suis
976 2702 1144 2746 dissipatis
1161 2711 1234 2734 cum
1249 2699 1422 2743 octoginta
1436 2699 1572 2733 relictus
1586 2700 1695 2734 hosti-

239 2746 303 2780 bus
318 2756 392 2779 sese
407 2745 520 2778 intulit
531 2769 541 2785 ‚
572 2750 606 2779 et
626 2746 806 2780 fortissime
821 2747 979 2781 dimicans
995 2752 1135 2792 accepto
1149 2746 1182 2779 in
1197 2745 1308 2790 capite
1322 2745 1413 2779 letali
1428 2745 1566 2779 vulnere
1581 2745 1696 2780 conci-

241 2791 293 2827 dit
314 2795 498 2836 ca‘ptusque
521 2790 564 2824 ab
588 2791 761 2835 Hungaris
783 2792 816 2826 in
839 2803 953 2826 eorum
976 2797 1090 2827 castra
1113 2791 1237 2825 relatus
1253 2795 1316 2825 est.
1362 2791 1472 2824 frater
1485 2795 1595 2825 autem
1605 2791 1695 2826 iuius

240 2837 412 2883 Georgius
436 2835 580 2871 hostium
603 2835 812 2872 multitudine
835 2836 1034 2872 conterritus
1058 2836 1219 2883 praelium
1237 2847 1416 2871 conserere
1431 2847 1498 2871 non
1513 2847 1614 2872 ausus
1629 2840 1695 2878 est,
