1878 3262
281 224 348 272 70
707 220 1012 267 NICEPHORI
1044 222 1313 266 BRYENNII

283 337 357 395 ὅλῃ
386 338 491 395 χειρὶ
520 339 587 380 καὶ
619 336 715 388 τοὺς
744 335 846 394 πρὸς
880 335 1012 395 φυγὴν
1033 336 1255 393 τραπέντας
1278 335 1563 392 ἀνεκαλοῦντο,
1598 343 1741 396 στῆναι

231 410 262 447 Β
285 404 507 456 κελεύοντες
532 409 567 449 εἲ
584 406 642 460 μὴ
663 403 873 461 βούλοιντο
902 409 1225 463 καταλειφθῆναι
1252 404 1324 448 ὕπ’
1351 407 1482 450 αὐτῶν
1499 402 1742 464 ἇβοήθητοι.

426 474 500 519 12.
572 473 676 517 Τότε
697 476 830 517 τοίνυν
849 474 991 529 ξυνέβη
1011 476 1076 516 καὶ
1098 475 1285 530 γενέσθαι
1305 492 1343 517 τι
1363 475 1608 529 θαυμάσιον.
1638 477 1740 535 ἀνὴρ

280 539 360 600 γάρ
392 560 454 592 τις
479 543 604 599 μέγας
633 545 700 585 καὶ
724 542 888 599 ἲσχυρὸς
903 549 987 593 τοῖς
1008 543 1049 584 ἓν
1066 549 1150 593 τοῖς
1169 544 1388 597 βασιλείοις
1412 545 1612 598 ἐκτομίαις
1633 544 1741 603 ὁρώ-

279 629 401 666 μενος
425 610 689 666 ἒθαυμάζετο.
733 611 892 654 ἐπειδὰν
909 611 987 668 γὰρ
1007 609 1132 668 δρῷεν
1147 610 1269 654 αὐτόν
1276 644 1289 663 ,
1325 611 1468 669 ἐφώνει
1492 613 1623 670 ἕτερος
1640 614 1774 671 πρὸς5

279 679 351 722 τὸν
380 680 514 737 ἕτερον
546 679 602 730 ὥς
632 679 713 737 ἄρα
734 698 794 731 τις
811 678 1007 735 ὑποσταίη
1027 682 1227 734 πολεμίων
1250 680 1375 735 ἀλκὴν
1394 683 1550 723 τοιοῦδε
1574 681 1743 738 ἀνδρός·

278 748 362 807 θέα
382 748 460 806 γὰρ
481 747 585 806 μόνῃ
602 751 668 791 καὶ
688 747 921 806 βρυχήματι
944 747 1157 806 φεύξονται
1180 748 1365 799 ἅπαντες.
1431 753 1574 791 τοῦτον
1596 750 1742 806 συνέβη

280 814 370 859 τότε
398 824 582 875 παρεῖναι
610 817 713 872 μετὰ
743 822 824 859 τῶν
857 819 912 867 εἷς
940 817 1013 872 τὴν
1045 816 1253 874 φάλαγγος
1278 817 1391 868 τάξιν
1419 819 1743 872 καθισταμένων,

282 882 451 940 ὅπηνίκα
490 886 582 928 κατ’
626 887 783 928 ἐκείνων
815 886 853 927 οἳ
885 889 1063 942 Τοῦρκοι
1096 885 1347 943 ἐξώρμησαν.
1415 888 1471 936 εἷς
1505 887 1637 944 φυγὴν
1671 881 1743 929 οὖν

227 953 260 988 C
282 951 471 996 ἁπάντων
489 952 775 1011 ὁρμησάντων,
811 954 894 996 ἐπεὶ
914 948 1032 1004 οὗτος
1047 955 1173 1011 μέγας
1188 972 1229 998 τε
1252 949 1302 1010 ἦν
1325 955 1392 997 καὶ
1414 953 1590 1012 θώρακα
1610 973 1743 1012 περιε-
1754 964 1798 1000 10

277 1022 477 1077 βέβλητο,
513 1023 748 1078 ἀγανακτεῖν
770 1020 917 1065 ἐπενόει
939 1023 1009 1065 τὸν
1023 1024 1147 1065 ἵππον
1168 1025 1235 1065 καὶ
1254 1021 1379 1077 μόνος
1399 1028 1480 1066 τῶν
1498 1023 1631 1066 ἄλλων
1651 1023 1744 1065 ὄπι-

277 1094 381 1132 σθεν
401 1092 686 1147 περιλέλειπτο.
755 1089 810 1140 ὥς
837 1095 934 1146 γοῦν
966 1085 1090 1142 αὖθις
1121 1092 1159 1133 οἱ
1192 1096 1368 1147 Τοῦρκοι
1402 1090 1574 1148 ἐπῄεσαν
1602 1094 1669 1134 καὶ
1705 1092 1745 1134 οἱ

277 1159 368 1214 περὶ
394 1158 464 1200 τὸν
485 1157 687 1201 Ἰσαάκιον
717 1161 784 1201 καὶ
813 1158 883 1200 τὸν
915 1159 1066 1202 κλεινὸν
1089 1159 1263 1210 Ἀλέξιον
1299 1164 1469 1214 βοηθεῖν
1504 1162 1744 1218 ἐπεχείρουν,

278 1225 403 1276 αὐτὸς
435 1227 476 1277 ἐξ
509 1225 706 1281 ὀνόματος
731 1226 801 1269 τὸν
823 1227 975 1269 κλεινὸν
997 1226 1126 1270 ἐκάλει
1142 1228 1316 1278 Ἀλέξων
1340 1230 1405 1270 καὶ
1425 1233 1595 1284 βοηθεῖν
1617 1246 1745 1286 παρεω

280 1292 406 1339 κάλει.
475 1293 496 1336 ὅ
531 1296 571 1338 δ’
606 1296 758 1346 εὐθέως
785 1293 1049 1352 ὑποστρέψας
1077 1298 1145 1338 καὶ
1178 1296 1273 1346 τοὺς
1305 1295 1564 1350 ἐπιτυχόντας
1597 1296 1799 1348 διώξας15

156 1361 192 1398 V
213 1363 259 1400 34
281 1366 355 1405 τοῦ
377 1362 562 1406 κινδύνου
582 1368 724 1407 τοῦτον
745 1362 942 1421 ἐρρύσατο
951 1396 965 1416 ,
1002 1363 1169 1415 διδάξας
1185 1363 1308 1407 αὐτόν
1332 1382 1374 1407 τε
1404 1367 1471 1406 καὶ
1490 1366 1584 1416 τοὺς
1603 1369 1745 1408 τοῦτον

614 1431 627 1446 t

277 1430 569 1485 θαυμάζοντας
599 1450 654 1483 ως
683 1431 766 1488 ἄρα
798 1433 844 1474 οὗ
867 1433 1039 1488 μέγεθος
1065 1431 1254 1487 σώματος
1283 1433 1376 1475 οὐδὲ
1396 1432 1510 1490 ῥώμη
1538 1432 1749 1488 δυνάμεως.

222 1502 257 1540 D
281 1500 374 1541 οὐδὲ
395 1506 533 1557 φωνῆς
550 1499 751 1558 τραχύτης
770 1503 837 1542 καὶ
853 1499 984 1558 βάρος
1002 1501 1071 1543 τὸν
1089 1501 1253 1559 ἄριστον
1272 1501 1520 1558 στρατιώτην
1540 1501 1746 1544 δεικνύου-

277 1582 367 1619 σιν,
404 1569 510 1610 ἀλλὰ
531 1573 670 1623 ψυχῆς
693 1567 923 1624 γενναιότης
940 1571 1008 1611 καὶ
1027 1568 1054 1622 ἡ
1075 1570 1176 1627 πρὸς
1195 1570 1246 1612 τὰ
1269 1570 1377 1612 δεινὰ
1400 1573 1604 1628 καρτερία.
1646 1570 1741 1612 ἀλλ’

279 1633 302 1680 ὃ
323 1637 397 1692 μὲν
417 1641 560 1681 τοῦτον
583 1638 771 1681 διέσωσεν
778 1669 792 1690 ,
821 1637 988 1689 Ἀλανὸς
1024 1638 1070 1681 δέ
1093 1655 1154 1693 τις
1186 1642 1267 1683 τῶν
1291 1639 1354 1684 ἐπὶ
1374 1643 1517 1698 μισθῷ
1542 1637 1800 1684 συνόντωνΞΟ

371 1779 406 1813 4.
430 1780 524 1824 τοῖς]
548 1779 643 1816 Fort.
667 1779 854 1819 delendum,
959 1781 993 1815 6.
1018 1776 1095 1825 ἄρα
1116 1781 1189 1825 τις]
1215 1775 1283 1827 ἄρ’
1306 1776 1440 1822 effug?
1463 1791 1508 1819 an
1533 1773 1611 1825 ἆρά
1633 1791 1744 1822 τις-

372 1820 523 1870 ἀνδρός.
661 1827 717 1862 11.
741 1823 909 1871 ἐπενόει]
940 1825 1079 1863 Bekker
1104 1823 1234 1865 ἐποίει.

279 1947 454 1984 tunissimo
477 1951 614 1995 praesto
637 1949 759 1984 auxilio
782 1949 926 1985 fuissent
938 1949 1072 1995 iamque
1095 1951 1274 1986 inclinatos
1288 1950 1321 1985 in
1339 1951 1452 1996 fugam
1466 1953 1688 1986 revocassent
1702 1961 1743 1987 ac

278 1998 372 2030 stare
385 1995 420 2030 in
435 1995 510 2030 loco
526 1995 591 2029 nisi
607 1995 790 2030 condonari
806 1996 913 2031 furori
929 1997 1072 2030 hostium
1086 1996 1252 2032 indefensi
1266 1997 1392 2031 vellent
1406 1997 1592 2032 iussissent.

370 2042 424 2076 12.
471 2042 582 2075 Porro
607 2046 688 2075 tunc
714 2042 857 2085 contigit
877 2042 1028 2076 mirabile
1052 2042 1236 2088 quippiam.
1282 2043 1336 2076 vir
1369 2043 1455 2077 enim
1486 2048 1563 2077 erat
1589 2045 1743 2078 staturae

275 2086 485 2131 proceritate
508 2091 714 2131 congruente
740 2087 888 2122 crassitie
914 2089 1159 2129 membrorum,
1191 2089 1315 2122 robore
1338 2089 1474 2134 insuper
1489 2094 1621 2123 artuum
1635 2099 1675 2122 ae
1689 2088 1743 2122 la-

276 2135 447 2165 certorum
472 2132 561 2166 inter
576 2142 732 2167 exsectos
748 2133 910 2178 palatinos
927 2134 1074 2178 spectari
1089 2145 1130 2168 ac
1145 2134 1266 2179 suspici
1282 2135 1400 2168 solitus
1418 2134 1502 2168 adeo
1520 2134 1671 2179 quidem,
1701 2136 1742 2167 ut

275 2176 352 2212 visu
378 2177 486 2222 primo
511 2178 680 2212 intuentes
705 2180 907 2223 percelleret
928 2179 1168 2225 subigeretque
1191 2180 1412 2214 admiratione
1433 2180 1543 2214 victos
1563 2179 1676 2213 dicere
1697 2179 1743 2213 ad

275 2223 467 2303 proximum
481 2234 667 2268 quemque:
694 2225 768 2269 quis
785 2225 873 2259 enim
891 2236 972 2258 vero
988 2229 1058 2259 tam
1074 2226 1181 2260 animo
1199 2230 1356 2260 constans
1371 2230 1442 2260 tem
1457 2225 1581 2259 viribus
1596 2225 1743 2259 invictus

302 2269 384 2302 ostis
400 2269 496 2302 buius
513 2276 633 2304 contra
648 2270 778 2303 ruentis
795 2270 963 2304 sustinere
978 2270 1044 2305 vim
1060 2282 1204 2316 unquam
1220 2272 1367 2316 poterit!
1414 2271 1487 2305 solo
1504 2270 1607 2314 enim,
1635 2276 1674 2304 ut
1687 2270 1743 2304 vi-

276 2314 377 2348 detur
399 2315 576 2349 conterriti
599 2315 671 2348 eius
694 2320 855 2360 aspectu,
897 2316 992 2350 vocis
1014 2316 1143 2354 etiamsi
1170 2318 1260 2351 sorte
1283 2316 1467 2351 accedente
1491 2315 1617 2349 tonitru
1643 2315 1743 2361 plane

277 2360 412 2395 attoniti
428 2362 733 2394 consternabuntur
747 2361 782 2395 in
798 2361 912 2405 fugam
927 2372 1051 2395 omnes.
1098 2363 1187 2397 hunc
1210 2362 1354 2406 contigit
1378 2362 1496 2396 adesse
1516 2360 1599 2394 tunc'
1622 2361 1655 2396 in
1681 2361 1741 2395 illo

279 2417 416 2439 numero
432 2405 607 2450 phalangis
625 2406 801 2451 quamdam
818 2407 962 2452 speciem
978 2407 1211 2452 referentium,
1228 2419 1301 2442 cum
1317 2408 1351 2442 in
1367 2419 1425 2441 eos
1441 2407 1611 2440 irruerunt
1622 2406 1742 2442 Tun-oi.

278 2451 387 2485 versis
405 2463 486 2494 ergo
504 2451 635 2485 cunctis
649 2452 683 2486 in
699 2453 824 2496 fugam,
852 2452 907 2486 hic
921 2457 1056 2497 praeter
1072 2453 1190 2488 molem
1206 2454 1357 2499 corporis
1372 2452 1475 2486 lorica
1490 2453 1603 2496 gravis
1620 2464 1742 2498 equum

277 2496 364 2530 adeo
381 2497 606 2541 fatigaverat,
636 2501 675 2532 ut
696 2497 726 2531 is
748 2498 860 2542 aliquo
883 2498 1063 2532 intervallo
1089 2507 1169 2544 post
1193 2510 1307 2534 omnes
1331 2498 1415 2532 alios
1431 2509 1518 2542 pone
1534 2498 1669 2532 relictus
1684 2509 1742 2532 se-

278 2546 452 2585 queretur.
499 2543 535 2576 id
551 2543 656 2576 Turci
672 2543 859 2588 conspicati
874 2543 1117 2578 circumvenire
1136 2545 1319 2579 seiunctum
1335 2555 1355 2577 a
1369 2543 1466 2577 sociis
1482 2544 1741 2586 contendebant,

277 2586 409 2620 Isaacio
427 2587 614 2632 Alexioque
641 2589 799 2626 auxiliari
826 2594 944 2622 contra
970 2590 1177 2625 conantibus.
1223 2601 1287 2624 nec
1301 2589 1374 2634 ipse
1387 2588 1582 2634 periclitans
1598 2590 1662 2623 sibi
1678 2589 1743 2623 de-

278 2632 355 2674 fuit,
389 2633 468 2677 quin
485 2633 647 2677 inclytum
662 2635 815 2668 Alexium
832 2635 986 2669 confesso
1001 2636 1111 2680 palam
1127 2639 1217 2670 metu
1232 2635 1391 2671 invocans
1406 2633 1456 2667 sui
1473 2639 1512 2667 ut
1526 2635 1750 2682 misereretur,

277 2681 403 2712 oraret.
453 2678 510 2722 qui
537 2680 650 2712 statim
675 2691 858 2715 conversus
883 2680 1031 2718 hostibus
1055 2682 1111 2726 qui
1135 2693 1172 2715 se
1195 2680 1290 2726 primi
1305 2679 1471 2713 dederunt
1486 2681 1604 2715 obvios
1619 2682 1741 2724 fugere

274 2722 368 2757 illico
396 2723 573 2768 compulsis
586 2752 596 2767 ‚
628 2725 793 2761 hominem
812 2725 959 2770 periculo
978 2727 1101 2761 exemit
1115 2727 1311 2762 documento
1328 2725 1370 2758 ad
1389 2736 1462 2758 eum
1479 2726 1618 2771 eiusque
1632 2726 1741 2760 admi-

276 2772 413 2802 ratores
435 2769 664 2813 memorabili,
694 2781 755 2803 nec
778 2771 1006 2814 magnitudine
1033 2772 1208 2817 corporis,
1239 2782 1302 2804 nec
1328 2771 1535 2815 asperitate,
1568 2783 1607 2806 ac
1621 2771 1740 2815 gravi-

278 2818 352 2848 tate
375 2814 470 2848 vocis
493 2815 659 2848 contineri
678 2815 837 2851 virtutem
859 2816 972 2851 militis
994 2818 1123 2851 strenui
1145 2816 1202 2851 sed
1223 2817 1454 2859 generositate
1477 2817 1577 2851 animi
1601 2823 1636 2851 et
1656 2816 1739 2851 forti

281 2860 461 2899 tolerantie
476 2871 588 2897 rerum
603 2861 811 2899 acerbarum.
857 2861 913 2898 hic
929 2861 1063 2907 quidem
1076 2862 1127 2898 sic
1143 2863 1188 2898 ab
1203 2862 1322 2899 Alexio
1333 2867 1490 2899 servatus
1502 2868 1566 2901 est.
1611 2863 1738 2899 Alanus
