1878 3262
243 225 337 271 122
698 223 1005 268 NICEPHORI
1035 222 1310 272 BRYENNlr
1328 257 1329 260 =

238 339 322 390 οἷός
345 356 385 382 τε
413 337 469 381 ὢν
492 337 625 396 φέρειν
646 335 846 396 μάστιγας
867 338 892 394 ἢ
915 341 981 381 καὶ
1008 340 1080 390 τὰς
1100 342 1142 382 ἐκ
1162 339 1355 395 βασάνων
1374 346 1514 395 ποινὰς
1536 345 1692 401 ἕτοιμός

238 410 321 451 ἔστι
344 405 508 464 φράζειν
527 406 626 464 ἅπερ
646 409 782 463 εῗὸοίη.
846 406 1038 464 ιῇιιελήσει
1058 410 1098 451 ‹5‘
1120 408 1249 463 ὖμῖν”
1287 414 1408 468 φησὶν
1426 411 1575 465 “ὀξε’ως
1590 421 1692 468 βου-

239 474 465 518 λεύσασθαι
489 478 578 533 περὶ
602 481 675 518 τοῦ
695 477 1008 535 ξυμφέροντος.”
1063 476 1084 519 ὅ
1105 479 1178 532 μὲν
1202 473 1273 521 οὖν
1296 482 1564 525 ταῦταμεῖπὼν
1586 483 1692 525 ἀπί-

237 562 325 601 γετο
351 545 452 602 πρὸς
473 545 543 587 τὸν
564 546 784 601 λογοθέτην
805 548 872 589 καὶ
893 545 1024 589 πάντα
1047 545 1215 604 ἔφραζεν
1235 546 1312 590 ὅσα
1333 548 1541 603 ἠπίστατο.
1602 550 1624 593 ὃ
1650 553 1693 594 δὲ

236 614 338 670 πρὸς
361 614 431 656 τὸν
453 619 678 671 κρατοῦντα
703 613 833 658 πάντα
856 615 1057 673 ἀνέφερεν.
1125 615 1237 670 ἔτυχε
1262 617 1305 658 δὲ
1322 622 1540 671 τηνικαῦτα
1551 620 1724 676 ’παρὼν5

187 687 219 722 D
243 684 309 724 καὶ
341 681 361 723 ὃ
393 682 607 738 Κομνηνὸς
627 683 829 736 Ἀλέξιος,
865 686 931 726 καὶ
957 682 1119 740 γνώμην
1151 687 1376 740 εἰσενεγκεῖν
1406 685 1696 740 ἀπαιτούμενος

235 751 388 806 βουλὴν
412 751 579 808 ἀρίστην
599 751 792 808 εἰσήνεγκε
806 785 820 804 ,
856 752 992 810 φήσας
1014 751 1069 803 ὧς
1086 753 1167 810 χρὴ
1190 755 1342 807 ταχέως
1361 753 1610 809 στρατιώτας
1630 757 1696 797 ἐκ-

237 820 403 873 πέμπειν
424 822 491 862 καὶ
514 824 587 862 τοῦ
608 821 836 875 σκέμματος
859 821 1057 878 ἄρχοντας
1078 821 1384 876 ξυλλαμβάνειν.
1420 825 1602 880 ἐφαίνετο
1623 825 1697 878 μὲν

234 890 302 930 καὶ
331 893 389 946 τῷ
419 890 582 946 καίσαρι
613 891 680 932 καὶ
715 895 773 947 τῷ
801 891 997 947 λογοθέτῃ
1034 891 1178 947 ἀρίστη
1210 895 1351 934 πασῶν
1376 890 1402 946 ἦ
1425 893 1554 946 βουλὴ
1579 891 1695 948 αὕτη,

233 961 292 1013 τῷ
324 958 367 999 δὲ
400 962 611 1014 κρατοῦντι
643 957 716 999 οὐκ
746 957 934 1014 ἤρεσκεν·
969 957 1047 1013 ἤδη
1078 959 1156 1015 γὰρ
1189 959 1314 1013 ὀψίας
1343 959 1467 1015 οὔσης
1489 965 1562 1015 τῆς
1583 960 1746 1017 ὥραςΙΟ

235 1024 362 1067 ἐδόκει
383 1024 565 1081 θόρυβόν
589 1041 631 1067 τε
655 1028 722 1067 καὶ
744 1026 925 1082 ταραχὴν
944 1027 1132 1081 γενέσθαι
1153 1033 1204 1084 τῇ
1226 1027 1336 1070 πόλει
1356 1027 1469 1080 τινά,
1495 1027 1545 1084 ἢν
1568 1027 1695 1086 ἇλῷέν

235 1110 350 1142 τινες.
416 1097 488 1147 τῆς
518 1097 614 1148 γοῦν
639 1096 829 1150 προνοίας
851 1093 1063 1151 σφηλάσης
1085 1096 1158 1149 τὴν
1181 1101 1254 1138 τοῦ
1275 1102 1516 1153 κρατοῦντος
1534 1096 1694 1153 γνώμην

236 1156 303 1202 καὶ
326 1163 382 1211 εἲς
401 1161 474 1215 τὴν
496 1160 636 1217 αὔριον
655 1160 888 1217 τηρησάσης
908 1163 959 1203 τὰ
979 1168 1051 1216 τῆς
1067 1162 1221 1206 τούτων
1243 1164 1496 1222 ζωγρήσεως,
1523 1165 1695 1216 ἅπαντες

235 1228 392 1287 ὄρθρου
417 1230 573 1284 βαθέος
599 1231 640 1271 ἓν
662 1233 721 1287 τῷ
740 1234 826 1287 ναῷ
846 1234 918 1284 τῆς
940 1235 1014 1272 τοῦ
1033 1235 1135 1273 θεοῦ
1159 1234 1307 1289 σοφίας
1321 1235 1694 1291 συναθροισθέντες

235 1297 311 1348 τάς
341 1315 382 1340 τε
416 1298 600 1355 φρουρὰς
627 1298 701 1348 τὰς
726 1299 767 1340 ἐν
788 1303 838 1355 τῇ
863 1297 972 1341 πόλει
997 1299 1223 1350 ἀνοίξαντες
1248 1302 1314 1342 καὶ
1337 1301 1431 1351 τοὺς
1454 1304 1693 1353 καταδίκους
1706 1313 1748 1348 15

120 1373 151 1408 P
174 1371 218 1409 82
239 1365 471 1417 ὁπλίσαντες
479 1399 492 1418 ,
545 1366 659 1424 πρὸς,
679 1361 727 1409 δὲ’
754 1369 820 1409 καὶ
854 1365 948 1410 ὅσον
978 1366 1078 1422 εἶχεν
1108 1369 1276 1419 ἕκαστος
1304 1370 1594 1426 θεραπευτικὸν
1626 1372 1692 1413 καὶ

237 1434 428 1478 οἰκετικόν
439 1468 452 1487 ,
482 1436 699 1490 ἐξέπεμπον
720 1436 820 1493 πρὸς
840 1436 935 1486 τοὺς
957 1441 1038 1479 τῶν
1060 1438 1101 1478 ἓν
1121 1440 1222 1480 τέλει
1245 1437 1303 1492 μὴ
1324 1437 1598 1493 μετασχόντας
1617 1439 1694 1480 αὖ-

236 1509 317 1546 τῶν
339 1509 412 1546 τοῦ
430 1503 732 1558 βουλεύματος,
763 1507 829 1547 καὶ
862 1505 1063 1562 ἐμπιπρᾶν
1091 1505 1165 1555 τὰς
1195 1508 1322 1556 οἷκίας
1352 1507 1538 1561 ἠπείλουν
1571 1510 1605 1549 εἷ
1634 1507 1693 1561 μὴ

233 1572 335 1629 πρὸς
348 1572 495 1622 αὐτοὺς
506 1574 789 1629 παραγένοιντο
811 1578 878 1614 καὶ
900 1578 973 1615 τοῦ
993 1574 1221 1627 σκέμματος
1233 1574 1525 1630 κοινωνήσαιεν.
1558 1573 1692 1632 γράμ-

232 1658 334 1694 μασι
360 1642 402 1682 δὲ
423 1641 706 1694 στελλομένους
730 1640 1006 1698 ἕφοὸιάζοντες
1027 1643 1251 1700 ἐπέγραφον
1274 1642 1402 1693 οὕτως
1427 1642 1497 1686 “oi
1516 1639 1747 1698 ἁγιώτα-ΞΟ

228 1726 292 1751 τοι
323 1707 591 1766 πατριάρχαι,
635 1708 660 1764 ἢ
685 1708 852 1760 σύνοδος
881 1712 947 1752 καὶ
982 1709 1007 1764 ἡ
1041 1709 1261 1766 σύγκλητος
1291 1717 1557 1768 συγκαλοῦσιν
1583 1710 1692 1765 ὑμᾶς

323 1865 377 1899 13.
402 1861 449 1898 τὰ
473 1863 560 1908 τῆς]
585 1863 706 1898 Addidi
728 1861 789 1897 τά.
886 1899 893 1910 ,Υ
930 1864 985 1899 17.
1007 1861 1277 1909 μετασχόντας]
1301 1864 1346 1898 V.
1369 1861 1636 1908 μετασχόντων.

228 2003 284 2034 tos
298 2000 389 2034 misit
402 1999 601 2042 indicatum,
632 2011 670 2034 se
691 1999 947 2046 haudquaquam
971 2001 1038 2036 sibi
1052 2001 1220 2035 conscium
1235 2012 1312 2036 esse
1327 2012 1442 2035 earum
1455 2000 1576 2034 virium
1589 1999 1701 2034 animi-

229 2050 266 2079 et
284 2046 454 2089 corporis,
486 2058 572 2091 quae
593 2047 753 2080 resistere
773 2047 946 2081 tormentis
971 2053 1006 2081 et
1027 2059 1145 2081 vocem
1160 2048 1194 2081 in
1211 2048 1409 2092 quaestione
1426 2047 1597 2080 continere
1609 2055 1690 2092 pos-

228 2096 317 2125 sent.
364 2102 469 2135 quare
486 2093 535 2125 sic
550 2093 714 2126 haberent
729 2103 767 2126 se
781 2093 949 2126 fassurum
966 2094 1076 2126 omnia
1092 2104 1180 2137 quae
1194 2094 1306 2127 sciret.
1355 2104 1430 2126 esse
1447 2092 1593 2137 ipsorum
1607 2101 1689 2136 pru-

227 2136 362 2170 dentiae
377 2136 445 2169 cito
462 2137 642 2180 providere
655 2166 664 2182 ,
696 2149 763 2183 quo
786 2143 886 2183 pacto
910 2139 942 2171 ei
963 2149 1143 2172 occurrere
1158 2137 1363 2172 incommodo
1379 2137 1542 2172 maturius
1550 2135 1688 2181 »agendo

230 2193 320 2227 quae
334 2182 442 2215 serius
458 2182 682 2217 destinassent
697 2189 833 2228 queant.
879 2183 930 2217 his
945 2184 1003 2218 ille
1016 2184 1117 2218 dictis
1133 2185 1299 2218 adductus
1322 2184 1365 2218 ad
1380 2184 1584 2228 logothetam
1601 2192 1690 2226 quae

231 2233 314 2261 nota
329 2228 478 2261 habebat
493 2232 614 2260 cuncta
628 2229 778 2272 protulit.
804 2230 980 2273 logotheta
995 2241 1079 2264 vero
1094 2241 1170 2264 mox
1185 2230 1383 2275 imperatori
1398 2229 1505 2263 omnia
1520 2228 1690 2261 referente

230 2273 341 2306 adfuit
356 2273 445 2306 forte
460 2283 619 2318 praesens
637 2274 826 2307 Comnenus
840 2275 977 2309 Alexius
993 2280 1028 2310 et
1043 2276 1123 2320 quid
1139 2276 1305 2320 agendum
1321 2278 1476 2310 censeret
1489 2273 1602 2307 dicere
1616 2273 1689 2305 ius-

229 2329 288 2352 sus
306 2319 431 2363 optime
448 2318 577 2352 censuit
593 2323 730 2363 oportet
743 2330 860 2363 equam
872 2321 1014 2363 primum
1028 2322 1136 2355 missis
1153 2317 1312 2355 militibus
1327 2321 1518 2355 coniuratos
1533 2328 1690 2361 compre-

229 2364 389 2398 hendere.
436 2364 523 2397 idem
550 2375 683 2408 quoque
701 2364 879 2398 videbatur
897 2365 1037 2399 Caesari
1051 2393 1061 2407 ‚
1093 2364 1315 2410 et'logotheta
1330 2366 1503 2412 probabat.
1551 2362 1610 2395 sed
1625 2362 1689 2396 im-

229 2410 381 2454 peratori
397 2421 464 2442 non
479 2409 606 2453 placuit
620 2409 770 2451 timenti,
801 2414 840 2443 ut
855 2410 987 2451 aiebat,
1013 2422 1055 2443 ne
1065 2436 1075 2451 ‚
1102 2412 1131 2444 si
1147 2421 1208 2455 per
1223 2417 1354 2444 noctem
1370 2420 1457 2453 quae
1470 2408 1533 2442 iam
1549 2407 1689 2451 ingrue-

229 2456 289 2488 bat
312 2455 416 2501 aliqui
442 2455 576 2489 militari
596 2465 695 2488 manu
718 2459 942 2499 caperentur,
969 2456 1133 2489 tumultus
1152 2455 1185 2488 in
1211 2455 1349 2489 civitate
1362 2455 1473 2488 fieret.
1522 2453 1688 2496 sicigitur

228 2500 344 2535 divina
366 2501 579 2547 providentia
594 2511 709 2534 errare
722 2500 939 2545 permittente
952 2501 1166 2546 imperatoris
1179 2500 1335 2534 iudicium
1352 2503 1387 2533 et
1401 2509 1466 2532 non
1481 2499 1572 2532 ultra
1587 2509 1688 2543 quam¹

224 2545 262 2578 in
285 2546 371 2580 diem
398 2547 579 2580 crastinum
609 2546 788 2579 differente
817 2545 888 2580 eius
912 2550 948 2580 et
969 2547 999 2580 ei
1022 2547 1273 2580 adhaerentium
1299 2556 1339 2579 ca
1363 2544 1547 2585 tivitatem‚
1577 2543 1688 2578 relicti

228 2591 393 2625 coniurati
408 2593 516 2626 securi
532 2592 565 2625 in
583 2603 656 2625 eam
672 2597 803 2626 noctem
819 2592 983 2636 postridie
998 2593 1085 2626 bene
1099 2603 1195 2626 mane
1208 2592 1243 2625 in
1257 2557 1380 2644 tempqo
1397 2590 1434 2623 S.
1444 2590 1694 2634 Sophiaeconw

228 2637 383 2681 gregati,
408 2637 534 2682 apertis
551 2638 643 2671 urbis
657 2637 817 2671 custodiis
833 2642 867 2671 et
881 2637 922 2670 iis
939 2637 996 2682 qui
1012 2637 1106 2683 prius
1121 2641 1217 2672 erant
1230 2636 1332 2670 vincti
1349 2635 1563 2679 damnatique
1577 2645 1686 2669 arma-

228 2683 294 2723 tis,
324 2688 501 2727 praeterea
527 2688 685 2726 quantum
712 2683 852 2728 quisque
872 2683 988 2717 habuit
1011 2694 1182 2718 servorum
1205 2686 1240 2715 et
1260 2681 1515 2715 domesticorum
1530 2680 1688 2721 armavit.

227 2739 426 2772 manumque
450 2739 491 2761 ex
515 2728 565 2761 his
589 2729 730 2762 validam
754 2729 970 2762 circummisit
990 2729 1034 2762 ad
1058 2727 1264 2774 potentiores
1279 2738 1300 2760 a
1315 2726 1544 2760 coniuratione
1559 2726 1686 2760 alienos

229 2785 304 2807 cum
328 2773 422 2807 minis
448 2773 646 2806 incendendi
674 2774 789 2807 domos
813 2785 947 2815 eorum,
978 2774 1012 2807 ni
1033 2774 1067 2806 in
1090 2773 1337 2807 coniuratorum
1361 2778 1477 2816 partes
1491 2771 1686 2806 transirent.

227 2819 363 2853 litterae
377 2829 477 2864 porro
494 2829 577 2863 quas
594 2819 750 2852 mandata
766 2820 849 2852 haec
862 2829 975 2852 eorum
991 2819 1194 2852 obeuntibus
1209 2817 1375 2851 dederunt
1391 2818 1455 2851 hoc
1469 2817 1567 2851 titulo
1582 2828 1685 2862 prae-

229 2865 375 2911 scriptae
393 2869 511 2900 erant:
554 2863 752 2899 sanctissimi
767 2863 1002 2909 patriarchae,
1032 2863 1182 2909 synodus
1207 2869 1243 2898 et
1264 2869 1402 2897 senatus
1421 2867 1610 2897 convocant
1623 2871 1688 2895 vos
