1878 3262
588 200 982 245 HISTORIARUM
1014 201 1062 243 L.
1091 198 1144 243 Π.
1527 194 1601 242 43·

136 319 209 375 τὴν
234 318 296 360 ἐπὶ
321 316 391 360 τὸν
417 316 588 360 σουλτᾶν
615 314 840 374 ἓσφάδαξεν
867 316 979 358 ἴέναι.
1048 314 1121 358 οὔκ
1157 312 1258 369 ἔχων
1283 310 1326 357 δ’
1354 312 1398 355 ἔκ
1419 316 1492 355 τοῦ
1513 330 1594 354 πα-

136 391 329 445 ραχρῆμα
355 384 637 440 στοχάσασθαι
666 384 743 440 ὅπη
770 383 893 427 αῧτόν
918 384 1144 438 ξυνέβαινεν
1169 382 1289 435 εἶναι,
1327 382 1429 439 πρὸς
1460 381 1595 438 βραχὺ

135 457 210 510 μὲν
249 455 445 509 ἐπεσχέθη
479 459 552 509 τῆς
586 453 735 511 ὁρμῆς,
775 457 1018 510 στρατηγικῇ
1043 453 1087 494 δ’
1117 454 1298 513 ἐμπειρία
1323 455 1396 506 τῆς
1419 452 1460 493 ἓν
1487 452 1598 508 δεξιᾷ

137 528 210 579 τῆς
235 522 387 573 πόλεως
412 525 641 578 ἐξηγεῖσθαι
668 520 874 579 φάλαγγος
900 520 1022 562 αὐτὸν
1048 521 1268 576 διεγνωκώς
1292 520 1414 576 (ὀξὺς
1438 519 1515 576 γὰρ
1543 519 1598 561 εἴ-

105 599 211 649 5περ
238 608 298 642 τις
322 592 373 634 τὰ
398 596 565 634 τοιαῦτα
591 588 798 646 ἐτύγχανεν
825 588 932 644 ὤν),
960 589 1103 631 αὐτίκα
1128 594 1202 630 ’τοῦ
1227 587 1500 645 σημειοφόρου
1524 592 1600 629 λα-

135 659 308 716 βόμενος
333 657 436 703 εἷλκε
462 664 534 702 τοῦ
558 659 730 717 ῥυτῆρος
755 658 824 700 ἐπ’
853 659 975 700 ἐκεῖνο
1002 657 1047 699 τὸ
1068 657 1190 713 μέρος
1204 658 1451 713 ἐπιστρέφων
1465 654 1599 698 αὐτόν.

139 730 456 785 ὄιαπορουμένου
483 729 526 770 δὲ
551 733 622 770 τοῦ
641 726 851 781 Ῥωμαίων
875 730 1050 783 στρατοῦ
1076 728 1142 768 καὶ
1169 726 1210 768 ἓν
1232 723 1416 778 θαύματι
1440 724 1599 781 μεγάλῳ
1624 727 1654 760 Β

138 798 376 851 ποιουμένου
401 796 446 839 τὸ
473 802 639 854 πρᾶγμα
648 829 661 847 ,
698 795 806 846 ὅπως
832 796 872 845 ἒς
895 793 1136 850 τηλικαύτην
1162 794 1461 850 ἀνυπέρβλητον
1487 793 1601 846 ἰσχὺν

139 864 404 922 ἀπροοράτως
429 863 557 915 οὕτως
582 862 931 922 παρακινδυνεύειν
958 863 1090 905 ἐθέλοι
1118 861 1400 918 (ἐξεπλήττετο
1423 862 1501 918 γὰρ
1525 861 1602 903 αὖ-

86 942 132 977 10
143 933 236 983 τοὺς
261 934 306 976 τὸ
332 936 527 988 μηδαμοῦ
552 938 624 976 τοῦ
649 931 949 990 στρατεύματος
973 933 1120 974 ἐκείνου
1149 934 1462 989 διαφαίνεσθαι,
1502 930 1600 972 κάν-

139 1006 282 1045 τεῦθεν
307 1001 432 1060 ᾤοντο
458 1000 671 1058 πρόδρομα
695 1005 824 1044 ταῦτα
849 1005 920 1055 τῆς
945 1001 1018 1043 σὺν
1044 1005 1101 1059 τῷ
1127 1001 1299 1043 σουλτάν
1332 999 1497 1042 ἔσεσθαι
1520 1016 1602 1040 πα·-

119 1069 346 1127 .ρατάξεως
370 1075 427 1127 τῷ
453 1074 525 1112 τοῦ
551 1069 670 1127 ὅρους
695 1068 750 1120 ὡς
775 1072 878 1120 εἰκὸς
902 1066 1465 1127 ἀμφιλαφεῖκρυπτομένης),
1491 1072 1598 1110 θαυ-

139 1138 347 1194 μαζόντων
373 1133 464 1189 οὖν,
491 1139 612 1189 αὐτὸς
636 1139 767 1195 ἠρέμα
790 1139 1070 1193 (διακεχυμένος
1092 1138 1137 1180 τὸ
1160 1137 1375 1195 πρόσωπον
1394 1135 1599 1193 “hamc''

141 1208 218 1265 ἔφη
248 1205 273 1221 “
286 1205 476 1261 Ῥωμαῖοι
486 1240 499 1259 ,
534 1207 592 1262 μὴ
619 1208 669 1262 δὴ
694 1211 810 1262 τέχνη
836 1207 1068 1264 βαρβαρικὴ
1096 1207 1339 1250 ὁέδιττέσθω
1364 1206 1436 1261 τὴν
1461 1204 1602 1260 ἡμετέ-

89 1282 132 1318 15
144 1293 220 1333 ραν
246 1276 449 1331 ἀγχίνοιαν
459 1308 471 1327 ,
497 1276 598 1331 μηδ’
628 1277 691 1318 ἐπὶ
717 1277 791 1326 τὰς
815 1277 991 1330 σημαίας
1017 1277 1172 1318 ἀπεῖναι
1194 1276 1399 1329 ξυμβαίνει
1414 1279 1485 1316 τοῦ
1498 1290 1604 1315 κατα

140 1345 325 1398 μέτωπον
362 1342 458 1398 ἡμῖν
496 1343 700 1402 ὁρωμένου
734 1343 877 1387 τούτου
912 1343 1231 1400 στρατεύματος,
1271 1342 1499 1397 ἀλλαχόθεν
1524 1358 1602 1383 που

141 1411 294 1463 ταύτας
318 1412 392 1454 σὺν
417 1412 686 1469 στρατεύματι
713 1412 823 1471 ἄλλῳ
848 1420 1030 1469 παρεῖναι
1059 1414 1208 1456 οἴεσθε.
1267 1411 1356 1454 οὕτε
1382 1412 1459 1469 γὰρ
1487 1410 1604 1467 ἑτέρα
1626 1415 1656 1449 C

141 1498 204 1531 τις
228 1486 354 1537 μοῖρα
382 1480 589 1536 δυνάμεως
612 1480 890 1524 ὑπολέλειπται
917 1480 1028 1535 οἶμαι
1054 1484 1261 1538 Πέρσαις,
1289 1482 1356 1522 καὶ
1381 1481 1432 1522 τὰ
1460 1486 1608 1534 σημεῖα

144 1550 188 1591 δὲ
225 1551 363 1606 σφίσιν
403 1550 527 1592 αὐτοῦ
563 1567 641 1592 που
678 1552 745 1592 καὶ
779 1551 843 1591 ε’πὶ
876 1554 926 1606 τῇ
952 1548 1082 1607 λόχμῃ
1110 1550 1274 1592 ἑστᾶσιν
1296 1550 1337 1591 ἓν
1362 1554 1420 1607 τῷ
1447 1549 1607 1605 ἀφανεῖ,

90 1616 197 1660 2οῗν’
226 1619 405 1668 ἕπιδειξει
431 1618 616 1673 πλήθους
641 1617 870 1674 ἐκπλήττειν
894 1617 1002 1673 ἡμᾶς
1028 1618 1165 1674 ἔχοιεν.
1200 1619 1257 1673 μὴ
1274 1619 1406 1660 τοίνυν
1419 1622 1491 1659 τοῦ
1504 1616 1610 1670 πλή-

143 1690 249 1736 θους
273 1690 506 1740 θαμβεΐσθε
532 1687 578 1730 τὸ
603 1686 837 1744 βάρβαρον,
865 1695 1135 1744 περιφροιέῗτε
1163 1688 1206 1729 δὲ
1226 1691 1381 1741 μᾶλλον
1393 1691 1465 1740 τῆς
1479 1686 1608 1727 ἀσθε-

145 1755 264 1803 νείας.
300 1754 347 1795 οὗ
372 1755 448 1812 γὰρ
475 1756 648 1812 πέφυκεν
674 1755 848 1810 ἀλήθεια
875 1759 1078 1815 φαντασίᾳ
1105 1758 1374 1812 συγγίνεσθαι.
1410 1755 1501 1796 ἀλλ’
1532 1753 1610 1809 ἐγώ

144 1822 220 1876 μὲν
244 1821 318 1865 σὺν
343 1827 422 1864 τῶν
446 1821 661 1880 ταγμάτων
686 1831 770 1874 τοῖς
794 1825 1059 1880 ἐμπροσθίοις
1085 1824 1220 1878 ἄπειμι
1248 1823 1350 1880 παρ’
1377 1823 1481 1864 αὐτὰ
1502 1840 1609 1876 συμ-

242 1938 481 2021 10.δ,ἐκείίνου]
506 1942 604 1976 Fort.
623 1942 813 1976 addendum
833 1940 902 1982 τὰς
924 1941 1094 1987 σημαίας.
1210 1941 1264 1976 15.
1286 1938 1380 1985 μηδ’
1404 1939 1486 1986 ἐπὶ]
1512 1940 1608 1976 Fort.

236 1997 287 2031 μη
352 1998 368 2021 ε
386 2012 396 2022 ·

147 2101 177 2134 is
192 2100 267 2134 loco
283 2100 496 2143 consideret,
530 2112 604 2134 cum
619 2100 734 2135 statim
751 2113 816 2135 non
832 2101 1000 2146 potuisset
1012 2100 1158 2144 rescire,
1189 2100 1290 2135 animi
1306 2100 1465 2147 impetum
1480 2101 1608 2146 paulis-

149 2158 211 2191 per
225 2146 378 2182 inhibuit.
425 2152 493 2180 tum
508 2147 660 2190 militari,
688 2159 755 2192 qua
771 2147 979 2192 potissimum
995 2148 1190 2192 praestabat
1204 2147 1428 2192 experientia,
1455 2148 1609 2191 edoctus,

152 2193 193 2225 ad
218 2193 390 2226 dexteram
417 2192 564 2226 civitatis
591 2204 750 2237 praeesse
775 2193 867 2226 illum
883 2193 1020 2227 militum
1037 2205 1164 2236 cuneo,
1198 2193 1392 2236 signiferum
1408 2195 1526 2228 fraeno
1545 2206 1610 2238 ap·-

151 2238 350 2283 prehensum
377 2249 418 2271 eo
444 2239 618 2272 confestim
643 2239 766 2283 trabit,
799 2238 966 2283 rapitque,
1013 2239 1143 2284 stupuit
1159 2239 1201 2273 ad
1217 2239 1377 2273 eiusmodi
1391 2241 1520 2274 facinus
1535 2241 1610 2274 Ro-

151 2294 268 2317 manus
296 2283 464 2317 exercitus
476 2311 485 2326 ,
514 2285 623 2328 magni
647 2285 755 2318 instar
779 2284 925 2318 miraculi
941 2289 1035 2318 ratus
1050 2297 1124 2318 esse
1136 2313 1145 2328 ,
1175 2285 1266 2329 quod
1282 2291 1394 2319 tantas
1409 2286 1543 2330 copias,
1574 2290 1612 2319 et

152 2340 239 2373 quae
255 2340 333 2363 suas
349 2341 485 2363 numero
501 2331 601 2374 longe
617 2331 820 2364 excederent
831 2357 842 2373 ‚
873 2331 1042 2375 inopinato
1058 2331 1158 2364 vellet
1173 2331 1310 2375 aggredi
1326 2337 1428 2376 atque
1443 2332 1490 2365 ita
1506 2343 1611 2376 prae-

151 2374 187 2408 lii
202 2375 308 2408 aleam
324 2375 448 2408 subire.
495 2377 649 2410 terrebat
663 2376 747 2410 enim
765 2377 852 2420 quod
867 2388 932 2410 non
950 2382 1130 2421 appareret
1145 2388 1263 2420 agmen
1280 2377 1358 2411 illud
1377 2378 1517 2419 hostile,
1534 2388 1613 2411 eos-

152 2431 219 2465 que
247 2433 330 2465 quos
355 2421 512 2466 videbat,
543 2433 783 2466 praecursores
798 2434 872 2456 esse
887 2423 1108 2456 arbitraretur
1123 2423 1291 2467 copiarum
1308 2423 1473 2456 hostilium
1485 2450 1495 2465 ,
1526 2435 1615 2467 quae

152 2466 244 2499 forte
258 2466 290 2499 in
307 2466 464 2500 montium
479 2468 632 2501 faucibus
649 2468 899 2502 delitescerent.
944 2481 984 2501 ea
1000 2468 1220 2502 admiratione
1236 2469 1375 2511 defixis,
1393 2469 1516 2502 leniter
1531 2471 1613 2502 sub-

153 2510 266 2544 ridens
297 2512 394 2545 “viri
405 2512 424 2527 ''
457 2511 566 2557 inquit
600 2515 622 2531 ‘⁵
634 2513 792 2556 Romani,
824 2514 1004 2547 animorum
1030 2519 1218 2547 nostrorum
1234 2515 1404 2548 solertiam
1419 2526 1461 2548 nc
1477 2521 1613 2560 pertur-

153 2556 214 2591 bet
235 2558 453 2591 barbarorum
478 2564 695 2603 strategema.
741 2571 852 2604 neque
874 2559 959 2594 enim
984 2564 1168 2604 propterea
1184 2560 1274 2604 quod
1292 2561 1335 2593 ab
1351 2560 1501 2594 exercitu
1515 2588 1524 2604 ,
1556 2561 1613 2605 qui

156 2612 176 2635 e
198 2602 338 2646 regione
364 2604 588 2648 conspicitur,
621 2606 740 2639 abesse
755 2605 848 2648 signa
865 2605 1054 2649 contingat,
1086 2617 1127 2639 ea
1142 2605 1277 2639 aliunde
1292 2617 1366 2639 cum
1382 2605 1448 2639 alio
1463 2607 1613 2639 exercitu

155 2646 273 2680 adfore
295 2648 548 2684 existimandum
569 2657 634 2685 est.
683 2651 823 2693 nullam,
854 2657 893 2684 ut
909 2651 1073 2692 arbitror,
1104 2650 1203 2684 aliam
1220 2651 1388 2685 exercitus
1403 2657 1535 2697 partem
1550 2652 1612 2686 ha—

154 2691 237 2725 bent
267 2694 411 2728 Persae:
442 2695 502 2728 sed
533 2696 623 2729 intra
651 2698 791 2731 arbusta
818 2701 854 2730 et
873 2697 907 2730 in
931 2698 1076 2730 obscuro
1101 2696 1227 2730 habent
1251 2697 1406 2731 militaria
1429 2698 1542 2741 signa,
1574 2702 1614 2730 ut

156 2739 379 2773 ostentatione
401 2741 620 2775 multitudinis
643 2748 808 2777 terrorem
831 2742 927 2776 nobis
946 2741 1121 2776 incutiant.
1167 2742 1271 2776 nolite
1286 2755 1456 2777 numerum
1472 2744 1612 2776 extime-

155 2793 252 2816 scere
280 2784 516 2828 barbarorum,
546 2789 697 2832 spernite
726 2787 838 2833 potius
862 2788 1142 2829 imbecillitatem3
1171 2788 1212 2822 iis
1229 2788 1315 2822 enim
1329 2800 1415 2833 quae
1430 2790 1543 2822 sucum
1559 2789 1613 2820 sa-

157 2828 248 2860 ciunt
259 2854 268 2870 ‚
299 2829 397 2862 adest
426 2843 503 2865 raro
534 2834 671 2869 veritas.
719 2834 885 2868 contendo
905 2834 1011 2878 igitur
1027 2845 1100 2867 cum
1116 2833 1167 2867 his
1182 2834 1239 2879 qui
1256 2846 1367 2868 coram
1384 2841 1461 2869 sunt
1477 2845 1614 2868 conser-
