1878 3262
635 203 1034 248 HISTORJARUM
1066 204 1115 247 L.
1141 203 1202 246 V.
1543 202 1645 250 247

176 314 326 373 χόντα,
358 313 472 373 ἠξίου
496 315 714 373 ε’νδοθῆναι
739 317 851 377 αὗτῷ
868 321 941 374 τῆς
959 316 1107 361 ἀνόδου
1128 319 1375 376 πειρᾶσθαι,
1402 320 1477 361 τοῦ
1494 316 1539 361 δὲ
1557 316 1644 360 ε’πι-

179 387 407 443 τρέψαντος
425 389 584 443 σπουδῇ
599 391 731 444 πολλῇ
748 389 790 437 ἐς
803 390 922 429 τοῦτο
944 386 1098 444 ἐχώρει.
1165 387 1300 442 ἐπειδὴ
1325 387 1371 429 δέ
1386 404 1490 437 τινες
1504 387 1644 430 Λατί-

180 472 262 497 νων
280 453 448 497 κατόπιν
467 453 594 505 ι’όντες
612 459 832 513 παρελθεῖν
849 456 1119 512 ἐφιλονείκουν
1138 454 1275 507 αὐτόν,
1301 454 1323 497 ὃ
1343 455 1387 497 δὲ
1404 455 1646 512 ἀντέπραττε

180 524 298 580 σφίσι
320 523 452 565 πολλὰ
475 525 543 566 καὶ
562 524 723 579 οὐδαμῆ
744 528 818 567 τοῦ
838 524 978 573 κλέους
994 531 1214 581 συγχωρεῖν
1236 524 1396 579 ἤθελεν.
1464 525 1507 566 ἓν
1538 518 1573 582 ᾧ
1604 524 1648 566 δὲ

145 596 309 634 stafiva
335 593 495 647 ἐγίνετο,
520 590 548 647 ἣ
569 595 717 646 κλῖμαξ
735 593 937 649 αἰφνίδιον
957 593 1014 642 εἷς
1029 596 1104 648 γῆν
1121 592 1274 648 ἠνέχθη
1294 596 1649 635 κατασπασθεΐσα.

178 658 332 702 ἀλλ”ὃ
355 659 608 718 Ἀνδρόνικος
637 664 710 703 τοῦ
737 659 944 715 συνήθους
972 662 1040 702 καὶ
1069 658 1190 702 πάλιν
1220 661 1416 703 ἀπέκειτο
1445 659 1648 718 θράσους.

178 728 315 783 ἐπειδὴ
331 729 410 786 γὰρ
427 728 566 786 ἑτέρας
584 730 813 785 ἐνεχθείσης
831 727 1122 783 ἀναβαίνοντάς
1143 746 1257 779 τινας
1275 724 1399 780 αὖθις
1416 727 1492 772 εἶδε
1502 761 1517 780 ,
1544 731 1648 786 δρα-

176 797 269 852 μὼν
298 798 479 852 ἐπέβαινε
510 799 578 839 καὶ
606 796 742 848 αὐτός.
810 802 940 840 ταῦτα
966 799 1040 852 μὲν
1061 799 1155 854 τῇδε
1178 795 1369 854 ἐχώρησε.
1438 798 1646 854 Στέφανος
1667 807 1699 843 Β

180 867 225 908 δὲ
244 864 266 907 ὅ
286 865 361 923 ῥὴξ
378 871 429 922 τῇ
442 869 515 921 τῆς
534 864 688 916 πόλεως
706 866 913 917 πεποιθὼς
930 866 1132 926 ἀσφαλείᾳ
1158 866 1289 923 (πρὸς
1308 865 1386 922 γὰρ
1405 872 1490 915 τοῖς
1510 866 1649 916 ἄλλοις

125 941 170 976 10
180 936 247 976 καὶ
265 933 403 988 ὄχετὸς
420 934 546 989 αὐτὴν
565 935 608 977 ἐκ
627 933 875 992 τῶνἼστρου
896 932 1047 987 ἐπότιζε
1067 933 1282 989 ναμάτων,
1318 933 1361 984 ὃς
1378 933 1424 978 τὸ
1441 934 1515 988 μὲν
1534 938 1647 990 πρῶ-

177 1020 249 1046 τον
273 1004 332 1053 εἷς
345 1002 390 1046 τὸ
412 1002 588 1060 ἐμφανές
605 1002 730 1046 ἔκειτο
745 1002 952 1061 ὕπαιθρος
971 1004 1035 1045 ἐπὶ
1053 1004 1126 1058 τὴν
1151 1002 1268 1045 πόλιν
1287 1002 1528 1054 ἀνατείνων,
1564 1000 1650 1044 εἶτα

177 1071 379 1125 βασιλέως
410 1070 608 1130 Στεφάνῳ
642 1073 777 1130 ἐκείνῳ
809 1072 1088 1129 συναραμένου
1120 1069 1324 1125 ὑπόνομος
1344 1071 1423 1126 ἤδη
1445 1071 1649 1126 κατέστη)

178 1138 376 1183 πιστεύειν
406 1140 479 1182 οὐκ
507 1138 607 1194 εἶχεν
640 1141 814 1191 εὐπετῶς
845 1140 951 1183 οὕτω
973 1139 1186 1195 Ῥωμαίοις
1217 1138 1452 1183 ἁλώσεσθαι
1485 1137 1651 1194 ταύτην.

180 1206 237 1258 ὥς
255 1209 299 1251 δὲ
316 1208 508 1262 βασιλεὺς
527 1209 680 1252 ἐκεῖθεν
701 1209 884 1263 μεταβὰς
915 1208 1050 1266 ἕτερόν
1075 1227 1114 1252 τι
1140 1207 1336 1266 φρούριον
1357 1206 1574 1265 ἕνεοῦργει,
1609 1209 1652 1250 ἓν

125 1283 169 1321 15
182 1270 217 1335 ᾧ
234 1277 409 1327 πολλοὺς
425 1281 506 1319 τῶν
527 1278 568 1319 ἔν
586 1279 744 1334 Σιρμίῳ
765 1278 900 1335 φέρων
921 1278 1094 1336 ᾠκίσατο
1119 1277 1284 1320 Ovi-'mmor
1296 1309 1312 1329 ,
1345 1276 1416 1327 οὓς
1443 1277 1548 1334 παρ’
1574 1276 1653 1318 αὖ-

177 1351 263 1395 τοῖς
286 1347 515 1395 Χαλισιόυς
542 1345 639 1396 ἔθος
665 1349 800 1389 καλεῖν
829 1347 913 1388 ε’στι
948 1348 1050 1401 (καί
1065 1348 1164 1403 εἶσιν
1182 1344 1431 1402 ἑτερόδοξοι,
1463 1343 1654 1401 καθάπερ

177 1413 257 1469 ’ἤδη
286 1413 388 1471 ἔφην
397 1446 412 1466 ,
434 1414 620 1470 Πέρσαις
642 1415 1038 1472 ταυτοφρονοῦντες)
1049 1447 1066 1466 ,
1094 1412 1183 1458 τότε
1203 1415 1253 1469 δὴ
1268 1414 1320 1457 τὰ
1339 1415 1446 1471 ἀμφὶ
1464 1418 1516 1470 τῇ
1534 1412 1647 1455 πόλει
1670 1421 1702 1456 G

180 1480 347 1539 Ζεύγμῃ
376 1481 694 1536 ξυμπεπτωκότα
718 1483 871 1537 μαθὼν
899 1483 1078 1540 ἀκριβῶς
1104 1484 1291 1539 πρέσβεις
1318 1484 1358 1533 ἒς
1386 1482 1456 1525 τὸν
1478 1482 1654 1536 βασιλέα

178 1551 323 1604 πέμπει
353 1550 508 1607 ἄνδρας
531 1568 574 1593 τε
603 1555 685 1593 τῶν
714 1556 947 1608 περιφανῶν
971 1553 1039 1593 καὶ
1071 1551 1122 1605 δὴ
1150 1553 1219 1593 καὶ
1247 1551 1316 1594 τὸν
1346 1551 1419 1605 τὴν
1438 1552 1654 1593 ἐπίσκοπον
1678 1572 1681 1574 >

122 1621 275 1676 Ξοτῇδε
307 1618 486 1673 λαχόντα
511 1617 667 1676 ἀρχήν,
706 1618 878 1676 Σίρμιόν
905 1637 947 1662 τε
981 1618 1219 1664 ἀποδιδόναι
1238 1617 1453 1674 Ῥωμαίοις
1482 1620 1653 1669 ἐσαῦθις

180 1690 451 1743 διομολογῶν,
485 1688 587 1744 πρὸς
612 1690 656 1731 δὲ
683 1691 749 1732 καὶ
780 1689 1026 1742 Δαλματίαν
1053 1693 1202 1731 πᾶσαν.
1272 1688 1395 1731 οἳκαὶ
1416 1687 1550 1742 ἐπειδὴ
1568 1692 1652 1741 βα-

180 1759 289 1799 σιλεῖ
302 1758 358 1806 εἷς
373 1755 471 1810 ὄψιν
490 1751 650 1811 ἦλθον,
681 1756 840 1802 ἔπεῖπόν
857 1774 899 1802 τε
918 1756 996 1800 ὅσα
1015 1757 1154 1808 αὐτοῖς
1172 1756 1389 1800 ἐπέσταλτο
1412 1758 1480 1798 καὶ
1499 1756 1549 1811 δὴ
1570 1756 1651 1798 ἱκέ-

272 1871 544 1965 ι(15),,αὀιιζξιείιειτο]
567 1872 783 1922 ἀντείχετοῖ
923 1875 980 1914 15.
1002 1873 1156 1923 φέρων]
1178 1874 1233 1911 Ita
1256 1875 1345 1912 coni.
1367 1873 1514 1911 Tollius.
1561 1872 1651 1909 Cod.

306 1932 349 1965 ορ
406 1945 418 1956 .

181 2027 222 2059 ut
243 2023 310 2059 sibi
335 2035 472 2069 quoque
493 2024 696 2058 ascendendi
721 2026 925 2070 potestatem
948 2024 1101 2058 facerett
1131 2034 1242 2068 eoque
1260 2022 1496 2069 permittente,
1524 2032 1653 2056 summo

179 2070 279 2105 animi
298 2071 417 2104 ardore
431 2070 464 2103 in
478 2069 511 2103 id
527 2070 686 2104 incubuit.
733 2070 866 2104 Latinis
879 2082 962 2103 vero
979 2069 1177 2115 quibusdam
1196 2080 1285 2115 pone
1310 2069 1417 2113 ipsum
1433 2068 1652 2113 sequentibus

182 2128 225 2151 ac
241 2116 385 2161 priorem
400 2117 511 2149 locum
526 2127 695 2162 occupare
713 2116 956 2160 annitentibus,
985 2115 1060 2160 ipse
1081 2121 1200 2150 contra
1224 2114 1356 2149 obstitit
1381 2114 1523 2148 maxime
1540 2124 1653 2158 neque

181 2162 359 2207 quicquam
372 2162 415 2195 de
430 2162 541 2206 gloria
556 2162 742 2196 concedere
756 2161 876 2195 voluit.
921 2161 1053 2195 interea
1070 2166 1182 2195 autem
1195 2160 1272 2195 dum
1287 2161 1372 2194 haec
1386 2160 1528 2201 fierent,
1559 2159 1654 2193 scala

180 2208 216 2242 in
240 2213 364 2242 terram
388 2213 530 2252 repente
553 2207 694 2254 delapsa
717 2208 826 2242 fracta
850 2210 914 2242 est.
960 2207 1022 2242 sed
1036 2206 1246 2242 Andronicus
1269 2211 1462 2240 consuetam
1477 2205 1652 2239 audaciam

180 2254 384 2298 resumpsit:
412 2259 449 2287 et
472 2253 568 2287 simul
591 2259 695 2298 atque
716 2254 784 2288 alia
808 2257 922 2287 erecta
945 2253 1060 2295 scala,
1090 2252 1177 2287 vidit
1202 2252 1381 2286 nonnullos
1394 2252 1517 2286 iterum
1531 2262 1653 2285 ascen-

183 2299 325 2341 dentes,
353 2304 389 2333 et
407 2299 482 2344 ipse
507 2299 604 2333 etiam
619 2300 786 2344 accurrit,
813 2298 1042 2343 ascenditque.
1088 2298 1172 2332 haec
1187 2298 1319 2343 quidem
1334 2298 1381 2331 ibi
1396 2308 1562 2343 prospere
1576 2307 1653 2330 ces-

183 2355 272 2379 sere.
321 2345 514 2389 Stephanus
529 2350 641 2379 autem
656 2357 718 2379 rex
734 2346 816 2379 fisus
829 2344 964 2389 ingenio
980 2350 1016 2378 et
1029 2344 1218 2379 fortitudini
1233 2344 1381 2378 civitatis
1412 2344 1576 2388 (praeter
1590 2354 1652 2376 ce-

183 2395 259 2425 tera
274 2391 361 2424 enim
377 2390 472 2424 rivus
489 2403 531 2425 ex
546 2392 625 2426 lstri
642 2391 811 2424 deductus
822 2390 920 2424 undis
935 2401 1009 2424 eam
1023 2390 1175 2435 rigabat:
1192 2389 1250 2435 qui
1264 2389 1372 2443 primo
1387 2389 1520 2434 quidem
1532 2392 1652 2433 aperte

182 2440 219 2470 et
240 2437 303 2470 sub
327 2436 383 2470 dio
409 2436 558 2481 positus,
588 2437 710 2471 deinde
723 2437 928 2481 imperatore
943 2437 1116 2481 Stephano
1131 2436 1256 2471 bellum
1269 2436 1456 2475 mserente‚
1481 2445 1546 2479 per
1568 2433 1653 2467 sub-

182 2486 375 2516 terraneum
391 2483 544 2516 canalem
557 2483 590 2517 in
606 2484 723 2517 urbem
738 2483 988 2528 procumbat)
1004 2482 1067 2516 sibi
1081 2482 1115 2516 id
1133 2480 1339 2527 persuadere
1354 2480 1487 2514 minime
1502 2483 1653 2524 poterat,

181 2526 230 2561 ita
258 2527 359 2562 facile
383 2538 405 2560 a
429 2528 592 2563 Romanis
613 2541 715 2574 posse
738 2528 934 2573 expugnari.
977 2528 1055 2562 inde
1066 2528 1183 2571 itaque
1198 2527 1371 2570 digressus
1386 2526 1545 2571 princeps
1558 2524 1651 2558 aliud

187 2573 358 2607 castellum
370 2575 554 2618 exstruxit,
585 2575 672 2619 quod
689 2574 862 2619 Hungaris
877 2573 1024 2620 plurimis
1039 2584 1126 2618 quos
1141 2572 1263 2606 Sirmio
1278 2571 1521 2614 transtulerat,
1552 2570 1653 2604 habi-

186 2618 323 2652 tandum
338 2619 514 2654 concessit.
563 2621 698 2655 Chalisii
718 2621 819 2664 vulgo
835 2621 878 2654 ab
892 2620 975 2665 ipsis
990 2619 1221 2664 appellantur,
1246 2624 1392 2662 suntque
1408 2617 1584 2658 diversae,
1611 2619 1653 2649 ut

187 2673 291 2707 supra
317 2672 530 2700 memoratum
561 2671 631 2709 est,
663 2666 853 2710 religionis,
885 2671 921 2699 et
943 2666 1077 2699 easdem
1100 2675 1142 2698 ac
1164 2664 1292 2698 Persae
1315 2663 1489 2708 opiniones
1511 2663 1652 2696 habent.

188 2712 258 2742 tum
275 2720 357 2742 vero
384 2717 478 2744 certo
501 2713 641 2746 edoctus
664 2713 856 2757 Stephanus
878 2723 967 2756 quae
989 2710 1162 2755 Zeugmae
1177 2709 1252 2743 urbi
1265 2709 1490 2750 accidissent,
1520 2708 1654 2752 legatos

188 2752 234 2788 ad
254 2753 488 2798 imperatorem
511 2758 617 2800 misit,
646 2758 740 2792 viros
763 2756 930 2802 dignitate
954 2756 1175 2801 conspicuos,
1203 2766 1288 2799 quos
1301 2755 1389 2789 inter
1405 2754 1535 2788 exstitit
1547 2754 1578 2787 is
1593 2752 1651 2796 qui

190 2798 374 2843 episcopali
394 2812 530 2838 munere
555 2804 602 2838 ibi
627 2804 850 2849 fungebatur,
884 2803 1109 2848 Sirmiumque
1123 2813 1160 2835 se
1175 2801 1359 2843 Romanis,
1387 2801 1526 2846 insuper
1549 2798 1650 2832 etiam

190 2849 298 2879 totam
311 2845 510 2884 Dalmatiam
527 2850 760 2885 restituturum
774 2849 945 2896 pollicitus
962 2853 1026 2884 est.
1071 2852 1111 2883 ut
1124 2859 1250 2883 venere
1263 2847 1297 2881 in
1312 2852 1527 2893 conspectum
1542 2844 1649 2889 impe-
