1878 3262
281 187 376 234 190
915 182 1104 226 NOTAE

276 296 388 343 potius
403 291 550 332 librarii,
581 290 639 336 qui
655 287 694 325 ἐν
709 291 754 337 τῇ
779 289 867 335 στη’,
900 302 964 335 pro
982 288 1081 334 στμῖ,
1111 289 1204 324 sacili
1217 290 1314 335 lapsu
1328 291 1476 337 scripsit.
1522 290 1666 338 proinde
1680 301 1742 325 an·-

276 353 338 377 nus
352 339 466 374 mundi
480 339 575 372 iuxta
590 338 746 371 Graecos
760 337 825 371 fuit
840 336 942 382 6040,
956 341 995 370 ut
1009 340 1104 371 recte
1119 336 1274 370 Zonaras
1289 336 1403 373 tradit.
1425 338 1533 372 sedin
1548 337 1743 380 indictione,

277 398 377 433 quam
405 386 447 420 15
471 384 658 419 cucurrisse
682 384 747 417 hoc
774 395 861 418 anno
877 388 1022 428 uterque
1036 383 1176 426 volunt,
1207 381 1348 427 perinde
1362 383 1514 419 mendum
1531 389 1585 418 est
1599 383 1743 417 manife-

276 438 384 475 stum,
414 443 489 465 cum
506 434 635 465 certum
651 430 697 463 sit
712 429 874 464 decimam
890 430 1009 475 reponi
1023 429 1192 463 debuisse.
1238 428 1272 462 id
1294 428 1471 463 evidenter
1491 434 1589 476 patet
1604 441 1648 464 ex
1663 437 1757 463 ver-'

275 479 330 514 bis
357 478 507 512 eiusdem
524 476 668 511 Cedreni
682 501 692 518 ‚
723 476 889 511 tradentis
914 488 936 510 a
959 476 1014 510 die
1038 486 1105 520 quo
1130 473 1406 518 conflagraverat
1425 475 1476 510 M.
1501 475 1668 519 ecclesia,
1699 474 1745 509 ad

274 524 525 559 Encaeniorum
554 523 643 557 diem
669 522 836 557 ecclesiae
871 522 1121 564 Iustinianeae,
1165 521 1299 566 elapsos
1335 531 1441 555 annos
1474 521 1495 555 5
1531 532 1662 556 menses
1701 525 1743 557 11

275 571 349 605 dies
370 573 423 606 10.
472 569 567 615 atqui
583 568 811 613 conflagravit
825 568 874 602 M.
900 568 1047 604 ecclesia
1072 569 1114 602 15
1138 566 1286 602 Ianuarii
1312 578 1342 600 a.
1369 567 1451 601 Chr.
1475 567 1563 609 532,
1589 568 1654 602 hoc
1676 571 1745 608 est,

276 617 384 663 primo
401 615 576 650 seditionis
591 615 665 657 die,
697 626 785 660 quae
799 615 833 649 in
848 615 998 660 quintum
1013 625 1121 659 usque
1136 616 1311 658 protracta
1334 616 1409 656 est,
1440 623 1462 646 a
1487 624 1553 658 quo
1579 612 1626 647 ad
1648 613 1746 647 dedi-

278 663 443 696 cationem
467 672 555 707 quae
582 662 672 695 facta
696 666 751 695 est
774 662 819 696 26
835 660 1033 695 Decembris
1058 672 1088 695 a.
1106 659 1189 694 Chr.
1203 660 1271 695 537
1294 663 1375 704 post
1388 659 1600 693 consulatum
1614 658 1746 693 Belisa-

276 709 317 742 rii
333 708 516 742 secundum
527 734 538 750 ,
568 707 685 742 indict.
704 707 758 750 15,
774 718 804 741 a.
821 707 998 742 Iustiniani
1016 708 1071 749 11,
1087 706 1258 739 intersunt
1271 708 1326 739 tot
1340 705 1418 739 anni
1434 709 1470 739 et
1484 715 1635 748 menseS,
1662 708 1748 750 quot

277 752 302 789 a'
322 755 479 788 Cedreno
496 757 744 799 computantur.
789 753 965 787 Encaenia
978 752 1065 786 enim
1082 752 1120 786 S.
1138 751 1288 797 Sophiae
1304 751 1369 785 hoc
1383 751 1439 785 die
1454 751 1629 785 celebrata
1640 750 1749 784 fuisse

276 800 385 834 tradit
400 800 618 834 Marcellinus
634 801 778 835 Comes:
808 800 951 834 ecclesia
968 799 1081 832 maior
1095 798 1163 834 GP.
1179 799 1223 832 ab
1236 799 1443 842 imperatore
1459 798 1654 832 Iustiniana
1672 796 1747 831 sin·
1805 807 1809 810 ·

279 847 459 892 gulariter
476 848 515 881 in
531 847 659 880 mundo
682 850 877 880 constructa
898 846 1081 879 dedicatur
1099 844 1156 878 die
1171 846 1204 880 6.
1223 845 1306 878 Kal.
1325 844 1521 878 lanuarias.
1567 847 1604 878 at
1621 853 1696 878 cum
1713 852 1747 877 a.

281 893 459 926 Iustiniani
485 893 531 928 32
554 892 679 926 trullae
705 903 766 926 seu
782 891 1020 936 hemisphaerii
1035 901 1117 935 pars
1132 889 1352 924 occidentalis
1365 895 1480 924 terrae
1493 896 1587 924 motu
1601 888 1748 924 decidis-

280 943 354 982 set,
384 949 519 982 unaque
544 942 580 972 et
597 949 728 971 sacram
743 950 889 972 mensam
907 941 941 972 et
957 937 1117 971 ciborium
1135 940 1170 970 et
1183 937 1357 970 ambonem
1374 936 1614 978 contrivisset;
1643 934 1748 970 Iusti-

281 985 401 1018 nianus
412 1009 422 1028 ,
460 984 502 1017 iis
527 984 774 1027 reaedificatis,
788 1020 793 1023 ,
817 983 991 1017 ecclesiam
1018 994 1150 1017 rursum
1175 982 1324 1016 dedicari
1346 982 1445 1016 iussit
1467 983 1530 1016 hoc
1557 993 1665 1023 anno,
1697 980 1750 1014 uti

281 1030 433 1076 pluribus
448 1029 587 1063 tradunt
602 1030 795 1064 Chronicon
810 1029 1040 1071 Alexandrin.,
1055 1029 1305 1073 Theophanes,
1323 1028 1519 1069 Cedrenus,
1534 1028 1752 1062 Hermannus

285 1076 510 1116 Contractus,
542 1081 577 1108 et
593 1075 671 1115 alii;
703 1087 725 1110 a
747 1087 814 1120 quo
835 1076 879 1109 ad
902 1087 1024 1109 annum
1041 1080 1185 1120 coeptae
1200 1074 1304 1107 totius
1320 1074 1483 1108 ecclesiae
1498 1072 1752 1108 exaedificatio-

284 1122 335 1155 nis
359 1122 527 1155 intersunt
542 1121 621 1154 anni
635 1122 680 1155 22
690 1148 700 1164 ,
717 1133 760 1154 ex
776 1121 898 1165 quibus
914 1121 1087 1164 colligitur
1103 1121 1330 1163 Graecorum,
1347 1120 1376 1154 si
1390 1120 1435 1154 ad
1451 1120 1598 1154 secunda
1611 1119 1752 1154 Eucae-

282 1168 338 1202 nia
353 1167 584 1212 respexerint,
616 1178 659 1200 ne
674 1166 724 1201 sic
738 1167 871 1211 quidem
886 1171 1043 1200 constare
1057 1166 1230 1200 calculum.

377 1225 423 1259 62
444 1224 481 1258 S.
495 1224 667 1268 Georgius
683 1224 725 1257 de
742 1224 954 1268 Mangana]
982 1223 1037 1257 De
1052 1223 1116 1257 hac
1132 1222 1217 1256 aede
1232 1222 1375 1256 diximus
1389 1222 1432 1256 ad
1449 1221 1617 1258 Villhard.
1632 1232 1668 1256 n.
1685 1222 1753 1257 178

283 1274 319 1305 et
333 1270 368 1305 in
385 1270 506 1304 Tract.
525 1270 614 1304 Hist.
631 1270 673 1303 de
686 1269 810 1315 Capite
825 1270 862 1303 S.
878 1270 975 1304 Ioan.
992 1270 1094 1314 Bapt.
1112 1281 1142 1304 c.
1159 1270 1180 1304 8
1194 1280 1228 1303 n.
1248 1270 1301 1303 1-1.
1326 1268 1414 1302 adde
1428 1267 1599 1302 Alexiadis
1613 1279 1650 1312 p.
1665 1268 1724 1302 80.

372 1328 418 1362 63
439 1327 574 1361 Sancta
594 1327 739 1371 Her-ini]
769 1325 855 1360 Tria
879 1326 1087 1372 potissimum
1104 1325 1175 1359 GP.
1198 1325 1316 1359 Irenes
1340 1325 1473 1359 nomine
1498 1324 1603 1358 fuisse
1627 1323 1753 1370 templa

281 1373 464 1419 comperio.
512 1373 653 1418 primum
676 1373 769 1418 quod
786 1372 1029 1406 Constantinus
1044 1372 1095 1406 M.
1109 1371 1206 1405 iuxta
1221 1371 1336 1407 aedem
1354 1371 1558 1417 Sophianam
1572 1369 1754 1414 exstruxit,

282 1419 327 1452 de
350 1431 417 1464 quo
441 1419 603 1453 Socrates
619 1419 640 1452 l.
659 1421 677 1453 1
708 1431 737 1453 c.
759 1419 802 1452 16
828 1418 849 1452 l.
865 1420 888 1453 2
914 1431 944 1452 c.
961 1420 1004 1459 6,
1030 1418 1205 1452 Cedrenus
1221 1429 1300 1463 pag.
1318 1419 1403 1460 282,
1427 1417 1526 1453 Paul.
1541 1416 1638 1451 Diac.
1653 1415 1677 1449 l.
1695 1417 1752 1459 11,

280 1465 428 1510 Niceph.
448 1465 535 1500 Call.
551 1465 573 1499 l.
590 1466 611 1499 9
629 1477 659 1498 c.
675 1465 698 1498 4
714 1468 781 1498 etc.
829 1465 917 1498 hanc
939 1465 1059 1498 aedem
1076 1464 1224 1498 Codinus
1239 1465 1372 1498 Irenem
1392 1464 1576 1508 antiquam
1598 1461 1753 1507 appella-

279 1515 348 1544 tam
371 1511 476 1544 fuisse
491 1511 558 1552 ait,
590 1514 629 1543 ut
655 1515 691 1543 et
715 1514 815 1543 vetus
832 1511 925 1543 urbis
940 1509 1134 1555 descriptio.
1180 1509 1320 1543 nominis
1334 1509 1498 1543 rationem
1516 1508 1619 1542 tradit
1634 1511 1754 1541 auctor

278 1556 371 1590 vitae
391 1556 489 1593 Pauli
509 1555 650 1601 patriar.
673 1555 744 1591 ΟΡ.
769 1556 861 1600 apud
883 1556 1058 1590 Photium:
1091 1557 1369 1599 Χειροτονεῖται
1397 1550 1418 1589 ὁ
1436 1554 1590 1593 Παῦλος
1609 1551 1754 1587 ἐπίσκο·

277 1613 349 1641 πος
367 1599 406 1636 ἐν
422 1602 467 1647 τῇ
488 1602 556 1646 τῆς
576 1597 686 1645 ἁγίας
706 1600 871 1645 Εἰρήνης
888 1599 1056 1648 ἐκκλησίᾳ
1068 1630 1077 1646 ‚
1105 1597 1153 1645 ἣν
1171 1597 1192 1635 ὁ
1213 1598 1345 1645 χρόνος
1362 1596 1668 1634 ἀντιδιαστέλλων
1685 1599 1756 1644 τῆς

280 1647 369 1688 νέας
394 1646 532 1682 δέδωκε
555 1647 753 1681 καλεῖσθαι
772 1644 949 1681 παλαιάν.
998 1659 1072 1681 cum
1089 1646 1334 1690 conflagrasset
1349 1646 1384 1680 in
1399 1646 1567 1680 seditione
1580 1644 1753 1679 Victoria-

278 1697 408 1736 torum,
439 1698 479 1727 ut
493 1698 547 1727 est
560 1693 595 1726 in
613 1693 784 1727 Chronico
801 1693 900 1727 Alex.
919 1697 954 1727 et
969 1693 1062 1738 apud
1079 1693 1267 1734 Zonaram,
1299 1692 1512 1734 Cedrenum‚
1537 1695 1617 1735 etc,
1646 1691 1754 1725 multo

279 1740 475 1785 ampliorem
501 1739 670 1773 exstruxit
690 1738 898 1772 Iustinianus
912 1764 922 1781 ,
953 1739 1002 1773 ita
1024 1742 1063 1772 ut
1084 1738 1265 1772 secundum
1293 1748 1314 1770 a
1337 1737 1514 1783 Sophiana
1538 1736 1623 1771 aede
1643 1737 1756 1771 locum

278 1785 440 1821 tenuerit.
464 1785 615 1818 meminit
627 1784 725 1818 istius
741 1784 836 1818 aedis
850 1785 924 1829 ipse
938 1784 1145 1818 Iustinianus
1161 1783 1253 1818 Nov.
1270 1784 1294 1818 3
1308 1795 1338 1817 c.
1348 1784 1382 1818 3.
1404 1782 1505 1817 hodie
1519 1782 1609 1817 intra
1622 1786 1756 1829 septum

277 1832 409 1877 regium
425 1831 570 1873 includi,
596 1835 630 1864 et
640 1841 784 1876 >parvam
799 1830 963 1875 Sophiam
979 1830 1165 1875 appellari,
1197 1834 1317 1864 auctor
1332 1832 1386 1864 est
1402 1828 1539 1873 Gyllius
1554 1829 1589 1863 in
1604 1828 1677 1864 ΟΡ.
1692 1828 1716 1863 l.
1732 1828 1757 1863 3

138 1881 167 1915 P
195 1880 261 1916 186
285 1889 315 1912 c.
332 1879 366 1912 2.
414 1878 524 1912 altera
551 1877 654 1910 aedes
668 1877 714 1912 D.
731 1876 854 1910 Irenae
867 1876 902 1909 in
918 1878 939 1912 7
956 1877 1095 1921 regione
1112 1875 1262 1918 exstitit,
1292 1878 1331 1909 ut
1351 1879 1402 1909 est
1414 1875 1448 1909 in
1462 1875 1574 1908 veteri
1587 1874 1680 1909 urbis
1694 1874 1757 1908 de-

281 1924 400 1969 script.
448 1924 535 1957 hanc
550 1922 745 1956 Marcianus
768 1922 848 1967 imp.
867 1922 1087 1964 condiderat,
1117 1922 1168 1955 uti
1195 1922 1327 1956 discere
1352 1924 1404 1955 est
1425 1932 1469 1955 ex
1487 1920 1613 1955 Niceta
1627 1920 1662 1954 in
1676 1919 1757 1958 Ma—

282 1972 383 2005 nuele
408 1969 432 2003 l.
459 1970 482 2004 3
505 1980 540 2014 n.
563 1969 585 2004 7
609 1979 668 2002 seu
692 1973 730 2002 ut
752 1968 875 2002 volunt
891 1968 1083 2012 Synaxaria
1097 1968 1140 2001 ad
1156 1969 1177 2002 8
1193 1967 1358 2009 Ianuarii,
1390 1968 1428 2001 S.
1456 1966 1668 2012 Xenophon,
1698 1964 1758 2012 qui

284 2016 403 2050 eodem
419 2015 595 2049 Marciano
611 2014 800 2060 imperante
815 2014 915 2049 vixit.
963 2014 1067 2048 tertia
1090 2013 1236 2058 denique
1259 2013 1363 2047 aedes
1389 2013 1433 2047 D.
1449 2013 1569 2047 Irenae
1590 2015 1689 2046 sacra
1713 2021 1757 2046 ea

286 2066 358 2104 est,
391 2073 491 2106 quam
506 2060 712 2094 Iustinianus
736 2061 780 2094 ad
794 2060 914 2094 ostium
930 2059 1022 2094 sinus
1039 2059 1194 2094 Cerativi
1208 2059 1407 2094 aedificasse
1420 2062 1541 2092 auctor
1557 2063 1610 2092 est
1624 2058 1757 2093 Proco-

287 2108 364 2154 pius
380 2107 404 2140 l.
424 2109 455 2141 1.
473 2107 516 2140 de
529 2107 645 2141 Aedif.
662 2107 746 2140 Iust.
764 2118 863 2151 quam
879 2106 1107 2152 Theophanes
1122 2105 1311 2140 dedicatam
1337 2105 1446 2139 fuisse
1461 2104 1511 2139 ait
1525 2115 1556 2138 a.
1574 2103 1618 2139 25
1634 2103 1756 2138 lustin.

286 2153 419 2188 exstitit
442 2157 617 2198 praeterea
639 2152 672 2186 in
690 2152 792 2196 Sycis
820 2152 924 2186 aedes
942 2153 986 2187 D.
1002 2153 1144 2197 Irenae,
1173 2152 1218 2186 de
1237 2162 1306 2197 qua
1319 2151 1466 2197 Niceph.
1490 2150 1578 2186 Call.
1593 2150 1616 2186 l.
1629 2151 1652 2186 8
1675 2161 1706 2185 c.
1722 2151 1758 2185 6.

286 2211 390 2246 porro
406 2198 554 2244 priorem
568 2198 687 2232 aedem
703 2199 757 2232 hic
770 2198 864 2232 innui
884 2198 1053 2235 existimo.

380 2256 426 2291 64
448 2256 485 2290 S.
501 2255 683 2299 Lazarus]
707 2254 952 2289 Monasterium
969 2256 1008 2290 S.
1025 2255 1150 2289 Lazari
1164 2254 1314 2289 condidit
1327 2255 1400 2288 Leo
1415 2252 1660 2299 Philosophus,
1683 2263 1758 2287 mo-

288 2302 405 2337 nachis
421 2301 629 2336 eunuchisin
647 2312 687 2335 eo
703 2300 888 2343 institutis;
920 2301 979 2335 ubi
1003 2313 1150 2347 corpora
1177 2301 1277 2335 etiam
1301 2301 1341 2335 S.
1363 2299 1487 2334 Lazari
1509 2302 1546 2332 et
1568 2298 1607 2334 S.
1624 2298 1758 2333 Mariae

286 2348 512 2393 Magdalenae
528 2359 570 2382 ex
588 2348 706 2392 Cypro
724 2351 760 2380 et
774 2347 934 2392 Bithynia
955 2347 1057 2381 allata
1079 2347 1258 2392 deposuit,
1287 2351 1327 2381 ut
1341 2350 1460 2380 auctor
1475 2348 1528 2379 est
1539 2344 1613 2378 Leo
1630 2345 1758 2379 Gram-

287 2395 429 2428 maticus
445 2406 480 2439 p.
492 2393 560 2428 480
575 2397 610 2427 et
624 2394 690 2428 481
708 2396 743 2426 et
757 2404 801 2426 ex
816 2404 858 2427 eo
875 2393 1027 2427 Codinus
1042 2393 1076 2427 in
1093 2393 1227 2439 Origin.
1243 2405 1266 2438 p
1292 2393 1350 2428 63.
1385 2391 1477 2427 haud
1490 2390 1644 2436 procula
1659 2390 1759 2436 pala-

286 2440 336 2473 tio
354 2439 653 2475 Constantinianeo
668 2439 749 2473 illud
765 2438 886 2473 statuit
900 2439 989 2473 idem
1007 2439 1157 2474 Codinus
1174 2451 1209 2484 p.
1224 2439 1270 2473 40
1286 2443 1322 2473 et
1335 2437 1402 2480 41;
1430 2437 1658 2481 Pachymeres
1671 2447 1758 2471 vero

289 2485 368 2519 MS.
385 2486 408 2519 l.
425 2487 447 2520 9
463 2498 492 2520 c.
514 2487 556 2520 16
571 2485 667 2519 iuxta
681 2485 774 2519 urbis
790 2496 922 2520 muros=
952 2485 1040 2529 μιᾶς
1067 2483 1107 2520 δὲ
1126 2486 1195 2530 τῆς
1215 2483 1311 2520 κατὰ
1331 2482 1400 2529 τὴν
1415 2480 1534 2527 μονὴν
1553 2483 1621 2517 τοῦ
1646 2479 1757 2528 ἁγίου

291 2529 469 2576 Λαζάρου
486 2531 642 2572 πυλίδος
661 2529 910 2575 ἀνοιχθείσης.

384 2589 428 2623 65
453 2590 658 2635 Chiramas]
682 2589 775 2623 Nihil
791 2588 960 2624 succurrit
973 2588 1016 2623 de
1031 2588 1135 2624 hacce
1150 2588 1248 2623 aede.

385 2647 431 2681 66
453 2647 574 2691 Enea]
598 2647 652 2681 De
667 2657 735 2692 qua
749 2647 893 2681 diximus
907 2657 1023 2692 supra.
1381 2668 1382 2671 =

383 2703 429 2738 67
452 2703 577 2737 Petrus
595 2707 627 2737 et
647 2704 800 2748 Paulus]
826 2704 916 2738 Vide
931 2707 1049 2739 notata
1063 2703 1107 2738 ad
1122 2715 1155 2749 p.
1170 2703 1238 2738 482
1252 2699 1406 2736 Alexiad.

384 2761 430 2796 68
451 2758 498 2795 40
516 2760 735 2806 Martyrum]
759 2761 814 2796 De
831 2761 896 2796 hac
911 2761 998 2796 aede
1012 2762 1088 2795 fuse
1103 2760 1230 2806 egimus
1247 2758 1289 2795 ad
1305 2770 1339 2805 p.
1354 2758 1400 2794 52
1413 2756 1571 2793 Alexiad.
