1878 3262
383 226 443 269 IN
464 224 781 268 HISTORIAM
800 224 1027 269 IOANNIS
1048 225 1280 275 CINNAMI
1305 223 1508 268 NOTAE.
1579 225 1676 272 341

210 344 448 388 utrumque,
478 342 515 373 et
533 337 656 373 morti
675 335 877 373 hominem
900 334 1062 373 reddere
1074 366 1087 384 ,
1117 342 1154 373 et
1173 336 1299 373 amici
1314 337 1400 373 sine
1417 338 1573 375 ratione
1581 336 1680 389 jbe-

208 393 308 432 dera
332 407 527 445 rumpere.
584 406 668 431 vox
703 405 796 430 sane
820 391 993 444 piissimo
1026 392 1141 444 digna
1174 393 1376 444 principe,
1405 394 1531 443 qualis
1560 394 1679 432 etiam

206 451 313 489 illius
340 450 419 488 suit
450 450 503 487 ad
527 462 657 501 regem
690 449 874 500 Angliae„
902 449 988 498 cui,
1019 449 1128 498 quod
1150 450 1189 488 S.
1212 449 1386 487 Thomae
1408 450 1685 489 cantuariensi

206 506 497 559 archiepiscopo
525 508 569 544 in
597 508 666 543 sui
681 505 827 558 fidelis
853 507 1126 557 ignominiam
1151 513 1188 544 et
1220 506 1406 544 ruborem
1439 507 1682 559 praesidIum

203 569 446 616 praestaret,
477 563 712 614 queritanti,
742 562 969 614 respondit,
1006 576 1047 599 se
1074 562 1149 600 Ιιοε
1178 564 1246 600 ius
1278 562 1600 602 haereditarium
1626 564 1678 602 ab

206 621 528 659 antecessoribus
559 621 828 669 contraxisse,
869 626 907 657 et
938 633 1091 670 semper
1107 621 1251 669 fuisse
1276 621 1586 659 consuetudinis
1614 636 1680 659 re-

200 680 282 730 gni·
300 679 363 728 *),
393 686 439 716 ut
466 692 600 715 omnes
618 690 696 728 pro
726 677 892 714 iustitia
926 676 1133 713 exulantes
1152 676 1319 728 benigne
1339 679 1534 729 recipiat,
1566 685 1603 716 et
1620 680 1678 717 eis·

203 735 341 772 debita
370 733 646 772 humanitatis
671 734 825 770 solatia
852 731 1072 784 impendat.
1131 733 1295 770 tandem
1330 734 1504 773 Boritius
1537 748 1559 771 a
1588 734 1677 772 Ma-

202 793 318 829 nuele
340 805 430 829 cum
451 790 592 829 validis
613 790 735 842 copiis
752 790 941 828 adversus
955 789 1167 841 Hungaros
1186 790 1350 840 missus,
1380 791 1510 830 deleto
1529 792 1578 830 ab
1598 791 1677 830 ho-

203 849 328 887 stibus
351 848 551 896 exercitu,
580 847 662 898 ipse
683 861 704 884 a
722 847 896 897 quodam
914 847 1090 884 Cumano
1113 846 1327 884 domestico
1347 848 1486 898 sagitta
1510 849 1675 887 transfi-

200 918 278 943 xus
303 905 489 943 occubuit
514 905 556 942 C.
579 905 654 943 An.
679 903 814 953 1156„
840 908 886 942 ut
917 902 1068 941 habent
1091 902 1200 942 Otho
1230 903 1395 955 Frising.
1423 904 1450 941 1.
1474 908 1501 946 7
1531 904 1676 944 Chron.

202 975 234 999 c.
258 960 335 1010 34,
365 961 393 1004 l,
417 966 436 1004 1
475 961 523 999 de
556 961 664 1000 Gest.
694 960 847 999 Frider.
878 974 916 998 c.
931 963 986 1001 30
1016 960 1090 1002 l.2
1116 973 1148 998 e.
1171 963 1238 1002 31.
1296 973 1347 998 ex
1377 961 1529 999 Boritio
1558 967 1676 1000 natus

202 1018 435 1057 calamanus
454 1018 608 1056 Ciliciae
625 1017 868 1070 praefectus,
900 1015 949 1055 de
968 1030 1047 1067 quo
1066 1017 1170 1054 infra
1190 1017 1418 1056 Cinnamus,

313 1100 351 1138 p.
374 1090 454 1130 118
474 1100 513 1126 v.
534 1089 601 1129 21.
661 1084 830 1139 Μαρία]
861 1084 962 1124 Vide
984 1091 1149 1123 stemma
1169 1085 1463 1125 Comnenicum.

312 1167 350 1193 v.
370 1157 439 1196 22.
494 1153 699 1208 ’Ῥογερὼυ
725 1151 790 1205 δὲ]
823 1152 994 1192 Moritur
1016 1153 1208 1203 Rogerius
1226 1152 1379 1190 Siciliae
1397 1167 1474 1192 rex
1496 1152 1542 1193 A.
1564 1153 1672 1196 1152

197 1210 337 1250 indict.
363 1213 398 1252 1.
435 1210 491 1248 ita
519 1210 766 1261 Romualdus
784 1211 827 1248 in
849 1210 998 1249 Chron.
1021 1216 1059 1248 et
1078 1209 1185 1247 Otho
1209 1209 1377 1261 Frising.
1396 1210 1425 1250 l.
1445 1214 1472 1252 2
1494 1210 1543 1249 de
1564 1211 1671 1249 Gest.

196 1267 308 1306 Frid.
329 1280 362 1306 c.
383 1270 447 1310 11.
494 1273 535 1305 at
556 1267 753 1306 Robertus
778 1267 827 1305 de
843 1267 979 1306 Monte
999 1266 1157 1318 Rogerii
1187 1271 1357 1304 mortem
1389 1266 1434 1304 in
1461 1270 1516 1308 29
1546 1265 1671 1318 April.

196 1324 274 1363 An.
295 1321 399 1365 1153
424 1323 571 1375 reiicit,
610 1324 675 1363 alii
702 1324 745 1362 in
770 1322 846 1365 An.
867 1322 989 1367 1154.
1046 1323 1140 1363 vide
1168 1323 1351 1362 Familias
1378 1329 1535 1363 nostras
1563 1324 1671 1362 Nor-

195 1394 408 1419 manmcas.

308 1461 348 1500 p.
369 1450 448 1489 119
467 1461 506 1487 v.
526 1451 565 1492 9.
623 1446 718 1497 τούς
744 1446 930 1501 πρέσβεις
955 1444 1245 1499 ἀπεπέμψατο]
1287 1447 1450 1487 Animos
1477 1447 1671 1487 Manuelis

194 1505 293 1543 mire
312 1511 479 1543 auxerat
497 1506 707 1544 novissime
726 1505 869 1543 initum
883 1511 977 1556 post
996 1504 1154 1555 Rogerii
1173 1517 1378 1543 excessum
1398 1519 1489 1544 cum
1517 1505 1671 1543 Frede-

192 1562 277 1600 rico
303 1561 493 1600 adversus
523 1562 763 1601 Willelmum
791 1562 967 1600 Siculum
996 1561 1160 1610 foedus,
1205 1562 1317 1600 cuius
1346 1562 1529 1601 meminit
1556 1561 1667 1601 Otho

192 1618 358 1670 Frising.
377 1618 405 1658 l.
422 1622 449 1661 2
469 1618 518 1656 de
539 1619 645 1660 Gest.
667 1619 777 1659 Frid.
798 1632 831 1658 c.
853 1622 918 1660 11.
993 1654 996 1655 ⁷

304 1689 433 1729 v.-10.
491 1683 634 1727 στόλον
658 1684 702 1727 δὲ
728 1688 834 1727 νεῶν
855 1681 1040 1738 ἀγείρας]
1071 1684 1268 1724 Praelium
1295 1685 1406 1724 istud
1432 1685 1594 1735 navale,
1623 1685 1667 1723 in

191 1756 271 1793 quo
300 1749 439 1793 captus
467 1744 749 1782 Constantinus
777 1742 948 1794 Angelus
979 1742 1221 1793 Byzantinae
1242 1743 1375 1780 classis
1399 1743 1508 1794 dux,
1537 1742 1668 1793 attigit

192 1800 312 1838 etiam
333 1799 488 1837 Nicetas
505 1800 530 1838 l.
550 1804 576 1841 2
596 1815 634 1839 n.
654 1804 696 1842 7.
734 1800 886 1838 Siculae
912 1805 1096 1850 praeerat
1121 1798 1225 1837 Maio
1256 1800 1460 1849 Barensis,
1490 1805 1535 1838 ut
1559 1799 1667 1836 idem

191 1857 334 1904 refert,
367 1857 435 1906 qui
455 1856 497 1893 in
523 1856 737 1907 diplomate
762 1855 950 1895 Willelmi
982 1855 1082 1905 regis
1112 1855 1219 1907 apud
1237 1856 1452 1894 Baronium
1481 1855 1527 1893 A.
1557 1855 1667 1897 1156

191 1926 369 1964 magnus
392 1915 634 1950 ammiratus
653 1914 969 1951 ammiratorum
988 1912 1134 1949 dicitur
1147 1943 1157 1959 ‚
1186 1914 1250 1950 vir
1273 1912 1504 1962 ceteroquin
1523 1911 1666 1949 humili

190 1975 299 2007 sorte
320 1969 495 2020 genitus,
526 1982 642 2019 quem
665 1969 783 2006 caede
803 1968 1073 2006 crudelissima
1092 1968 1288 2007 interiisse
1311 1975 1452 2008 auctor
1471 1974 1530 2007 est
1546 1968 1663 2019 Hugo

189 2026 222 2064 F
224 2025 433 2075 alcandus,
463 2025 531 2075 qui
547 2025 652 2064 illius
668 2025 875 2064 historiam
893 2026 977 2063 fuse
995 2026 1262 2076 prosequitur.

302 2106 343 2144 p.
375 2095 452 2136 121
482 2106 522 2133 v,
549 2097 617 2135 20.
680 2088 875 2145 Τερόζης]
914 2093 1040 2130 Toros
1068 2105 1138 2130 seu
1169 2092 1426 2141 Theodorus,
1454 2091 1664 2130 Armeniae

188 2150 393 2202 princeps,
424 2149 493 2199 qui
519 2149 660 2188 Livoni
688 2149 805 2188 fratri
825 2154 1078 2190 successerat.
1138 2149 1187 2188 de
1207 2149 1284 2188 hac
1300 2148 1521 2186 Andronici
1537 2161 1661 2201 expe-

189 2206 337 2246 ditione
362 2205 555 2256 quaedam
572 2205 695 2244 habet
708 2206 865 2244 Nicetas
885 2206 910 2243 l.
929 2208 954 2246 3
974 2220 1013 2245 n.
1037 2210 1072 2246 1.

299 2277 339 2315 p.
362 2266 443 2305 122
463 2276 503 2301 v.
526 2265 563 2303 1.
619 2263 792 2315 καίσαρα
811 2261 875 2314 δὲ]
906 2262 1006 2300 Vide
1027 2268 1192 2300 stemma
1215 2260 1510 2303 Comnenicum.

299 2333 339 2359 v.
359 2323 397 2362 3.
456 2320 496 2367 ἐξ
515 2315 769 2370 ἀνθρώπων]
801 2319 856 2356 De
874 2317 1087 2355 Raimundi
1105 2317 1343 2355 Antiocheni
1361 2317 1549 2369 principis
1564 2330 1660 2355 nece

189 2376 418 2415 consulendi
440 2376 633 2415 Willelm.
648 2375 793 2424 Tyrius
813 2375 840 2412 1.
865 2377 918 2415 17
941 2387 973 2413 ο.
995 2375 1042 2421 9,
1071 2373 1255 2413 Willelm.
1284 2374 1559 2425 Neubrigensis
1583 2374 1609 2411 l.
1633 2378 1655 2416 1

189 2447 222 2471 c.
237 2437 314 2483 21,
343 2432 469 2472 Math.
488 2432 632 2479 Paria,
663 2431 833 2472 Robert.
859 2429 908 2468 de
932 2428 1069 2469 Monte
1088 2430 1133 2468 A.
1152 2430 1260 2473 1146
1289 2437 1330 2469 et
1346 2432 1469 2471 Nicol.
1493 2430 1657 2469 Trivet—

187 2495 254 2528 tus
271 2490 316 2529 A.
339 2491 462 2531 1150.
517 2488 609 2527 vide
627 2494 791 2525 stemma
808 2486 1033 2539 principum
1051 2486 1236 2528 Antioch.

295 2558 334 2584 v.
354 2545 393 2588 4.
451 2541 677 2598 φρούριον]
706 2546 824 2596 Nepa
844 2543 993 2582 dicitur
1009 2544 1142 2595 Tyrio.

298 2615 337 2652 p-
361 2601 441 2644 124
459 2616 501 2645 V.
515 2605 542 2644 7
546 2634 555 2644 .
614 2602 671 2650 εἰς
702 2597 949 2652 Ἀντιόχειαν
982 2595 1139 2653 ἦλθεν]
1169 2599 1269 2639 Vide
1294 2599 1534 2639 Willelmum
1556 2599 1653 2651 Tyr.

186 2657 212 2695 l.
231 2660 285 2698 20
304 2671 338 2696 c.
355 2661 395 2699 2.

297 2727 336 2752 v.
357 2717 423 2756 21.
473 2713 773 2768 .Βρανιτζο’βης]
804 2715 950 2753 Ducem
978 2712 1221 2752 Branizobae
1248 2713 1400 2754 dictum
1420 2727 1444 2751 a
1469 2711 1651 2752 manuele

186 2768 456 2808 Andronicum
475 2777 643 2812 testatur
663 2773 781 2811 etiam
799 2772 955 2811 Nicetas
971 2771 998 2810 l.
1020 2772 1046 2813 3
1067 2783 1107 2812 n.
1134 2773 1174 2813 1·.

278 2894 325 2938 *)
357 2893 575 2930 Francorum.
