1878 3262
260 199 359 245 322
716 195 923 239 CAROLI
949 195 1030 238 DU
1059 195 1092 239 F
1094 195 1272 239 RESNE

256 309 326 362 pui
351 303 626 358 Pargiaruchi,
666 315 735 342 seu
761 301 1007 342 Beleiarochi
1037 302 1258 342 Turcorum
1289 305 1440 355 Sultani
1476 305 1726 346 exercituum

259 364 371 403 ducis
390 363 515 410 filius,
546 361 657 400 cuius
679 360 858 399 meminit
879 359 991 397 Anna
1013 359 1038 397 l.
1060 362 1099 400 6.

368 432 407 471 p.
427 418 481 461 34
502 432 541 458 v.
560 421 600 461 6.
658 418 770 459 λείαν
786 420 968 464 Μυσῶν]
1000 414 1260 454 Proverbium
1281 416 1331 454 de
1348 417 1394 454 iis
1412 418 1478 468 qui
1494 419 1633 457 misere
1651 430 1724 456 ex-

255 475 492 529 spoliantur.
540 488 581 515 v.
605 475 762 526 Diogen.
785 473 930 512 Zenob.
949 479 989 511 et
1009 472 1105 510 alios
1124 473 1504 525 paroemiograplios.

369 546 409 584 p.
429 531 484 574 35
501 545 540 571 v.
560 535 627 573 23.
684 532 753 572 καί
771 532 917 583 λίζιον]
947 529 1133 568 Occurrit
1151 543 1232 568 vox
1251 530 1327 568 ista
1349 531 1451 569 infra
1469 545 1510 584 p.
1528 534 1624 574 223.
1683 544 1722 570 v.

256 594 373 628 notas
391 588 443 627 ad
461 587 598 626 Annae
613 602 654 640 p.
675 588 770 631 406.

369 659 408 698 p.
430 648 484 687 36
508 659 547 688 V.
570 647 606 685 1.
664 641 863 697 Εἰρήνην]
895 642 995 682 Vide
1019 648 1182 681 stemma
1203 643 1390 682 Comnen.

367 716 408 742 v.
431 705 472 744 6.
533 701 602 742 καὶ
628 697 656 754 ἣ
688 697 882 756 Ἀλεξίῳ]
922 699 1049 738 Alexii
1079 700 1289 744 Comneni‚
1331 699 1487 738 Ioannis
1517 699 1613 752 imp.
1650 699 1720 737 filii

251 759 525 810 primogeniti,
555 758 622 809 qui
645 757 814 796 Attaliae
834 757 953 809 paulo
972 762 1063 794 ante
1084 757 1325 806 decesserat,
1358 758 1516 795 coniux.
1538 753 1729 809 βασιλεὺς-

253 816 402 854 dicitur
427 816 617 854 Cinnamo
641 814 798 853 Alexius
812 846 821 863 ,
853 814 944 864 quia
966 827 989 851 a
1009 820 1122 864 patre
1142 814 1395 865 imperatorio
1411 814 1532 851 titulo
1552 813 1722 850 donatus

250 873 399 920 suerat,
439 878 486 911 ut
507 878 647 911 auctor
668 877 724 909 est
746 872 914 909 Nicetas.
972 870 1022 908 de
1045 870 1170 908 Alexii
1192 871 1330 908 uxoris
1348 877 1499 920 morte,
1529 869 1720 908 nonnulla

250 942 273 965 a
293 929 406 967 nobis
428 929 640 968 observata
658 929 698 967 in
718 929 893 979 praefato
914 933 1120 965 stemmate
1139 927 1389 966 Comnenico.

363 999 403 1025 v.
424 988 463 1028 8.
521 983 564 1026 τό
584 987 657 1026 τοῦ
677 984 832 1038 βύσσου
851 982 1093 1038 κυαναυγὲς]
1125 985 1306 1036 Purpura
1337 983 1546 1036 ferruginei
1566 981 1719 1020 coloris.

250 1041 376 1082 Gloss.
397 1043 465 1081 Gr.
486 1043 591 1080 Lan:
619 1038 813 1094 πορφύρα
832 1041 994 1092 μέλαινα
1007 1072 1018 1089 ,
1035 1041 1224 1092 ferrugo·
1281 1041 1416 1092 virgil.

411 1101 551 1150 pictus
574 1111 653 1136 acu
676 1097 928 1148 chlamydem
941 1127 951 1146 ,
984 1105 1019 1135 et
1033 1098 1244 1149 ferrugine
1265 1099 1406 1135 clarus·
1428 1096 1558 1136 lbera.

361 1167 401 1193 v.
422 1158 486 1198 19.
544 1153 831 1207 Μελαγγείοις]
861 1153 961 1193 Vide
980 1161 1094 1192 notas
1113 1154 1163 1192 ad
1184 1154 1321 1192 Annae
1341 1168 1379 1206 p.
1401 1153 1499 1194 441.

361 1224 402 1253 v.
430 1214 500 1254 21.
555 1210 774 1265 Ῥογὲριος]
816 1211 942 1248 Maria
967 1212 1165 1249 Comnena
1198 1216 1299 1249 natu
1334 1210 1507 1248 maxima
1544 1206 1718 1245 filiarum

246 1266 407 1305 Ioannis
423 1267 692 1320 imperatoriS,
723 1268 849 1306 Alexii
868 1281 981 1306 soror
999 1268 1183 1319 gemella,
1214 1268 1351 1305 Ioanni
1374 1266 1539 1317 Rogerio
1562 1264 1717 1302 Caesari

246 1337 354 1362 uxor
383 1324 477 1362 data
505 1331 564 1362 est
589 1339 611 1362 a
641 1330 774 1377 patre,
812 1324 874 1362 cui
893 1325 960 1362 illa
978 1324 1088 1362 haud
1115 1324 1185 1362 diu
1204 1330 1401 1375 superstes
1420 1323 1514 1372 fuit3
1552 1319 1718 1358 excessit

246 1381 373 1429 enim,
403 1387 452 1419 ut
482 1379 536 1420 ait
563 1381 642 1420 hoc
668 1382 757 1420 loco
787 1382 1019 1430 Cinnamus,
1064 1381 1137 1418 sub
1165 1381 1313 1432 primos
1341 1379 1496 1432 imperii
1524 1376 1717 1415 Manu'elis

244 1450 381 1479 annos,
439 1438 516 1476 fuit
542 1437 754 1489 Rogerius,
789 1438 821 1476 si
849 1438 975 1476 eidem
1001 1438 1187 1490 scriptori
1214 1437 1290 1476 hac
1314 1437 1356 1475 in
1385 1449 1428 1475 re
1451 1435 1550 1474 fides
1575 1434 1717 1484 aliqua,

243 1494 399 1544 Capuae
421 1494 591 1532 civitatis
609 1496 650 1533 in
670 1495 781 1532 Italia
800 1495 1001 1546 princePS‚
1032 1495 1099 1544 qui
1119 1508 1208 1532 cum
1227 1508 1249 1532 a
1270 1494 1436 1544 Rogerio
1455 1492 1606 1530 Siciliae
1625 1502 1717 1540 rege

242 1549 358 1587 bonis
386 1550 567 1588 omnibus
591 1557 735 1589 exutus
758 1552 902 1599 suisset,
933 1551 1188 1602 Byzantium,
1220 1564 1289 1589 seu
1306 1550 1444 1588 auxilii
1462 1545 1716 1599 impetrandi,

243 1618 312 1643 seu
332 1607 477 1644 ibidem
495 1607 766 1646 commorandi
786 1608 907 1658 gratia
921 1636 932 1656 ,
958 1620 1038 1644 sese
1060 1607 1292 1646 contulerat.
1349 1620 1489 1644 verum
1506 1605 1548 1643 in
1566 1617 1611 1642 eo
1634 1603 1715 1641 falli

243 1669 425 1711 constat,
454 1664 565 1714 quod
592 1665 748 1715 Capuae
776 1664 963 1715 principis
987 1663 1219 1714 dignitatem
1243 1663 1385 1702 tribuit
1402 1661 1591 1714 Rogeri0‚
1624 1674 1719 1698 cum*

240 1720 447 1771 princepS,
477 1721 540 1758 cui
563 1721 754 1772 Rogerius
776 1721 951 1771 Capuam
974 1721 1150 1769 abstulit,
1181 1721 1303 1758 suerit
1320 1720 1519 1758 Robertus
1540 1718 1604 1765 lll,
1633 1716 1715 1767 qui,

241 1782 290 1814 ut
318 1777 452 1815 multis
477 1784 616 1815 narrat
633 1777 859 1815 Alexander
886 1778 1005 1814 abbas
1027 1778 1224 1815 Celesinus
1255 1777 1280 1815 l.
1308 1779 1326 1817 1
1353 1780 1379 1818 2
1402 1782 1442 1814 et
1471 1779 1495 1817 3
1526 1787 1662 1812 rerum
1691 1786 1715 1810 a

240 1832 410 1884 Rogerio
432 1839 650 1884 gestarum,
689 1834 731 1871 in
752 1834 884 1871 Sicilia
905 1834 1027 1873 oculis
1050 1834 1253 1885 privatuS,
1283 1833 1356 1871 sub
1374 1846 1463 1884 rege
1482 1831 1679 1871 Willelmo
1698 1830 1714 1868 1

240 1889 283 1927 in
304 1895 410 1928 tetro
436 1903 592 1928 carcere
611 1891 735 1929 vitam
755 1890 910 1941 finivit,
942 1890 1051 1941 quod
1073 1890 1242 1929 tradunt
1263 1890 1485 1927 Falcandus
1509 1903 1548 1940 p.
1569 1887 1652 1929 647
1673 1892 1714 1924 et

188 1948 197 1953 ''
240 1945 460 1984 Willelmus
477 1948 621 1998 Tyrius
641 1948 665 1986 l.
690 1950 740 1989 18
758 1961 791 1987 c.
812 1952 838 1990 7
859 1953 899 1985 et
919 1951 958 1990 8.
1018 1960 1145 1997 neque
1166 1947 1299 1998 potuit
1323 1947 1355 1984 is
1382 1959 1462 1984 esse
1482 1945 1585 1983 filius
1606 1943 1713 1981 eius-

240 2001 329 2039 dem
351 2003 535 2053 Roberti;
565 2004 771 2055 siquidem,
795 2010 843 2042 ut
864 2003 998 2055 prodit
1017 2004 1124 2042 idem
1143 2002 1370 2041 Alexander
1386 2002 1412 2041 l.
1432 2007 1460 2046 2
1479 2015 1512 2040 c.
1531 2000 1596 2049 64,
1619 2012 1710 2037 cum

240 2058 373 2109 Capua
392 2059 436 2096 in
456 2061 611 2111 Rogerii
631 2062 733 2112 regis
751 2066 983 2112 potestatem
1001 2060 1124 2109 venit,
1155 2074 1259 2098 anno
1283 2059 1431 2097 scilicet
1451 2058 1558 2102 1134
1577 2069 1712 2108 super-

239 2120 326 2152 erat
344 2115 520 2153 Roberto
545 2123 704 2155 tantum
730 2117 835 2155 filius
859 2117 1055 2155 Robertus
1074 2117 1116 2155 in
1135 2116 1353 2155 minoribus
1372 2115 1612 2154 constitutus
1634 2126 1711 2150 an-

238 2171 322 2219 nis,
359 2172 517 2210 tametsi
542 2178 698 2210 constet
716 2174 937 2212 Robertum
966 2174 1153 2226 principis
1179 2174 1305 2212 filium
1328 2169 1710 2221 Constantinopolim

237 2227 389 2279 pariter
409 2227 569 2266 demum
586 2230 831 2279 concessisse,
862 2236 980 2281 atque
1001 2231 1043 2268 in
1064 2231 1154 2268 aula
1173 2229 1365 2268 Manuelis
1383 2229 1507 2267 vitam
1527 2226 1710 2277 exegisse,

239 2296 291 2321 ex
310 2283 358 2321 iis
377 2297 476 2335 quae
496 2284 618 2323 habet
636 2286 744 2326 card.
765 2287 958 2324 Baronius
978 2287 1051 2325 sub
1067 2287 1112 2325 A.
1138 2289 1257 2329 1166.
1314 2285 1391 2324 fuit
1409 2284 1526 2336 igitur
1545 2283 1710 2321 loannes

237 2340 428 2392 Rogerius
466 2355 549 2379 non
582 2342 764 2393 princeps
794 2343 1027 2394 Capuanus,
1072 2343 1142 2380 sed
1176 2355 1225 2380 ex
1254 2341 1390 2380 eadem
1423 2354 1501 2392 qua
1531 2340 1710 2391 Capuani

236 2397 435 2449 principes
454 2398 648 2437 oriundus
668 2399 789 2450 stirpe
802 2429 812 2447 ,
843 2412 942 2449 quae
959 2405 1072 2450 gente
1095 2397 1382 2447 Normannica‚
1412 2397 1601 2447 originem
1619 2403 1708 2434 tra-

237 2452 359 2492 hebat
376 2455 425 2492 ab
443 2454 686 2494 Anschetillo
706 2456 754 2493 de
776 2455 1001 2503 Quadrellis
1020 2456 1223 2494 Aversano
1242 2454 1404 2502 comite,
1434 2454 1500 2504 qui
1519 2466 1600 2491 una
1616 2467 1707 2492 cum

237 2511 449 2562 Ranulpho
471 2526 492 2549 a
516 2512 714 2550 Gaimario
735 2513 983 2551 salernitano
1013 2513 1189 2563 principe
1219 2511 1260 2549 in
1287 2510 1480 2548 auxilium
1506 2516 1706 2558 evocatus,

239 2578 330 2603 cum
351 2567 433 2605 aliis
451 2568 647 2607 nobilibus
669 2569 840 2607 eiusdem
864 2569 991 2621 gentis
1014 2569 1054 2607 in
1075 2569 1226 2607 ltaliam
1248 2567 1405 2605 transiit
1418 2597 1427 2615 ‚
1458 2572 1504 2605 ut
1519 2572 1578 2604 est
1597 2567 1706 2619 apud

238 2621 476 2662 ordericum
499 2625 527 2665 1.
549 2628 573 2666 3
606 2639 646 2676 p.
671 2625 752 2668 472
780 2626 862 2668 483
897 2632 936 2663 et
959 2627 1129 2663 Leonem
1149 2625 1233 2663 Ost.
1257 2623 1283 2661 l.
1307 2627 1334 2666 2
1358 2637 1391 2665 c.
1411 2625 1477 2664 68.
1534 2622 1704 2674 proinde

236 2677 423 2717 Ioannem
441 2679 550 2718 hunc
568 2683 778 2732 Rogerium
796 2695 884 2721 eum
904 2695 984 2719 esse
1005 2683 1198 2729 arbitror,
1224 2678 1296 2731 qui
1311 2680 1514 2730 Roget-ius
1535 2679 1583 2718 de
1602 2681 1704 2718 Sur-

235 2743 344 2773 rento
365 2735 512 2774 dicitur
534 2737 764 2776 Alexandro
786 2739 918 2776 abbati
936 2739 960 2777 l.
980 2743 1006 2780 2
1026 2752 1060 2777 c.
1081 2741 1156 2786 60,
1196 2737 1265 2786 qui
1287 2736 1495 2774 Nuceriam
1515 2736 1702 2788 principis

234 2791 398 2830 Roberti
423 2793 613 2845 oppidum
636 2795 866 2844 aliquandiu
884 2799 1060 2844 tutatus,
1099 2793 1261 2831 tandem
1285 2793 1453 2831 reddere
1476 2793 1701 2844 compulsus

97 2851 125 2884 P
148 2850 215 2887 437
239 2855 298 2887 est
314 2850 480 2901 Rogerio
500 2851 603 2902 regi,
629 2857 742 2902 pacta
760 2851 1007 2904 impunitate.
1066 2850 1174 2901 quod
1195 2863 1286 2889 sane
1307 2863 1522 2902 cognomen
1541 2850 1636 2887 facit
1654 2853 1700 2887 ut
