1878 3262
284 189 378 239 144
767 184 991 229 IOANNIS
1029 184 1258 229 CINNAMI

277 304 480 350 ἔπεπέτετο
499 301 567 343 καὶ
589 295 844 354 πανταχόθεν
861 295 1066 356 ἐστήρικτο
1084 296 1130 340 τὸ
1150 295 1290 351 δεινόν,
1326 298 1399 350 ἕως
1411 295 1640 357 Ῥιτζάρδος
1652 299 1726 342 σὺν

275 373 382 432 ῥύμῃ
400 370 608 427 ε’πιβρίσας
625 373 734 411 νῶτα
749 367 828 423 ἤδη
857 367 1069 410 δεδωκέναι
1097 368 1164 408 καὶ
1179 364 1346 417 τούτους
1360 366 1594 424 ἠνάγκασεν.
1661 366 1726 411 ὅτε

159 447 187 481 Ρ
211 448 255 483 84
278 443 345 484 καὶ
368 438 489 488 αὐτὸς
511 436 531 479 ὃ
550 436 716 487 Δούκας
744 436 844 494 παρ’
869 436 999 491 ὀλίγον
1017 430 1121 490 ῆλθε
1145 438 1220 477 τοῦ
1237 436 1303 476 καὶ
1323 433 1472 478 ἁλῶναι
1495 438 1726 494 καταδορα-

272 509 439 557 τισθείς.
510 506 614 548 ἀλλὰ
639 506 716 562 γὰρ
740 504 766 560 ῆ
795 502 962 562 πρόνοια
980 502 1111 546 πάντα
1138 505 1178 553 ἐς
1198 501 1292 561 ὅπερ
1316 502 1365 545 ἂν
1386 502 1488 559 αὕτη
1504 506 1616 547 θέλει
1642 504 1726 560 ἄγει

273 579 342 621 καὶ
361 574 522 632 στρέφει
541 574 593 617 τὰ
611 572 857 631 ἀνθρώπεια.
927 573 1055 615 καίτοι
1074 574 1129 622 εἷς
1156 576 1274 614 τοῦτο
1293 569 1416 626 τύχης
1428 570 1639 626 Ῥωμαίοις
1661 574 1759 614 gil-5

275 649 402 688 θοῧσι
432 647 545 686 νικᾶν
579 641 687 697 ὅμως
714 643 777 683 ἐπὶ
806 643 944 691 τέλους
969 641 1131 697 ἐγένετο.
1199 639 1309 698 ἔφθη
1335 640 1408 694 μὲν
1425 640 1502 697 γὰρ
1522 639 1543 682 ὃ
1561 639 1727 692 Δούκας

275 715 344 756 ἐπί
366 730 405 756 τι
435 715 515 755 τῶν
545 712 587 753 ἐκ
619 712 739 753 λίθου
768 710 1039 765 πεποιημένων
1068 708 1226 763 τειχέων
1243 706 1471 766 πεφευγώς,
1507 707 1535 750 ἃ
1553 709 1630 766 πρὸ
1648 712 1729 751 τῶν
1764 726 1768 730 ·

273 786 412 825 πυλῶν
435 780 608 823 εἴθισται
634 778 794 822 τιτάνου
825 778 917 821 ἄνευ
946 778 974 833 ῆ
1006 795 1111 828 τινος
1139 777 1264 832 ἄλλης
1283 778 1515 835 ἕπιχρίσεως
1531 777 1627 827 τοὺς
1647 781 1729 820 λει-

278 855 417 906 μῶνας
434 846 717 907 περιζωννύειν,
752 849 932 890 ἐνταῦθα
949 850 1260 903 περισεσῶσθαι.
1312 845 1390 901 ἤδη
1415 847 1458 888 δὲ
1474 847 1541 887 καὶ
1563 845 1610 888 τὸ
1627 843 1730 888 Ῥω-

278 920 410 974 μαίων
426 917 581 969 πεζικὸν
600 918 640 958 ἓν
662 917 868 973 ἐπιτηδείῳ
893 915 1050 972 γεγονὸς
1070 916 1214 964 λίθους
1230 913 1332 956 κατὰ
1352 917 1432 956 τῶν
1448 916 1536 971 περὶ
1549 911 1730 971 Ῥιτζάρ-
1740 921 1783 956 10

279 989 352 1030 δον
379 986 551 1044 ήφίεσαν
564 1018 577 1037 ,
616 983 671 1035 ὡς
700 987 883 1027 ἐντεῦθεν
914 984 1246 1026 ἕπισυνίστασθαι
1271 981 1350 1037 ἤδη
1379 986 1459 1024 τῶν
1476 980 1730 1039 πεφευγότων

277 1053 464 1104 πολλούς.
533 1052 628 1109 ὅπερ
645 1051 906 1110 ὃῬιτζάρδος
936 1052 1031 1094 ῗδιὺν
1056 1052 1237 1093 ἱππεῦσιν
1261 1050 1305 1101 ἓξ
1321 1050 1408 1104 ἅμα
1428 1052 1495 1092 καὶ
1516 1048 1731 1108 τριάκοντα

228 1135 259 1169 Β
283 1123 375 1166 κατ’
409 1122 541 1165 αὐτῶν
573 1116 695 1171 αὖθις
721 1123 915 1178 ἔφερε-[0.]
965 1118 1070 1162 ἄλλοί
1094 1138 1153 1170 τις
1179 1123 1259 1162 τῶν
1284 1120 1327 1161 ἔκ
1356 1117 1545 1175 Τράνεως
1563 1121 1619 1169 εἷς
1635 1118 1731 1168 τοὺς

278 1191 409 1248 ἱερέας
429 1193 552 1232 τελῶν
569 1189 672 1245 μέγα
694 1206 732 1231 τι
747 1193 889 1246 χρῆμα
906 1190 1026 1231 λίθου
1053 1189 1094 1238 ἐξ
1111 1187 1351 1244 ὑπερδεξιῶν
1379 1187 1495 1244 ἀφεὶς
1515 1185 1668 1242 κνήμης
1687 1203 1730 1228 τε

279 1260 461 1316 θατέροις
484 1256 662 1312 τυχήσας
687 1258 818 1315 αὐτῷ,
865 1259 920 1306 εἷς
947 1261 1020 1312 γῆν
1042 1256 1269 1310 ἀναχθῆναι
1291 1256 1460 1310 ἐποίησε,
1530 1257 1596 1297 καὶ
1619 1253 1639 1296 ὅ
1656 1255 1730 1309 μὲν
1742 1265 1785 1300 15

277 1327 402 1371 ’ἔκειτο
431 1324 671 1383 σπαράττων
697 1324 775 1367 ὑπὸ
806 1323 950 1379 ὀδύνης
972 1322 1114 1366 ἔαυτόν
1124 1355 1138 1376 ,
1185 1322 1206 1365 ὅ
1228 1324 1271 1365 δὲ
1291 1325 1358 1366 καὶ
1378 1322 1564 1379 δευτέραν
1584 1327 1731 1379 κατῆρε

276 1401 351 1440 τοῦ
373 1393 575 1452 τραχήλου
605 1392 744 1449 βολήν.
813 1392 947 1448 ἐπειδή
979 1410 1022 1435 τε
1049 1392 1127 1447 ἤδη
1157 1390 1452 1447 κατηγώνιστο,
1487 1393 1731 1433 καίτοιτοῦ-

277 1482 348 1507 τον
373 1463 504 1506 πολλὰ
534 1461 755 1505 ἳκετεύοντα
782 1460 922 1504 ὕπτιον
964 1461 1176 1510 ἀνακλίνας
1203 1461 1432 1517 ἐγχειρίδιον
1459 1460 1532 1514 μὲν
1559 1463 1632 1513 τῆς
1654 1476 1732 1516 γα-

277 1532 400 1589 στρὸς
429 1529 646 1582 διελαύνει,
692 1530 838 1585 ἔγκατα
869 1530 913 1571 δὲ
942 1527 1074 1571 πάντα
1108 1529 1246 1583 ε’κχέας
1271 1526 1354 1570 οἷόν
1384 1545 1473 1570 τινα
1493 1528 1646 1582 ἐδωδὴν
1668 1528 1731 1569 ἐπὶ

275 1604 351 1643 τοῦ
373 1597 573 1653 στόματος
594 1599 793 1655 παρέθετο
812 1595 1035 1652 ὑπόδειγμα
1050 1597 1153 1639 καθ’
1178 1595 1324 1638 ἑαυτοῦ
1344 1600 1486 1638 τοῦτον
1504 1595 1554 1650 δὴ
1572 1595 1641 1638 τὸν
1658 1599 1784 1650 τῆςΞΟ

276 1667 574 1724 ἀπανθρωπίας
603 1664 750 1723 τρόπον
779 1663 1046 1722 παρεσχηκότι
1074 1668 1133 1722 τῷ
1160 1665 1434 1717 κακοδαίμονι.
1502 1665 1568 1705 καὶ
1593 1664 1639 1706 τὸ
1665 1665 1731 1705 ἓν-

278 1740 421 1779 τεῧθεν
431 1734 596 1791 Ἄντρον
615 1752 657 1777 τε
674 1736 741 1777 καὶ
759 1733 804 1777 τὸ
824 1735 913 1790 περὶ
931 1732 1052 1775 αὐτὸν
1069 1731 1300 1790 στράτευμα
1310 1730 1523 1786 Ῥωμαίοις
1539 1729 1731 1793 ὁμολογία

371 1876 428 1913 15.
451 1872 687 1921 ἀναχθῆναι]
711 1873 827 1909 Malim
840 1873 1072 1919 καταχθῆναι
1093 1874 1149 1909 vel
1170 1870 1375 1918 ἐνεχθῆναι.

282 1998 483 2035 exauditur:
506 1998 612 2045 spissa
625 1997 744 2033 volant
757 1998 846 2043 tela,
869 2000 905 2033 et
918 1998 1048 2034 validus
1063 1998 1187 2044 ubique
1200 1998 1240 2033 fit
1266 1997 1463 2033 conflictus:
1494 1997 1602 2032 donec
1621 1996 1729 2032 vehe-

281 2045 434 2080 mentiori
459 2057 532 2078 cum
546 2046 672 2090 impetu
687 2055 763 2079 sese
786 2045 934 2079 inferens
948 2045 1138 2079 Richardus
1160 2045 1222 2079 hos
1237 2055 1372 2090 quoque
1385 2048 1483 2089 terga
1495 2048 1631 2078 vertere
1645 2043 1729 2078 ade-

283 2091 352 2136 git:
386 2101 452 2134 quo
477 2096 545 2124 tum
563 2095 714 2135 ternpore
738 2090 817 2135 quin
843 2091 940 2125 hasta
959 2091 1159 2125 ‘vulneratus
1176 2095 1211 2124 et
1226 2090 1299 2136 ipse
1315 2092 1429 2124 Ducas
1445 2093 1624 2134 caperetur
1638 2088 1727 2123 haud

281 2136 417 2170 multum
433 2135 551 2169 abfuit.
599 2136 659 2168 sed
683 2136 769 2169 enim
793 2136 907 2170 divina
927 2148 1134 2182 quocumque
1158 2136 1288 2170 demum
1312 2136 1386 2170 vult
1405 2146 1460 2169 res
1483 2135 1640 2168 humanas
1655 2134 1728 2178 agit

279 2182 451 2225 vertitque
466 2180 686 2225 providentia.
720 2181 799 2215 licet
811 2182 927 2226 itaque
944 2183 983 2216 ad
1001 2194 1073 2216 eam
1087 2182 1216 2215 redacti
1230 2182 1373 2215 fuissent
1387 2181 1554 2214 fortunam
1569 2179 1725 2223 Romani,

280 2227 383 2262 nihilo
401 2226 507 2260 minus
523 2225 658 2259 tandem
674 2237 816 2260 evasere
831 2228 990 2261 victores.
1037 2228 1160 2273 quippe
1175 2228 1288 2260 Ducas
1302 2227 1392 2260 intra
1406 2225 1565 2270 quosdam
1580 2236 1623 2258 ex
1637 2225 1725 2270 lapi-

282 2273 381 2307 dibus
397 2276 589 2316 compactos
612 2282 723 2304 muros
748 2283 766 2304 e
782 2273 931 2316 periculo
947 2285 985 2307 se
1000 2277 1171 2307 exemerat
1181 2300 1191 2316 ,
1223 2271 1404 2306 cuiusmodi
1418 2271 1546 2314 absque
1560 2270 1652 2303 calce
1665 2274 1726 2304 aut

280 2317 422 2352 materia
436 2317 532 2350 simili
556 2320 672 2361 prata,
696 2327 781 2360 quae
795 2318 925 2351 urbium
950 2319 1056 2363 portis
1083 2319 1325 2359 obversantur,
1348 2315 1590 2350 circumvallari
1605 2315 1725 2350 solent.

280 2363 373 2398 nacti
393 2363 523 2396 interea
538 2362 638 2396 etiam
653 2362 783 2406 pedites
799 2363 940 2396 Romani
962 2365 1070 2398 locum
1091 2364 1263 2406 idoneum,
1296 2362 1426 2408 lapides
1448 2361 1668 2395 coniiciebant
1688 2361 1734 2396 in-

279 2408 442 2443 Richardi
454 2408 602 2450 militem,
625 2408 708 2441 adeo
726 2412 764 2440 ut
779 2408 908 2453 plurimi
921 2409 978 2453 qui
993 2411 1095 2452 fugae
1109 2421 1146 2443 se
1162 2409 1333 2452 dederant,
1353 2407 1431 2441 inde
1444 2418 1482 2441 se
1494 2417 1624 2441 rursum
1642 2418 1724 2440 con-

280 2455 509 2498 glomerarent
530 2454 725 2498 hostemque
747 2453 958 2498 impeterent.
1005 2455 1060 2488 ubi
1084 2455 1117 2488 id
1136 2455 1220 2488 vidit
1234 2452 1436 2494 menardus,
1460 2463 1533 2486 cum
1556 2452 1725 2497 equitibus

279 2511 340 2535 sex
363 2504 398 2534 et
422 2499 560 2543 triginta
584 2510 642 2533 eos
663 2509 793 2532 rursum
815 2499 977 2533 adoritur.
1025 2500 1084 2533 sed
1101 2500 1243 2534 Tranita
1266 2498 1398 2544 quidam
1418 2497 1576 2531 sacerdos
1590 2497 1724 2532 maioris

279 2545 375 2579 molis
391 2545 534 2590 lapidem
551 2557 570 2578 e
585 2545 658 2579 loco
683 2545 857 2590 superiore
871 2545 1044 2587 deficiens,
1070 2545 1184 2579 tibiam
1198 2545 1285 2579 illius
1300 2544 1438 2578 alteram
1453 2547 1648 2586 assecutus,
1679 2543 1723 2577 ad

279 2595 404 2624 terram
421 2590 582 2623 hominem
598 2590 802 2635 prostravit,
825 2591 883 2635 qui
897 2602 979 2635 prae
994 2591 1109 2624 dolore
1123 2602 1199 2624 sese
1214 2589 1354 2625 subinde
1369 2588 1574 2622 dilacerabat
1594 2600 1636 2622 ac
1650 2588 1725 2622 vel·

282 2636 417 2670 licabat.
463 2640 499 2669 at
513 2636 634 2669 iterato
649 2636 718 2670 ictu
734 2636 854 2669 collum
866 2636 952 2671 illius
969 2647 1040 2670 cum
1055 2636 1226 2680 attigisset
1239 2635 1414 2674 sacerdos,
1442 2634 1567 2668 victum
1586 2634 1722 2669 tandem

283 2686 318 2716 et
332 2680 551 2726 nequicquam
566 2682 748 2726 supplicem
771 2682 907 2726 supinat
917 2707 929 2725 ‚
962 2682 1148 2726 adactoque
1161 2682 1198 2715 in
1211 2686 1359 2715 ventrem
1374 2679 1520 2725 pugione
1531 2705 1541 2722 ‚
1564 2679 1724 2714 intestina

283 2726 397 2762 eximit
421 2726 549 2768 omnia,
583 2738 689 2770 eaque
711 2727 848 2761 iacentis
872 2727 923 2760 ori
943 2727 1047 2761 veluti
1072 2727 1178 2761 cibum
1201 2726 1342 2770 aliquem
1363 2725 1540 2770 admovet,
1564 2730 1602 2759 ut
1617 2725 1724 2771 quiin

282 2773 364 2806 aiios
379 2771 538 2806 eiusmodi
555 2772 783 2806 crudelitatem
799 2777 1013 2814 exercuerat,
1035 2772 1069 2805 in
1085 2783 1121 2806 se
1136 2771 1266 2805 tandem
1280 2771 1366 2805 illius
1382 2771 1592 2815 experiretur
1607 2781 1724 2806 exem-

282 2819 386 2864 plum.
431 2822 502 2852 tum
525 2821 560 2851 et
585 2818 731 2852 Antrum
749 2822 785 2852 et
810 2829 897 2863 quae
918 2817 1088 2852 Richardo
1103 2817 1324 2852 adhaeserant
1338 2816 1456 2862 copiae
1470 2816 1632 2851 Romanis
1646 2826 1724 2852 sese
