1878 3262
267 171 365 219 234

310 281 382 316 eius
427 289 513 312 uxor
555 287 630 310 eum
662 286 824 319 generum
862 277 984 320 optant

312 327 390 367 106,
407 327 440 360 6.
488 333 688 357 consensum
704 322 737 357 in
754 320 889 366 nuptias
909 332 982 355 sus-

310 371 426 415 pendit
458 382 499 404 ex
535 369 650 403 matris
677 367 819 402 arbitrio
846 367 925 408 107,
948 368 983 403 3.

312 417 386 450 Ζοὸ
409 414 620 449 Constantini
642 414 760 447 fratris
785 413 864 457 imp.
886 424 983 447 soror

311 463 346 495 ei
379 462 569 495 destinatur
601 461 678 501 107,
703 461 759 495 22.
817 460 915 492 irene
952 459 983 492 ei

311 508 540 552 desponsatur
555 511 634 539 ante
649 511 790 539 mortem
803 503 983 538 Andronici

315 555 393 594 107,
401 555 457 588 23.
489 553 674 596 imperator
688 552 720 584 id
737 550 982 584 matrimonium

312 600 441 639 turbat,
456 599 515 632 sed
532 600 659 632 frustra
679 598 756 639 108,
769 598 800 631 6.
818 596 892 641 quis
908 606 984 629 eum

314 645 347 678 in
379 645 616 678 rebellionem.
639 649 782 677 conetur
811 641 984 687 implicare

315 693 393 732 108,
409 692 463 726 13.
500 691 617 723 urbem
633 687 983 732 Constantinopolita-

312 748 388 769 nam
430 741 552 770 contra
589 734 798 778 Bryennium
830 733 985 767 defendit

314 782 392 825 115,
409 783 466 816 21.
515 782 585 815 eius
610 780 784 814 consilium
807 779 850 812 ad
869 779 984 824 oppri-

312 828 466 862 mendam
499 826 762 861 coniurationem
793 826 985 869 neglectum

314 875 392 917 122,
420 875 452 908 6.
518 873 774 907 Constantinum
812 870 986 904 Botaniati

314 919 527 953 commendat
545 919 622 958 123,
637 919 693 952 21.
740 917 829 951 illius
845 917 878 950 in
895 918 984 961 Bry-

312 965 449 999 ennium
464 963 634 1009 expeditio
653 964 730 1005 133,
749 963 802 997 15.
840 963 912 996 eius
930 974 984 995 ca-

314 1016 388 1045 stra
411 1010 454 1044 ad
482 1021 610 1043 amnem
636 1008 809 1053 Almyrum
837 1009 914 1048 134,
930 1009 985 1043 21.

315 1057 350 1090 in
379 1068 452 1089 eum
482 1054 674 1099 Bryennius
698 1060 812 1088 movet
835 1055 913 1096 135,
931 1052 985 1087 14.

315 1102 387 1135 eius
413 1101 552 1135 consilia
579 1100 671 1133 circa
698 1110 842 1145 pugnam
861 1104 898 1132 et
913 1109 987 1132 mo-

316 1148 396 1180 dum
421 1158 556 1192 pugnae
579 1146 658 1188 136,
677 1146 710 1180 1.
757 1145 846 1178 illius
871 1155 891 1178 a
916 1143 984 1178 suis

314 1192 444 1227 deserti
475 1202 678 1236 generosum
708 1191 881 1225 consilium
910 1191 986 1227 138,
997 1190 1005 1195 ²

316 1241 372 1274 18.
417 1238 496 1283 quid
518 1238 549 1271 ei
573 1237 668 1271 fictio
693 1237 809 1271 mortis
825 1235 987 1279 Bryennii

258 1294 267 1299 ’
315 1284 484 1330 profuerit
510 1284 585 1326 159,
601 1285 656 1318 20.
704 1282 897 1317 Turcorum
926 1292 987 1314 au-

315 1331 395 1365 xilia
420 1341 518 1374 quam
543 1333 734 1374 opportune
757 1328 790 1362 ei
803 1327 989 1362 adveniant

317 1377 397 1418 140,
419 1377 452 1411 8.
500 1375 586 1409 illius
610 1374 728 1409 laudes
754 1379 853 1420 capto
877 1372 919 1407 ab
946 1384 987 1406 eo

314 1421 490 1464 Bryennio
509 1422 586 1463 144,
603 1422 656 1455 16.
693 1418 990 1464 Constantinopoli

316 1468 496 1509 exclusus,
526 1467 577 1500 ire
607 1478 682 1500 cum
717 1466 825 1511 copiis
852 1466 990 1498 iubetur

315 1518 437 1546 contra
469 1512 656 1546 Basilacem
689 1511 767 1554 146,
798 1511 851 1545 14.
899 1510 988 1544 illius

314 1559 484 1602 sagacitas
502 1558 578 1601 149,
597 1560 629 1592 6.
671 1558 806 1601 cognito
824 1556 989 1591 Basilacis

313 1605 468 1638 adventu
483 1616 502 1636 e
521 1604 639 1637 castris
656 1603 769 1648 prodit
781 1614 925 1636 accensa
935 1602 987 1635 lu-

314 1650 403 1683 mina
418 1649 572 1694 linquens
591 1650 669 1689 150,
687 1650 742 1684 12.
790 1659 850 1681 cur
865 1648 986 1682 balbus

316 1696 426 1730 dictus
444 1697 519 1737 15-1,
532 1697 586 1729 20.
633 1694 668 1727 in
684 1693 903 1727 Basilicianos
919 1693 987 1726 ruit

316 1747 355 1776 et
370 1752 429 1775 eos
445 1743 540 1784 sugat
559 1740 635 1780 152,
651 1741 685 1774 5.
730 1739 819 1773 illius
839 1750 986 1783 genero-

315 1788 401 1822 sitas
425 1787 459 1819 in
483 1787 599 1819 hostes
622 1791 658 1818 et
680 1785 714 1818 in
737 1796 816 1818 suos
835 1786 912 1826 153,
930 1784 985 1818 14.

317 1833 375 1867 illo
392 1836 556 1877 sequente
574 1831 664 1874 fugit
678 1830 850 1865 Basilaces
865 1830 942 1872 154,
952 1830 987 1863 4.

313 1879 361 1912 illi
392 1878 564 1912 Basilaces
590 1878 723 1911 vinctus
749 1875 897 1910 deditur-
910 1875 989 1917 155,

317 1926 373 1959 16.
419 1924 509 1957 illius
532 1922 699 1968 sapientia
719 1926 754 1956 et
789 1932 844 1955 res
871 1921 987 1966 splen-

315 1970 394 2004 dide
409 1974 528 2014 gestae
545 1970 622 2011 156,
637 1970 672 2003 3.
721 1968 763 2001 ab
783 1968 990 2012 imperatore

314 2016 504 2050 honoratur
529 2015 607 2057 156,
632 2015 686 2049 13.
733 2014 883 2057 Scythas
914 2013 988 2046 Ro.-

317 2073 434 2095 manos
478 2061 565 2094 fines
601 2060 813 2093 incursantes
852 2063 989 2092 coercet

318 2107 399 2150 157,
414 2109 448 2142 8.
497 2105 744 2151 expeditionem
771 2105 805 2138 in
831 2104 989 2138 Melisse-

320 2165 400 2186 num
427 2152 493 2186 sibi
518 2152 663 2185 delatam
684 2155 819 2185 recusat
836 2151 916 2193 1²58,
935 2151 989 2184 16.

316 2198 441 2232 milites
478 2197 644 2230 Eunucho
683 2208 808 2242 parere
836 2196 990 2232 nolentes

318 2255 395 2278 eum
417 2243 613 2277 desiderant
639 2243 715 2284 159,
731 2244 765 2278 9,
813 2253 887 2275 eum
905 2241 990 2275 deli-

318 2290 391 2324 nire
415 2294 582 2323 conantur
606 2288 819 2333 imperatoris
848 2287 989 2321 ministri

320 2337 356 2378 6,
369 2336 424 2370 16.
446 2335 535 2369 illius
551 2339 691 2368 conatus
704 2333 737 2368 in
753 2333 896 2378 imperio
908 2343 989 2367 con-

321 2381 492 2415 servando
508 2381 542 2414 in
558 2380 684 2415 familia
698 2380 869 2413 Ducarum
884 2380 918 2423 7,
930 2380 965 2414 9.

275 2426 436 2470 Almyrus
457 2426 581 2460 fluvius
598 2425 675 2469 135,
690 2426 725 2461 2.

276 2474 422 2506 Amasea
442 2473 524 2508 urbs
548 2484 569 2506 a
588 2471 741 2515 Diogene
755 2471 873 2516 imper.
889 2481 989 2507 occu-

322 2523 423 2562 patur
437 2519 495 2561 46,
510 2519 565 2553 22.

276 2563 413 2597 Amasia
426 2563 483 2606 46,
499 2565 556 2599 22.
579 2564 636 2602 84,
659 2563 710 2598 17.
735 2564 794 2606 86,
814 2564 867 2596 14.

278 2610 438 2688 Anbcgral
451 2610 532 2643 urbs
565 2609 769 2645 Galatarum
799 2607 993 2654 metropolis

373 2679 383 2696 ,
402 2656 457 2689 11.

280 2700 437 2754 Ancyrae
458 2702 576 2744 portas
600 2701 702 2734 noctu
718 2699 823 2733 *fratri
842 2698 992 2739 Isaacius

278 2745 708 2872 Αηὲἓῖῖιξιὸῗῖιέὃᾈὶεκῑυε
731 2790 913 2828 contendat
933 2789 990 2833 64,

721 170 897 215 INDEY
931 166 1298 214 HISTORICUS:

1674 207 1685 226 Q

1031 273 1242 309 Andronicus
1256 273 1412 308 Caesaris
1425 273 1516 309 filius
1531 274 1589 318 41,
1605 274 1637 309 4.
1670 274 1743 310 eius

1074 320 1192 354 laudes
1206 319 1263 364 41,
1281 320 1314 353 5.

1028 366 1240 401 Andronicus
1266 367 1384 399 contra
1403 365 1640 412 imperatorem
1656 365 1742 399 Dio-

1074 423 1194 456 genem
1229 411 1373 445 mittitur
1395 415 1432 445 et
1456 422 1530 445 eum
1552 411 1660 445 vincit
1683 411 1740 455 47,

1074 459 1107 493 3.
1156 457 1204 491 illi
1226 457 1362 491 deditur
1385 457 1606 491 Chutaturius
1623 461 1741 502 captus

1078 505 1134 545 53,
1156 504 1192 538 2.
1247 507 1367 537 contra
1401 502 1588 546 Diogenem
1622 503 1741 547 imper.

1075 549 1198 583 bellum
1226 548 1370 593 suscipit
1388 548 1444 587 51.
1461 549 1496 583 3.
1542 547 1741 592 improvisus

1075 598 1219 640 apparet
1242 594 1406 639 Diogenis
1432 593 1597 628 exercitui
1611 594 1668 636 51,
1686 596 1739 628 15.

1075 641 1168 685 quali
1187 651 1317 684 gemma
1337 651 1358 673 a
1377 639 1578 673 Chutaturio
1594 638 1740 673 donatus

1076 688 1133 729 53,
1155 687 1210 720 15.
1256 697 1360 730 aegre
1389 686 1461 719 sert
1490 684 1653 728 Diogenis
1679 696 1742 718 ex-

1076 732 1302 766 caecationem
1328 730 1385 775 55,
1401 731 1434 766 3.
1482 730 1554 764 eius
1578 730 1685 775 pietas
1707 734 1744 763 et

1075 778 1241 821 fortitudo
1256 778 1313 818 76,
1326 777 1361 811 9.
1407 787 1481 810 cum
1498 780 1596 822 patre
1610 775 1742 820 capitur
1803 781 1807 784 “

1076 825 1133 866 76,
1148 825 1204 858 21.
1252 821 1419 867 quomodo
1435 822 1598 856 liberetur
1614 823 1671 866 77,
1688 820 1740 857 15.

1031 870 1241 904 Andronicus
1269 867 1444 913 hydropisi
1467 868 1552 902 citra
1576 878 1670 913 spem
1690 865 1743 900 la-

1077 916 1178 949 borat
1195 917 1272 956 100,
1289 916 1322 949 7.

1029 961 1242 996 Andronicus
1272 959 1424 994 Alexium
1454 969 1613 1003 generum
1646 959 1745 1005 optat

1080 1009 1155 1047 106,
1172 1008 1205 1041 3.
1251 1006 1325 1040 eius
1339 1005 1430 1039 filiae
1446 1009 1530 1050 quot
1548 1005 1624 1046 106,
1642 1005 1697 1039 18.

1030 1055 1129 1088 Anna
1157 1052 1345 1085 Dalassena
1375 1051 1546 1085 cuiusnam
1577 1048 1666 1090 filia,
1708 1050 1745 1081 et

1077 1103 1160 1142 quot
1178 1098 1345 1131 habuerat
1359 1097 1447 1131 filios
1464 1101 1500 1130 et
1515 1096 1601 1130 filias
1620 1095 1675 1137 19,
1689 1095 1746 1129 10.

1031 1144 1127 1177 Anna
1157 1143 1401 1178 Comneuorum
1429 1148 1538 1176 mater
1564 1151 1625 1187 per
1650 1140 1745 1174 calu-

1078 1189 1198 1223 mniam
1218 1194 1399 1222 accusatur
1413 1188 1471 1229 49,
1487 1189 1519 1222 3.
1567 1186 1639 1220 eius
1661 1197 1746 1219 cou-

1078 1234 1206 1268 stantia
1232 1234 1266 1267 in
1294 1233 1418 1267 iudicio
1448 1234 1504 1273 49,
1535 1234 1589 1267 12.
1635 1232 1747 1265 fertur

1078 1280 1178 1314 dubia
1193 1279 1226 1312 in
1240 1280 1330 1313 illam
1346 1279 1515 1313 sententia
1529 1279 1586 1320 50,
1600 1278 1634 1312 3.
1674 1277 1746 1310 cius

1078 1325 1233 1359 defensio
1248 1326 1304 1368 50,
1322 1326 1353 1359 6.
1399 1324 1432 1358 in
1453 1323 1586 1357 exilium
1605 1322 1746 1356 mittitur

1080 1372 1136 1413 50,
1156 1373 1209 1406 12.
1248 1371 1289 1405 ab
1306 1382 1346 1404 eo
1362 1376 1546 1404 revocatur
1561 1369 1617 1409 56,
1632 1369 1667 1404 2.
1701 1367 1747 1400 il-

1079 1417 1145 1450 lius
1171 1416 1205 1450 in
1230 1416 1423 1451 Manuissem
1439 1415 1543 1458 filium
1559 1425 1656 1449 suum
1670 1413 1747 1458 pie—

1079 1467 1133 1497 tas
1148 1463 1205 1507 34,
1219 1464 1251 1498 1.

1033 1509 1210 1543 Antiochia
1228 1510 1285 1550 50,
1301 1510 1359 1543 21.
1382 1508 1439 1552 96,
1454 1508 1490 1542 2.

1033 1554 1234 1590 Antiochiae
1255 1565 1315 1588 cur
1336 1559 1456 1588 exorta
1480 1551 1602 1586 seditio
1616 1550 1675 1593 97,
1691 1550 1746 1585 17.

1030 1599 1520 1725 Arzaglazgsogffiiss‘sgeffisssss
1541 1641 1669 1675 animus
1691 1641 1747 1680 70,

1031 1736 1163 1779 Arabes
1178 1737 1235 1779 26,
1255 1738 1287 1770 1.
1311 1736 1366 1776 29,
1381 1735 1417 1770 3·

1031 1781 1154 1815 Araxis
1171 1781 1297 1824 fluvius
1314 1782 1371 1823 29,
1391 1781 1446 1815 17.
1507 1778 1510 1782 ’

1033 1828 1220 1861 Artarchus
1258 1837 1333 1860 cum
1372 1824 1522 1858 exercitu
1556 1823 1747 1856 Turcorum

1079 1884 1141 1918 pro
1157 1872 1328 1906 Michaele
1349 1877 1467 1906 contra
1482 1871 1642 1905 Ioannem
1657 1868 1749 1902 Cae-

1077 1930 1187 1953 sarem
1203 1920 1259 1962 81,
1277 1919 1342 1953 18.-

1033 1964 1163 2008 Assyrii
1182 1965 1239 2007 26,
1257 1965 1292 1999 8.

1033 2010 1141 2044 Athos
1158 2021 1253 2044 mons
1276 2008 1353 2051 155,
1367 2009 1401 2045 9.

1034 2056 1156 2090 Atzula
1179 2056 1257 2097 119,
1273 2055 1308 2089 5.

1033 2101 1139 2136 Azala
1153 2112 1247 2135 mons
1264 2101 1322 2142 34,
1339 2101 1373 2134 6.

1372 2178 1402 2213 B

1033 2239 1191 2284 Babylon
1210 2239 1266 2280 26,
1282 2237 1317 2272 7.
1339 2236 1396 2278 30,
1416 2236 1470 2270 18.

1033 2286 1207 2321 Basilaces
1235 2284 1271 2317 in
1300 2281 1514 2316 Botaniatem
1538 2278 1662 2313 bellum
1684 2287 1748 2329 ge·-

1081 2325 1635 2416 {3¹:32³‚⁸²2‹3³.“?.J.¹3.⁶,.23.‘¹.‘.{;.33.·..
1648 2333 1748 2413 3533:

1083 2422 1157 2457 miis
1172 2424 1356 2455 murmurat
1372 2418 1448 2459 104,
1463 2417 1517 2451 14.
1553 2413 1692 2450 mittitur
1705 2412 1748 2447 ad

1084 2466 1279 2514 capiendum
1294 2463 1501 2508 Bryennium
1517 2461 1592 2498 109.
1607 2460 1641 2493 9.
1674 2459 1747 2492 soe-

1082 2515 1144 2548 dus
1182 2523 1256 2547 cum
1292 2511 1400 2545 fratre
1433 2505 1594 2552 Bryennii
1630 2503 1749 2538 initum

1083 2558 1231 2604 frangit,
1269 2557 1328 2591 sed
1368 2555 1480 2590 victus
1515 2549 1750 2593 reconciliatur

1086 2607 1163 2647 109,
1181 2605 1240 2639 22.
1286 2606 1391 2636 noctu
1414 2600 1447 2635 in
1463 2597 1617 2632 Alexium
1634 2598 1751 2630 movet

1086 2645 1164 2692 149,
1183 2649 1237 2685 14.
1269 2658 1376 2681 vacua
1392 2643 1501 2680 Alexii
1517 2646 1631 2676 castra
1643 2641 1751 2675 intrat

1084 2697 1165 2740 151,
1179 2696 1213 2731 3.
1250 2693 1341 2738 fugit
1354 2689 1472 2725 Alexio
1488 2691 1655 2734 sequente
1671 2686 1750 2727 154,

1084 2744 1141 2779 18.
1195 2740 1355 2775 obsessus
1392 2735 1597 2770 deditionem
1633 2731 1750 2766 abnuit

1085 2788 1164 2831 155,
1189 2787 1222 2822 5.
1282 2784 1416 2818 vinctus
1452 2779 1572 2816 Alexio
1613 2777 1750 2812 deditur

1083 2833 1164 2877 155,
1179 2829 1234 2869 14.
1281 2830 1487 2866 excaecatus
1516 2825 1561 2861 ad
1587 2821 1749 2868 champi-
