1878 3262
144 738 431 781 EHITOMH
471 736 595 779 ΤΩΝ
636 735 1146 778 ΚΑΤΟΡΘΩΜΑΤΩΝ
1188 733 1282 777 ΤΩι
1318 738 1578 779 ΜΑΚΑΡῙ-

145 808 245 848 ΤΗι
300 807 551 847 ΒΑΣΙΛΕΙ
602 806 715 846 ΚΑΙ
764 803 1334 857 ΠΟΡΦΥΡΟΓΕΝΝΗΤῼι
1388 805 1579 846 ΚΥΡΙΩι

143 874 396 916 ΙΩΑΝΝΗι
442 872 537 913 ΤΩι
572 871 904 923 ΚΟΖΙἸΝΗΝΩι.
971 873 1084 914 ΚΑΙ
1112 873 1425 913 ΑΦΗΓΗΣΙΣ
1457 871 1584 913 ΤΩΝ

141 940 557 983 ΠΡΑΧΘΕΝΤΩΝ
604 939 698 980 ΤΩι
740 939 1022 980 ΑΟῙΛΙΜΩι
1076 939 1187 980 ῩΙΩι
1241 941 1447 980 ΑΥΤΟΥ
1484 938 1579 979 ΤΩι

142 1010 396 1051 ΒΑΣΙΛΕΙ
440 1009 554 1049 KAI
594 1006 1166 1048 ΠΟΡΦΥΡΟΓΕΝΝΗΤΩι
1229 1006 1397 1047 ΚΥΡΩι
1453 1008 1599 1048 MA·-v

140 1077 356 1119 NOYHA
406 1075 502 1115 ΤΩι
543 1073 865 1116 ΔΚΟΜΝΗΝΩι
910 1074 1264 1116 ΠΟΝΗΘΕΙΣΑ
1324 1073 1578 1116 ΙΩΑΝΝΗι

227 1141 538 1186 ΒΛΣΙΛΙΚΩι
581 1143 621 1183 Γ
618 1142 1010 1184 ΡΑΜΜΑΤΙΚΩι
1047 1141 1142 1183 ΤΩι
1176 1140 1491 1184 ΚΙΝΝΛΜΩι.

138 1316 367 1354 EPITOME
398 1316 575 1352 RERUM
601 1314 902 1351 PRAECLARE
933 1314 1213 1352 GESTARUM
1238 1315 1271 1351 A
1303 1314 1455 1350 DIVAE
1483 1315 1579 1350 ME-

139 1385 332 1424 MORIAE
348 1383 418 1418 ET
433 1382 889 1419 PORPHYROGENITO
910 1381 1102 1417 DOMINO
1121 1381 1306 1417 IOANNE
1329 1382 1578 1418 COMNENO.

138 1451 211 1486 ΕΤ
237 1449 496 1486 NARRATIO
520 1450 696 1485 RERUM
722 1448 855 1492 QUAE
875 1447 1079 1484 GESTAE
1105 1447 1240 1484 SUNT
1259 1447 1326 1482 AB
1356 1447 1576 1484 INCLYTO

137 1517 301 1559 IPSIUS
319 1517 445 1553 FILIO
460 1515 789 1551 IMPERATORE
805 1514 876 1550 ET
903 1513 1363 1550 PORPHYROGENITO
1386 1514 1575 1550 DOMINO

207 1583 449 1621 MANUELE
479 1581 715 1619 COMNENO
750 1580 1066 1617 CONSCRIPTA
1094 1579 1123 1617 A
1155 1580 1342 1616 IOANNE
1361 1581 1506 1617 IMPE-

434 1649 658 1687 RATORIO
678 1646 1017 1686 GRAMMATICO
1045 1646 1279 1686 CINNAMO.

718 1853 985 1860 -——-——

416 1978 1356 2047 ΒΙΒ’ΛΙοΝΑ.’

141 2149 181 2191 1·
256 2131 386 2202 Οὐδὲ
404 2159 449 2201 τὸ
469 2163 540 2214 τῆς
554 2160 730 2215 ἱστορίας
745 2158 856 2215 ἔργον
879 2155 1114 2214 ἀφιλότιμον
1133 2161 1215 2205 τοῖς
1231 2152 1353 2196 πάλαι
1377 2154 1570 2209 ἐνομίσθη
1592 2166 1620 2200 Ρ
1647 2171 1663 2203 1

136 2235 289 2285 σοφοῖς.
356 2229 562 2276 πλείστους
584 2228 657 2280 μὲν
687 2221 756 2268 οὖν
796 2227 928 2267 αὐτῶν
964 2227 1030 2266 καὶ
1064 2225 1244 2265 ἐντεῦθεν
1276 2223 1570 2276 εὐδοκιμηκέναι
1594 2224 1625 2257 V
1650 2226 1667 2258 1

136 2297 290 2350 ξυνέβη.
358 2293 379 2336 ὃ
397 2296 468 2348 μὲν
494 2295 570 2350 γὰρ
600 2295 650 2336 τὰ
673 2292 870 2347 Ἑλλήνων
891 2295 944 2342 εἷς
967 2293 1142 2347 ἱστορίαν
1165 2291 1303 2342 ἔλαβεν
1331 2290 1449 2346 ἔργα,
1485 2288 1505 2330 ὃ
1526 2291 1570 2330 δὲ

136 2362 275 2420 Κύρου
305 2364 511 2417 διεξῆλθεν
533 2359 688 2418 ἀγωγήν
717 2378 757 2403 τε
778 2361 849 2414 τὴν
867 2362 910 2402 ἐκ
930 2361 1082 2409 παίδων
1099 2360 1165 2400 καὶ
1183 2356 1364 2414 πράξεις,
1400 2356 1490 2399 ὅσαι
1513 2359 1568 2405 εἰς

558 2518 990 2598 LIBER
1075 2518 1119 2574 ι.

137 2664 169 2697 1.
279 2663 427 2698 istoriam
449 2663 599 2698 scribere
621 2662 799 2707 gIoriosum
819 2659 1012 2707 iampridem
1033 2658 1140 2692 visum
1163 2660 1215 2691 est
1235 2656 1452 2701 sapientibus,
1476 2667 1564 2700 quo-

135 2718 206 2741 rum
227 2709 386 2754 pluritnos
417 2709 556 2752 contigit
586 2720 652 2742 non
684 2708 881 2741 mediocrem
914 2707 991 2739 inde
1021 2705 1141 2737 famam
1174 2703 1370 2746 laudemque
1395 2700 1564 2745 consequi.

137 2751 190 2784 hic
205 2753 290 2787 enim
305 2754 491 2787 exau-undae
508 2754 713 2787 Graecorum
729 2753 884 2786 historiae
898 2751 990 2784 dedit
1006 2760 1159 2794 operam:
1181 2748 1237 2781 ine
1259 2747 1342 2791 Cyri
1358 2758 1378 2781 a
1392 2757 1496 2791 puero
1511 2747 1564 2779 in-

137 2796 339 2832 stitutionem
356 2802 477 2843 resque
493 2799 536 2832 ab
550 2798 608 2833 illo
621 2798 688 2832 iam
711 2797 784 2831 viro
808 2797 980 2843 praeclare
995 2800 1106 2841 gestas
1121 2793 1323 2828 enarrandas
1344 2791 1510 2837 suscepit,
1532 2795 1565 2824 et
