1878 3262
263 195 362 245 224
743 195 965 241 IOANNIS
997 195 1225 244 CINNAMI

262 313 463 368 προσῆκον
497 309 564 350 καὶ
602 305 722 351 πάλιν
758 307 970 365 ἐπελάβετο
999 308 1166 368 χώρας)
1203 310 1345 355 αὐτίκα
1370 312 1441 371 ἐφ’
1468 311 1563 368 ἡμῖν
1589 313 1704 355 διαλ-

262 383 425 426 λακταῖς
449 375 521 431 τήν
546 394 587 419 τε
608 375 748 434 χώραν
772 377 939 434 ἀποδοίη
961 381 1028 420 καὶ
1062 377 1197 437 τρόπῳ
1231 382 1348 423 παντὶ
1381 381 1453 437 τὴν
1487 379 1705 438 ἁμαρτάδα

260 443 526 494 ἔξιλάσεται.”
595 445 712 487 ταῦτ’
754 446 872 488 εἰπών
907 447 1172 501 ἀπεπέμψατο
1208 447 1278 490 τὸν
1312 447 1539 506 ἄνθρωπον.
1612 446 1633 490 ὃ
1661 448 1705 490 δὲ

256 514 318 554 ἐπὶ
344 513 389 554 τὸ
420 511 627 566 Ῥωμαίων
663 513 922 571 ἀναστρέψας
955 514 1223 571 στρατόπεδον
1254 520 1416 569 βασιλεῖ’
1443 517 1536 568 τοὺς
1560 514 1706 572 λόγους

255 579 449 634 ἐκόμισεν.
518 579 539 623 ὃ
577 581 620 623 δὲ
654 580 799 636 ’ἤκουσε
834 585 907 637 μὲν
942 587 1022 624 τῶν
1047 582 1174 639 λόγων
1210 583 1282 625 οὐκ
1309 583 1462 638 ἀηδῶς,
1496 585 1543 626 οὗ
1568 585 1738 638 μέντοιό

203 652 234 686 Β
258 648 487 691 παντάπασι
521 648 715 692 πιστεύειν
753 649 865 704 εἶχεν.
936 649 1066 693 ἴννοια
1097 650 1174 708 γάρ
1210 669 1271 701 τις
1305 652 1416 709 αὐτῷ
1449 652 1607 708 γέγονε,
1646 651 1705 706 μὴ

118 721 154 756 V
175 722 240 757 102
263 715 568 774 Βλαδισθλάβῳ
602 718 673 759 οὐκ
710 717 788 760 ἄπο
815 715 974 774 γνώμης
1010 719 1162 776 εἴρηται
1186 724 1337 772 ταῦτα,
1368 720 1465 761 ἀλλ’
1492 718 1707 774 ὖποκάθη-

256 787 326 828 ταί
347 803 408 835 τις
432 787 498 827 καὶ
526 783 642 835 δόλος
668 786 815 836 αὖτοῖς.
885 787 1017 841 ἀμέλει
1045 789 1111 829 καὶ
1133 784 1212 829 τῶν
1233 789 1322 844 περὶ
1348 786 1470 829 αὐτόν
1492 805 1603 837 τινας
1628 782 1706 829 αὖ·

256 858 327 903 θις
352 854 392 902 ἐς
418 853 539 895 αὐτὸν
573 854 740 908 πέμψας
774 853 906 911 ὅρκοις
939 855 991 897 τὰ
1024 856 1238 911 δεδογμένα
1271 860 1515 898 πιστοῦσθαι
1539 856 1702 907 ἐκέλευε,

259 923 328 964 καὶ
364 920 408 970 ὃς
443 921 584 963 αὐτίκα
617 924 742 976 μηδὲν
777 921 978 977 μελλήσας
1011 924 1168 978 ἐπιτελῆ
1202 928 1330 966 ταῦτα
1355 923 1484 967 ἔθετο.
1551 923 1598 965 οὗ
1622 923 1704 977 μὴν
1716 928 1759 963 10

260 989 366 1031 ἀλλὰ
391 990 456 1030 καὶ
483 988 558 1031 ὅσα
583 988 733 1043 πάλαι,
769 989 954 1047 καθάπερ
977 991 1096 1048 ἔφην,
1130 990 1319 1045 ὑπέσχετο
1348 992 1543 1048 δευτέροις
1568 993 1705 1033 ἐπικα-

259 1055 505 1111 τελάμβανεν
531 1055 676 1113 ὅρκοις.
745 1058 863 1115 ὀλίγῳ
891 1060 934 1101 δὲ
958 1058 1124 1101 κατόπιν
1148 1061 1214 1101 καὶ
1241 1061 1446 1116 Στέφανος
1469 1059 1653 1116 πρέσβεις
1665 1059 1706 1109 ἒς

258 1125 427 1179 βασιλέα
452 1124 617 1178 πέμψας
642 1123 714 1179 τήν
738 1143 780 1168 τε
797 1125 938 1182 χώραν
962 1127 1148 1169 ἀπεδίδου
1164 1129 1228 1169 καὶ
1243 1126 1492 1184 παράκλησιν
1516 1131 1704 1184 προσῆγε,

257 1193 396 1247 μηκέτι
421 1191 614 1250 Στεφάνῳ
639 1193 743 1234 κατὰ
766 1198 837 1248 τῆς
867 1195 1059 1249 Οὖννικῆς
1084 1196 1233 1252 ἐφιέναι
1259 1194 1484 1251 στρατεύειν
1507 1199 1566 1252 τῷ
1589 1196 1703 1252 θείῳ.

259 1260 360 1317 ἅπερ
387 1258 407 1301 ὅ
433 1261 623 1313 βασιλεὺς
647 1260 964 1317 προσδεξάμενος
971 1294 985 1314 ,
1014 1263 1083 1305 τὸν
1115 1262 1286 1317 πόλεμον
1311 1256 1436 1312 λύσας
1461 1261 1515 1313 ὥς
1540 1264 1603 1304 ἐπὶ
1628 1262 1700 1316 τὴν
1713 1271 1757 1308 15

254 1326 468 1382 εΡωμαίων
502 1329 706 1383 μετεβαινε
714 1361 728 1381 ,
770 1329 964 1388 Στεφάνῳ
999 1348 1040 1373 τε
1074 1329 1238 1387 παρῄνει
1265 1330 1598 1373 ἀπαλλάσσεσθαι
1622 1330 1700 1385 ἤδη

204 1399 233 1435 C
256 1401 327 1451 τῆς
358 1397 551 1451 Οὖννικῆς
576 1399 642 1438 καὶ
678 1397 798 1440 αὐτὸν
825 1397 892 1440 ἅτε
918 1400 1035 1458 πείρα
1058 1398 1248 1453 μαθόντα
1272 1399 1317 1441 τὸ
1343 1401 1432 1455 περὶ
1458 1398 1578 1440 αὐτὸν
1605 1397 1703 1441 δύσ-

251 1482 346 1508 νουν
370 1469 450 1506 τῶν
476 1463 704 1521 ὁμοφύλων.
771 1468 924 1508 πείθειν
951 1467 991 1508 δ’
1022 1467 1093 1509 οὐκ
1120 1467 1220 1521 ἔχων
1251 1467 1320 1509 τὸν
1354 1466 1571 1523 ἄνθρωπον
1586 1464 1612 1480 “
1625 1465 1703 1522 ἐγὼ

251 1534 325 1587 μὲν
344 1531 370 1546 “
387 1532 494 1589 ἕφη”
525 1531 661 1586 ἄπειμι
685 1532 790 1587 ἤδη·
835 1534 1131 1592 ἀνασωσαμένῳ
1169 1533 1246 1591 γάρ
1281 1552 1352 1588 μοι
1387 1535 1459 1588 τὴν
1479 1532 1619 1591 χώραν
1643 1537 1702 1590 τῷ

251 1603 364 1659 Bau}
395 1599 528 1654 μάχης
564 1599 624 1642 ὅτι
658 1601 715 1655 μὴ
751 1601 891 1643 ἀδίκου
926 1600 1044 1657 λόγος
1077 1601 1352 1644 ὑπολέλειπται
1389 1602 1537 1652 οὐδείς·
1579 1601 1628 1644 σὺ
1656 1602 1756 1645 δὲΞΟ

253 1669 325 1710 οὐκ
351 1670 406 1718 εἰς
439 1668 599 1725 μακρὰν
635 1668 723 1710 ἴσθι
758 1669 1112 1726 προδοθησόμενος
1145 1677 1229 1720 τοῖς
1264 1671 1437 1727 ἐχθροῖς.
1505 1671 1540 1711 εἴ
1562 1668 1701 1722 βούλει

253 1737 321 1787 δέ,
357 1738 424 1777 καὶ
462 1739 516 1786 εἷς
551 1735 648 1790 ὄψιν
683 1736 773 1793 ἄρτι
808 1738 853 1779 τὸ
890 1737 1056 1794 πρᾶγμά
1091 1755 1154 1781 σοι
1187 1737 1448 1794 παραστήσω.
1527 1736 1609 1779 ἔστι
1636 1753 1700 1780 σοι

252 1804 493 1861 ἀδελφιδοῦς
518 1805 723 1861 Στέφανος
747 1803 923 1864 τοσούτῳ
950 1806 1001 1848 τὰ
1026 1807 1082 1856 εἷς
1104 1805 1268 1863 μορφὴν
1292 1803 1467 1864 ἐμφερής
1474 1836 1487 1856 ,
1523 1803 1604 1864 ὅσῳ
1617 1811 1700 1855 τοῖς

344 1934 378 1969 3.
401 1930 623 1979 ἐξιλάσεται]
644 1933 728 1969 Cod.
751 1931 983 1977 ἐξιλάσσεται.

253 2047 371 2092 passe)
397 2047 554 2080 continuo
577 2046 672 2081 nobis
693 2047 828 2081 arbitris
853 2049 888 2081 et
909 2047 1062 2091 regiones
1089 2047 1246 2083 restituet
1270 2050 1305 2083 et
1327 2047 1412 2082 omni
1427 2046 1523 2082 modo
1539 2046 1696 2082 delictum

254 2092 417 2137 expiabit.
428 2092 446 2109 ’²
492 2093 543 2126 his
567 2093 664 2126 dictis
686 2093 848 2127 hominem
875 2093 1008 2128 dimisit.
1053 2093 1109 2127 ille
1133 2095 1263 2128 veroin
1278 2095 1502 2128 Romanorum
1516 2098 1624 2127 castra
1638 2104 1696 2126 re-

252 2149 372 2171 versus
394 2137 583 2183 imperatori
605 2150 691 2182 quae
715 2139 757 2172 ab
783 2150 823 2172 eo
842 2138 1018 2173 audiverat
1040 2139 1173 2174 retulit:
1206 2151 1292 2185 quae
1315 2140 1446 2184 quidem
1459 2138 1590 2182 accepit
1606 2138 1695 2172 haud

251 2183 451 2224 illubenter,
475 2183 538 2216 etsi
560 2183 659 2217 fidem
684 2184 725 2217 iis
750 2184 881 2218 omnino
904 2195 970 2217 non
994 2189 1196 2229 praestaret.
1241 2197 1348 2230 neque
1370 2185 1454 2218 enim
1471 2185 1553 2218 haec
1576 2195 1597 2217 a
1612 2183 1695 2218 Via-

250 2229 357 2263 dislao
386 2240 427 2261 ex
451 2228 547 2262 animi
571 2229 737 2262 sententia
760 2230 850 2263 dicta
874 2241 949 2264 esse
964 2231 1182 2275 opinabatur,
1207 2233 1450 2274 verebaturque
1465 2241 1508 2263 ne
1522 2229 1597 2273 quis
1611 2229 1695 2263 sub-

251 2278 341 2307 esset
366 2274 472 2310 dolus.
520 2279 724 2318 quapropter
748 2275 906 2319 quosdam
929 2287 971 2309 ex
993 2277 1061 2310 suis
1082 2277 1123 2310 ad
1149 2277 1239 2310 illum
1265 2276 1373 2310 denuo
1397 2274 1507 2316 misit,
1540 2279 1578 2308 ut
1592 2279 1694 2319 pacta

248 2319 463 2353 iureiurando
488 2319 682 2360 firmarent3
718 2321 807 2363 quod
832 2321 888 2355 ine
911 2321 989 2354 nihil
1015 2326 1163 2356 moratus
1189 2321 1345 2357 confecit.
1389 2331 1497 2364 neque
1521 2330 1562 2353 ea
1575 2320 1693 2362 solum,

248 2376 366 2399 verum
390 2376 475 2410 quae
497 2365 573 2398 olim
598 2364 696 2398 etiam
721 2366 770 2398 uti
794 2366 934 2399 diximus
957 2367 1150 2411 pepigerat,
1173 2367 1317 2401 secundo
1337 2366 1521 2400 iuramento
1537 2365 1692 2402 sancivit.

249 2410 350 2455 paulo
371 2415 450 2456 post
465 2415 500 2444 et
516 2410 704 2454 Stephanus
718 2411 825 2444 missis
837 2411 879 2444 ad
903 2412 1138 2456 imperatorem
1148 2412 1279 2456 iegatiS,
1301 2411 1467 2455 regionem
1482 2410 1630 2444 restituit
1644 2410 1693 2444 si-

248 2456 380 2500 mulque
397 2456 596 2500 deprecatus
612 2460 685 2497 est,
704 2467 747 2489 ne
762 2467 906 2500 unquam
922 2458 1131 2501 Stephanum
1146 2464 1295 2504 patruum
1311 2457 1398 2491 bello
1413 2455 1622 2499 Hungariam
1637 2455 1692 2489 in·—

247 2502 373 2535 festare
389 2501 608 2547 permitteret.
655 2501 705 2534 his
729 2502 877 2547 acceptis
903 2503 1144 2537 conditionibus
1174 2503 1328 2549 princeps
1353 2501 1441 2535 bello
1466 2501 1629 2546 dirempto
1655 2500 1692 2535 in

246 2546 417 2580 Romanos
434 2558 540 2591 prope
562 2546 664 2580 rediit
690 2547 787 2581 fines.
835 2548 1039 2593 Stephanum
1066 2554 1175 2583 autem
1194 2549 1344 2582 hortatus
1360 2552 1412 2580 est
1426 2547 1630 2591 imperator,
1652 2550 1692 2580 ut

247 2595 283 2625 et
296 2592 368 2636 ipse
383 2593 425 2626 ab
442 2592 615 2635 Hungaria
638 2592 838 2635 excederet,
861 2597 901 2627 ut
926 2593 984 2638 qui
997 2605 1116 2628 revera
1133 2594 1241 2628 odium
1267 2603 1348 2637 erga
1361 2604 1399 2626 se
1412 2592 1692 2635 indignationem-

246 2648 313 2681 que
340 2637 572 2671 contribulium
598 2642 688 2671 esset
712 2644 883 2683 expertus.
930 2639 990 2672 sed
1014 2651 1086 2673 cum
1107 2640 1139 2673 id
1162 2638 1283 2672 homini
1306 2638 1507 2691 persuadere
1522 2637 1611 2671 haud
1626 2648 1691 2682 po-

245 2682 365 2716 tuisset
394 2685 490 2725 “ego
519 2682 680 2726 quidem''
703 2683 809 2727 inquit
834 2685 954 2717 “nunc
980 2685 1120 2727 recedo3
1154 2684 1236 2718 Bela
1260 2695 1382 2728 quippe
1404 2684 1438 2717 in
1453 2684 1617 2727 integrum
1631 2693 1690 2716 re·-

246 2728 382 2766 stituto,
406 2728 495 2762 uuna
520 2727 599 2760 mihi
623 2728 762 2772 amplius
786 2729 866 2762 belii
889 2729 952 2762 nisi
975 2729 1086 2763 iniusti
1112 2729 1198 2763 ratio
1222 2729 1431 2773 relinquitur.
1476 2733 1512 2763 tu
1529 2739 1610 2763 vero
1625 2738 1688 2772 pro

246 2778 339 2808 certo
355 2773 440 2808 scias
458 2778 492 2807 te
506 2773 601 2806 brevi
616 2773 753 2807 inimicis
768 2774 832 2808 tuis
849 2774 1053 2819 prodendum
1069 2786 1162 2816 esse3
1187 2779 1222 2809 et
1235 2774 1263 2808 si
1282 2774 1417 2808 videtur
1432 2801 1442 2819 ‚
1466 2773 1629 2818 quomodo
1652 2772 1688 2807 id

245 2819 394 2855 futurum
418 2819 462 2855 sit
485 2818 670 2855 ostendam.
717 2823 772 2855 est
794 2819 855 2857 tibi
878 2830 921 2856 ex
941 2820 1047 2856 fratre
1072 2831 1178 2867 nepos
1199 2820 1410 2867 StephanuS,
1433 2819 1518 2856 adeo
1541 2819 1688 2856 vultuot
