1878 3262
250 217 343 267 140
669 214 974 258 NICEPHORI
1007 211 1272 259 BRYENNII

192 340 224 374 D
249 333 403 384 ἔπειθε,
439 330 533 381 τούς
566 331 610 373 δὲ
640 332 707 373 καὶ
739 335 1007 372 παλινοστεῖν·
1052 330 1253 383 ’ξυνέβαινε
1278 327 1380 387 γάρ,
1413 335 1492 374 τιδι’
1523 335 1698 375 Σκυθῶν

244 407 323 445 τιῦν
358 398 584 455 μελλόντων
619 398 774 442 διώκειν
805 397 910 441 οὕτω
935 405 1017 448 τοῖς
1040 400 1127 454 περὶ
1150 399 1364 456 Βρυέννιον
1389 400 1697 454 ἐπιβουλευσάν-

244 487 345 521 των,
380 468 551 524 μηδενὸς
569 468 682 519 ὄντος
703 473 776 511 τοῦ
797 467 1009 517 διώκοντος
1029 467 1086 521 μὴ
1107 465 1320 524 πόρρωθεν
1339 475 1475 524 φυγεῖν
1495 470 1588 520 τοὺς
1609 471 1698 525 περὶ

245 539 315 580 τὸν
348 537 562 592 Κομνηνὸν
585 538 781 589 Ἀλέξων,
831 536 935 579 ἀλλὰ
969 537 1135 590 πλησίον
1169 536 1351 578 ἀλᾶσθαι
1386 538 1695 594 ἓπαποροῦντας,

246 605 355 656 ὅπως
382 608 552 656 ἐκείνους
580 605 799 664 φεύγοντας
823 603 892 648 τόν
921 622 962 647 τε
991 606 1115 646 ἰἰῑπον
1144 605 1293 647 ἐδείκνυ
1314 607 1379 648 καὶ
1403 606 1476 655 τὰς
1495 605 1729 663 ῥομφαιάςό

249 677 317 718 καὶ
349 676 421 731 τὴν
450 675 651 732 ἀναίρεσιν
682 680 755 718 τοῦ
780 675 998 733 Βρυεννιόυ
1028 677 1185 731 τρανῶς
1210 673 1418 731 ἐκήρυττε,
1454 676 1519 717 καὶ
1542 676 1698 718 συνελέ-

247 761 363 800 γοντο
385 744 567 795 ἅπαντες.

130 817 159 851 Ρ
183 818 227 852 94
392 813 465 857 10.
534 808 734 859 Ξυνὲπεσε
769 812 815 854 δέ
843 829 880 854 τι
902 814 968 854 καὶ
991 811 1144 869 ἕτερον,
1182 808 1376 869 Τοῦρκων
1396 811 1468 854 οὐκ
1492 812 1702 866 ἐλαχίστην

208 866 227 899 8
249 888 398 938 μοῖραν
437 881 538 938 πρὸς
577 882 809 935 συμμαχίαν
838 881 929 938 ἄρτι
962 881 1062 937 πρὸς
1091 882 1291 935 βασιλέως
1320 879 1596 933 ἀπεστάλθαι,
1632 879 1702 930 οὓς

249 948 489 1006 συνεκύρησε
514 949 617 992 κατὰ
638 950 707 992 τὸν
726 950 865 1006 καιρὸν
884 951 1051 1002 ἐκεῖνον,
1078 950 1182 998 καθ’
1206 949 1250 992 ὃν
1270 948 1295 1005 ἦ
1316 948 1427 1004 μάχη
1446 950 1612 1004 συνέστη
1635 950 1758 992 >cano

247 1017 275 1072 ᾖ
310 1017 462 1075 τροπή,
491 1017 801 1075 παραγενέσθαι.
870 1017 1021 1068 ἰδόντες
1050 1013 1121 1060 οὖν
1152 1017 1371 1075 φεύγοντας
1400 1020 1467 1067 καὶ
1495 1018 1563 1060 τὸν
1582 1019 1703 1072 ὁομέ-

251 1103 386 1129 στικον
410 1085 647 1142 ζητήσαντες
668 1092 748 1129 τῶν
768 1091 924 1141 σχολῶν
947 1089 1011 1128 καὶ
1034 1087 1145 1143 παρὰ
1167 1086 1296 1144 τούτῳ
1318 1085 1516 1142 γενόμενοι
1534 1091 1707 1143 θαρρεῖν

250 1172 292 1197 τε
326 1155 504 1196 ἐκέλευον
535 1157 600 1196 καὶ
627 1155 722 1204 τοὺς
749 1156 963 1208 πολεμίους
991 1154 1151 1210 ἐζήτουν
1179 1154 1430 1197 θεάσασθαι.
1500 1154 1521 1197 ὃ
1545 1157 1587 1197 δὲ
1611 1155 1706 1205 τοὺς

247 1221 446 1279 ἡγεμόνας
460 1222 613 1268 τούτων
635 1223 885 1280 παραλαβών
907 1222 1053 1264 ἄνεισιν
1072 1224 1138 1264 ἐπί
1153 1240 1241 1265 τινα
1261 1222 1388 1280 λόφον
1410 1223 1486 1281 ἀφ’
1508 1218 1555 1265 οὗ
1577 1241 1704 1265 κατα-

249 1298 388 1349 φανεῖς
421 1291 584 1345 Ξζιιελλον
612 1290 778 1334 ἔσεσθαι
807 1292 844 1334 οἱ
875 1292 1076 1345 πολέμιοι,
1108 1292 1173 1333 καὶ
1195 1290 1399 1333 ὖπεὸείκνυ
1420 1290 1587 1342 τούτους
1602 1293 1703 1334 ε’κεῒ-
1716 1301 1757 1336 15

199 1364 228 1399 Β
251 1364 338 1403 θεν.
409 1361 446 1404 οἳ
478 1361 522 1404 δὲ
552 1360 839 1416 ’ξυγκεχυμένην
869 1358 1019 1409 ἲδόντες
1042 1360 1115 1414 τὴν
1142 1358 1332 1416 φάλαγγα
1356 1362 1423 1402 καὶ
1447 1360 1517 1411 ξὺν
1540 1361 1708 1419 οὐδεμιᾷ

248 1428 357 1479 τάξει
386 1433 602 1486 χωροῦσαν
632 1429 726 1470 ἀλλ”
761 1426 955 1482 ἀκινήτως
986 1426 1118 1486 ὥσπερ
1147 1430 1378 1484 κινουμένην
1399 1431 1466 1471 καὶ
1487 1429 1703 1486 φθειρομέ-

249 1516 344 1552 νην,
379 1497 522 1547 πάντες
540 1497 616 1553 γὰρ
639 1497 715 1548 ἔξω
737 1498 962 1554 φροντίδων
977 1491 1081 1551 ἦσαν
1100 1495 1155 1547 ὡς
1172 1497 1248 1552 ἤδη
1266 1495 1508 1552 νενικηκότες
1529 1499 1596 1538 καὶ
1614 1497 1708 1547 τοὺς

248 1567 463 1619 πολεμίους
495 1564 763 1622 τρεψάμενοι,
794 1567 875 1608 ἐπεὶ
906 1567 972 1607 καὶ
999 1566 1036 1607 οἱ
1062 1569 1135 1607 τοῦ
1156 1564 1425 1608 Βοτανειάτου
1449 1563 1630 1622 Φράγγοι
1649 1570 1708 1623 τῷ

249 1635 452 1692 Βρυεννίῳ
475 1633 853 1692 προσκεχωρήκασιν
871 1632 1043 1684 ἅπαντες
1066 1635 1132 1675 καὶ
1154 1639 1234 1676 τῶν
1252 1635 1387 1677 ἵππων
1409 1634 1762 1688 &neminemnam

338 1777 372 1811 Ξ.
394 1776 495 1821 τοῖς]
519 1775 566 1811 V,
589 1774 690 1816 τούς.
829 1776 862 1819 5,
883 1772 1006 1821 ὅπως]
1033 1775 1102 1810 Ηὶο
1123 1774 1225 1817 etiam
1248 1775 1348 1821 plura
1369 1776 1507 1811 turbata
1529 1779 1620 1810 sunt.

251 1901 380 1944 tenuit,
415 1901 498 1939 alios
511 1903 623 1934 autem
638 1899 698 1945 qui
709 1899 851 1944 fugere·
843 1911 906 1934 iam
921 1903 1103 1945 coeperant
1116 1899 1305 1935 revocavit.
1349 1900 1429 1945 quia
1451 1900 1537 1935 enim
1559 1899 1708 1943 Scythae

252 1947 312 1992 qui
342 1947 529 1980 debuerant
557 1946 688 1990 insequi
719 1947 901 1990 fugientes,
934 1947 976 1979 ab
1007 1946 1047 1979 iis
1074 1946 1232 1991 impetum
1261 1949 1436 1980 verterant
1464 1945 1498 1979 in
1524 1950 1709 1979 extremum

255 2005 375 2037 agmen
404 1994 473 2035 ΒΓ)
478 1991 587 2034 ennii,
620 1992 762 2035 contigit
786 1992 984 2033 ΑΙθΧίειιιοε,
1014 1996 1135 2037 utpote
1162 2002 1246 2036 quos
1269 2003 1364 2025 nemo
1392 2003 1412 2025 a
1437 1996 1533 2035 tergo
1560 1996 1709 2036 urgeret,

255 2051 320 2072 non
338 2039 437 2082 longe
451 2039 569 2081 fugere
577 2019 669 2071 ’‘sed
660 2050 693 2071 ιιι
710 2038 899 2083 propinquo
917 2043 1114 2082 exspectare
1131 2048 1199 2082 quo
1214 2048 1269 2072 res
1289 2037 1443 2077 caderet,
1474 2043 1513 2070 ut
1528 2049 1571 2072 ex
1586 2041 1710 2072 eventu

257 2084 429 2117 consilium
457 2091 630 2128 caperent.
677 2095 758 2127 ergo
788 2089 826 2117 ut
851 2084 1010 2117 viderunt
1031 2083 1262 2126 Bryennianos
1282 2083 1412 2127 quidem
1427 2083 1594 2126 fugientes
1622 2083 1709 2127 (hos

261 2131 349 2166 enim
364 2135 403 2162 ut
418 2129 557 2162 diximus
575 2130 726 2172 Scythae
740 2130 962 2171 turbabant),
992 2141 1112 2173 equum
1132 2140 1215 2165 vero
1242 2140 1340 2173 quem
1356 2129 1466 2162 cultus
1480 2129 1711 2174 imperatorius

262 2175 426 2219 Bryennii
440 2185 515 2208 esse
530 2175 710 2217 suadebat,
739 2175 951 2220 rhomphaeis
964 2175 1201 2208 circumdatum
1217 2185 1350 2208 sessore
1365 2185 1527 2208 vacuum:
1557 2175 1600 2208 ad
1626 2175 1711 2208 haec

256 2233 375 2256 vocem
398 2221 552 2254 audirent
580 2221 669 2254 clare
692 2201 940 2255 denuntiantem
957 2221 1102 2255 occisum
1119 2231 1195 2255 esse
1210 2220 1432 2286 Bryennium‚
1462 2220 1581 2255 resecti
1595 2220 1712 2254 animis
1761 2251 1764 2254 .

256 2274 294 2302 et
308 2266 497 2301 confirmati
512 2266 622 2300 denuo
639 2268 941 2311 congregabantur.

350 2315 403 2347 10.
450 2313 602 2346 Accessit
626 2313 743 2346 eodem
769 2313 888 2357 quod
879 2325 914 2346 ιιι
934 2311 1022 2346 istud
1044 2313 1324 2368 opportunissime
1345 2315 1542 2346 momentum
1563 2311 1712 2346 occurrit

256 2359 423 2394 adventus
439 2370 506 2391 non
522 2358 663 2402 exiguae
679 2360 866 2393 Turcorum
893 2370 1009 2392 manus
1025 2370 1066 2392 ex
1081 2359 1121 2392 iis
1137 2369 1220 2403 quos
1234 2360 1278 2393 ab
1291 2359 1491 2404 imperatore
1506 2358 1539 2390 in
1554 2358 1710 2391 auxilium

256 2405 373 2439 Alexio
389 2405 507 2438 missos
522 2404 585 2437 iam
601 2404 753 2438 diximus.
799 2404 833 2437 hi
858 2404 1011 2438 videntes
1035 2404 1240 2438 commissam
1264 2415 1410 2458 pugnam
1432 2404 1653 2448 turbatosque
1669 2414 1711 2436 ac

253 2451 423 2495 fugientes
450 2451 563 2484 hostes
575 2476 586 2493 ‚
617 2450 769 2495 quaesito
794 2449 976 2484 domestico
991 2451 1176 2484 scholarum
1191 2462 1232 2484 ac
1244 2451 1387 2494 denique
1400 2450 1536 2483 invento
1552 2449 1711 2503 prolixis·-

247 2496 338 2530 sime
352 2507 445 2530 suam
462 2507 596 2541 operam
611 2496 823 2539 detulerunt,
849 2500 889 2529 ut
903 2496 1089 2530 confideret
1109 2497 1282 2531 hortantes
1297 2495 1427 2540 sibique
1445 2495 1589 2528 ostensis
1603 2495 1711 2528 hosti-

255 2542 318 2575 bus
333 2542 477 2585 aliquam
494 2546 623 2587 partem
637 2542 801 2576 victoriae
817 2542 1028 2576 concederet.
1076 2542 1215 2576 Alexius
1234 2553 1343 2575 eorum
1366 2541 1539 2574 alacritate
1555 2541 1711 2575 utendum

255 2591 351 2621 ratus
374 2587 513 2620 ducibus
537 2588 653 2621 borum
679 2599 791 2622 secum
810 2588 989 2632 assumptis
1015 2588 1192 2621 ascendit
1182 2600 1216 2622 m
1233 2587 1411 2629 tumulum,
1443 2599 1485 2620 ex
1501 2598 1568 2631 quo
1583 2587 1712 2620 sciebat

257 2632 401 2666 hostium
419 2633 522 2666 aciem
538 2634 630 2667 cerni
645 2645 767 2679 posse,
799 2645 898 2679 quam
913 2634 970 2667 et*
961 2633 1044 2679 ipsis
1059 2634 1136 2667 inde
1149 2633 1302 2667 ostendit.
1348 2632 1397 2665 illi
1422 2633 1576 2666 videntes
1592 2633 1711 2666 confu-

257 2690 327 2712 sam
338 2678 552 2731 phalangem
577 2683 704 2713 temere
724 2681 790 2714 huc
812 2680 892 2713 illuc
917 2680 1006 2713 nulla
1031 2679 1114 2713 certi
1130 2679 1255 2713 ordinis
1270 2677 1442 2722 disciplina
1458 2683 1654 2722 evagantem
1670 2689 1712 2712 ac

258 2723 380 2758 sensim
396 2734 434 2756 se
448 2724 701 2769 dissolventem,
732 2732 768 2760 ut
784 2725 850 2759 illis
867 2725 989 2759 accidit
1005 2725 1063 2769 qui
1079 2725 1177 2759 nimia
1191 2718 1353 2758 victoriae
1374 2725 1558 2758 securitate
1573 2735 1616 2757 ex
1631 2734 1710 2759 ver-

259 2770 305 2804 sis
334 2769 369 2802 in
400 2771 515 2813 sugam
541 2753 746 2804 adversariis
772 2774 953 2815 concepta,
985 2771 1230 2804 contentionem
1256 2773 1291 2802 et
1311 2769 1506 2803 industriam
1528 2769 1712 2811 remittunt,

261 2816 315 2850 cui
331 2814 475 2848 fiduciae
490 2819 528 2848 ut
541 2815 728 2859 languidius
745 2817 960 2850 indormit-ent
976 2815 1176 2858 Bryenniani
1193 2815 1341 2849 faciebat
1356 2827 1474 2849 recens
1490 2815 1712 2859 transfugium

263 2862 489 2904 Francorum,
521 2861 576 2906 qui
604 2874 646 2896 cx
668 2861 777 2896 Alexii
801 2861 906 2906 signis
922 2861 990 2895 ad
980 2872 1072 2906 ipsos
1095 2861 1317 2904 transierant,
1346 2862 1514 2896 exscensis
1529 2861 1625 2906 equis
1639 2860 1712 2894 uni-
