1878 3262
766 162 1050 208 EPISTULA.
1579 179 1643 209 vu

184 291 305 319 veras
325 275 568 318 catholicam
582 276 819 329 veritatem3
854 285 896 319 et
913 279 1084 319 nebulas
1104 277 1333 319 haereticae
1356 276 1526 331 fraudis,
1550 286 1640 320 toto

183 345 470 402 septentrione
492 344 648 386 dudum
671 346 845 397 offusas,
874 347 1027 388 mentis
1060 345 1259 388 divinitus
1288 347 1512 388 illustratae
1532 347 1642 388 felici

174 414 431 473 perspicacia
452 412 717 456 discusseras.
785 415 975 456 arcebant
994 429 1048 456 ne
1069 429 1284 471 sequerere
1309 416 1490 457 oblatam
1510 417 1644 458 lucem

180 483 334 523 infulae
365 496 411 523 ac
442 481 702 535 diademata,
742 483 1054 524 tenacissimum
1082 483 1340 525 vinculorum
1365 498 1508 537 genus.
1574 483 1643 526 Tu

182 559 318 592 tamen
347 552 513 592 collecta
543 552 589 592 in
609 551 671 593 Te
702 565 827 592 unam
853 552 978 592 trium
998 551 1271 594 Orientalium
1301 551 1386 593 fide
1415 567 1462 593 ac
1489 552 1643 610 pietate

180 634 343 672 regum,
367 619 588 671 *Christum
617 621 718 663 olim
747 622 888 668 stellae
906 619 1049 673 ductu,
1084 619 1254 662 Herode
1273 622 1421 662 frustra
1443 621 1641 674 ringente,

181 703 375 744 quaerere
402 702 616 740 ausorum,
650 689 790 741 regina
819 689 943 730 trium
969 690 1237 747 populorum,
1267 682 1470 747 perruptis
1503 691 1642 731 omni-

182 758 258 798 bus
286 758 527 809 obstaculis,
563 756 616 797 ad
643 757 795 799 Christi
821 758 1038 810 vicarium,
1072 757 1238 798 haeresi
1260 759 1431 810 calcata,
1465 758 1642 799 cucurri-

181 826 258 877 sti3
298 839 420 867 verae
443 826 655 879 religionis
679 825 932 881 exercendae
952 827 1187 867 facultatem
1205 825 1320 866 haud
1341 840 1435 867 caro
1453 827 1538 867 emi
1555 834 1644 867 rata

180 893 333 934 iactura
366 908 598 947 regnorum.
665 903 798 936 macte
829 908 921 936 rara
949 895 1079 948 gloria
1104 894 1445 936 inusitatissimae
1467 895 1644 947 virtutis,

178 976 258 1018 qua
278 962 464 1017 dynastis
484 962 727 1004 Borealibus
760 963 894 1020 prima
913 971 1009 1020 post
1030 966 1238 1011 funestam
1260 962 1534 1004 defectionem
1552 964 1644 1004 illa-

178 1045 270 1071 rum
302 1032 517 1083 regionum
550 1032 715 1083 signum
742 1033 924 1088 exempli
953 1033 1142 1073 salutaris
1170 1032 1367 1073 extulisti.
1435 1030 1510 1072 sed
1541 1033 1644 1072 haec

179 1099 377 1156 ampliora
397 1107 491 1140 sunt
513 1114 637 1155 quam
655 1107 698 1140 ut
720 1102 921 1153 angustiis
945 1102 1145 1158 epistolae
1166 1101 1311 1140 arctari
1334 1099 1524 1142 debeant.
1592 1099 1647 1140 ad

176 1166 431 1221 Bryennium
450 1166 589 1209 redeo.
658 1169 728 1224 qui
744 1170 852 1210 hunc
873 1183 993 1210 suum
1011 1169 1055 1210 in
1075 1169 1280 1226 publicam
1299 1169 1433 1209 lucem
1454 1167 1646 1220 reditum,

177 1244 299 1291 atque
321 1237 366 1277 in
385 1237 550 1278 Latium
569 1237 807 1288 transitum,
836 1237 896 1278 ita
921 1236 1088 1279 demum
1108 1238 1363 1294 auspicatum
1382 1238 1471 1278 fore
1494 1237 1647 1277 intelli-

176 1319 298 1357 gens,
344 1305 380 1346 si
408 1305 659 1358 benignitate
683 1305 840 1347 favoris
863 1305 967 1357 Tui,
1003 1307 1121 1361 quasi
1150 1306 1250 1346 astri
1277 1306 1426 1346 natalis
1457 1306 1642 1347 benefico

176 1380 343 1430 aspectu
372 1374 622 1426 fortunetur,
656 1373 721 1415 Te
751 1374 900 1426 ambit,
936 1373 1035 1415 Tibi
1053 1375 1275 1431 supplicat,
1309 1372 1447 1414 Tuum
1464 1374 1643 1431 patroci-

175 1442 292 1482 nium
319 1442 525 1498 implorat.
594 1456 715 1483 suum
745 1450 956 1500 praeterea
988 1442 1059 1496 (ut
1098 1451 1162 1484 est
1202 1443 1332 1483 homo
1358 1442 1642 1495 gratissimus)
1678 1500 1680 1502 r

174 1517 454 1551 remuneratur
469 1510 756 1567 interpretem:
786 1509 886 1552 dum
904 1525 1001 1552 eum
1019 1512 1134 1554 velut
1149 1511 1360 1552 Maiestati
1378 1510 1493 1551 Tuae
1511 1509 1643 1551 devo-

174 1579 383 1619 tissimum
403 1579 616 1630 clientem,
652 1571 1014 1636 amplitudinisque
1038 1594 1085 1620 ac
1109 1580 1264 1632 gloriae
1291 1577 1644 1620 studiosissimum

174 1645 291 1687 Tuae
303 1679 314 1699 ,
346 1648 554 1703 obsequiis
574 1646 799 1689 admovere
818 1648 968 1690 vestris
989 1655 1030 1691 et
1046 1649 1256 1689 insinuare
1271 1648 1427 1700 gratiae
1449 1655 1640 1698 conatur3

175 1714 286 1755 haud
311 1729 411 1759 sane
433 1718 569 1757 fucato
595 1717 861 1769 testimonio,
896 1717 1047 1774 quippe
1076 1731 1101 1757 a
1127 1717 1246 1757 factis
1276 1730 1440 1773 semper
1471 1715 1639 1757 solidis-

177 1798 255 1838 que
280 1784 449 1835 officiis,
484 1785 555 1824 ubi
581 1799 732 1840 operae
758 1784 976 1829 navandae
996 1786 1158 1827 occasio
1178 1785 1412 1837 vocaverit,
1446 1783 1573 1825 fidem
1593 1797 1639 1824 ac

178 1853 515 1908 experimentum,
527 1852 733 1894 habituro.
