1878 3262
265 220 358 266 150
675 217 980 267 NICEPHORJ
1010 216 1277 260 BRYENNII

398 330 476 375 20.
538 329 652 372 Ἀλλ’
689 330 760 373 οὐκ
791 329 914 373 ἔλαθε
942 330 1036 381 τοὺς
1065 327 1264 382 σκοπούς,
1292 328 1381 371 ἄλλ’
1403 327 1488 384 ἅμα
1508 347 1548 373 τε
1565 330 1708 380 ἐκεῖνος

264 402 408 454 ἐξῆλθε
435 402 506 453 τῆς
535 397 688 449 πόλεως
714 400 791 441 κάκ
823 403 897 442 τοῦ
923 397 1107 453 πλήθους
1139 402 1211 453 τῆς
1243 395 1386 448 κόνεως
1410 399 1447 441 οἳ
1474 400 1614 441 σκοποὶ
1639 398 1710 454 τὴν
1746 397 1750 400 ’

261 468 402 517 ἔξοδον
429 465 719 524 τεκμηράμενοι
744 471 802 524 τῷ
835 471 916 511 τῶν
946 470 1102 522 σχολῶν
1130 468 1349 524 δομεστίκῳ
1375 471 1502 509 ταῦτα
1529 465 1710 523 ἐμήνυον.

215 543 244 576 C
265 534 286 577 ὃ
323 536 364 577 δ’
402 535 551 578 ἐκέλευε
584 534 736 586 πάντας
769 534 1127 593 ὅπλοφορήσαντας
1159 536 1226 576 καὶ
1251 535 1346 584 τοὺς
1364 535 1511 584 ἵππους
1533 535 1709 591 εὐτρεπί-

263 621 414 653 σαντας
439 605 657 660 περιμένειν
687 604 732 646 τὸ
764 602 979 658 σύνθημα,
1015 605 1081 645 καὶ
1114 602 1236 645 ἄλλον
1265 603 1329 644 ἐπ’
1364 601 1471 658 ἄλλῳ
1504 602 1744 656 ἐξέπεμπενό

264 671 365 714 ὥστε
391 670 613 725 μανθάνειν
645 672 696 714 τὰ
721 673 824 714 κατὰ
841 672 909 714 τὸν
932 672 1132 725 πολέμιον.
1201 672 1280 712 ἐπεὶ
1300 670 1342 711 δ’
1371 668 1533 726 ἀφίκετό
1555 686 1615 720 τις
1634 674 1713 712 τῶν

263 740 411 782 ἐκείνου
436 742 643 796 οἷκογενιῢν
654 773 667 791 ,
704 739 747 790 ὃς
771 740 909 790 πιστὸς
929 734 978 794 ἦν
1001 740 1111 796 αὐτῷ
1136 740 1202 780 καὶ
1224 735 1508 793 συνηλικιώτης
1528 739 1593 779 καὶ
1619 735 1714 779 σύν-

261 824 435 864 τροφος,
472 810 661 858 Τατίκιος
680 803 728 862 ἦν
747 807 874 862 ὄνομα
892 812 950 865 τῷ
971 807 1106 864 ἀνδρί,
1143 805 1307 864 φράζων
1325 804 1380 856 ὥς
1398 805 1443 847 οὗ
1461 803 1599 862 πόρρω
1619 806 1715 848 εἲσὶν

264 877 303 918 οἳ
335 877 539 930 πολέμιοι,
576 874 819 918 ἐπυνθάνετο
848 875 991 918 τούτου
1026 877 1060 917 εἴ
1091 875 1213 917 αὐτὸν
1230 876 1375 917 ἐκεῖνον
1391 871 1598 930 ἐγνώρισεν
1618 872 1716 916 εἶναι

262 944 332 985 τὸν
353 942 601 999 Βασιλάκην.
670 943 691 986 ὃ
716 945 752 986 δ’
774 946 960 998 ἐβεβαίου
984 946 1050 986 καὶ
1073 947 1209 1000 φωνῆς
1233 944 1378 985 ἐκείνου
1402 942 1570 984 ἀκοῦσαι
1594 946 1716 984 καθιε-
1729 948 1772 982 10

263 1010 422 1066 στώσης
442 1011 514 1066 τὴν
534 1010 722 1069 φάλαγγα
742 1015 807 1054 καὶ
832 1013 1004 1054 ἕπεσθαί
1023 1012 1060 1053 οἱ
1082 1009 1337 1066 κελευούσης,
1362 1012 1428 1052 καὶ
1458 1010 1576 1064 βέλος
1601 1010 1717 1068 ἀφεῖ-

264 1097 329 1121 ναι
354 1080 446 1122 κατ’
473 1080 620 1121 ἐκείνου
646 1080 714 1121 διὰ
734 1085 807 1122 τοῦ
823 1079 956 1130 τόξον.
1025 1080 1149 1129 εὐθὺς
1168 1074 1238 1121 οὖν
1259 1076 1453 1125 ἐκελεύετο
1474 1076 1624 1128 ἐξόδιον
1645 1094 1719 1133 ση-

263 1151 388 1200 μῆναι
413 1146 488 1196 τὰς
510 1145 753 1202 σάλπιγγας,
789 1149 856 1189 καὶ
881 1154 964 1197 τοῖς
982 1149 1069 1204 περὶ
1089 1147 1162 1202 τὴν
1186 1147 1291 1189 ἰδίαν
1312 1146 1572 1202 παρεμβολὴν
1596 1145 1720 1196 εὐθὺς

264 1213 435 1268 λύχνους
453 1216 519 1256 καὶ
539 1215 687 1271 κηρούς
709 1213 888 1265 ἐξάπτειν
908 1215 1127 1258 ἐπέταττεν.

212 1331 245 1364 D
405 1328 484 1372 21.
548 1327 684 1378 Ἐντὸς
701 1329 744 1370 δὲ
763 1333 834 1384 τῆς
852 1329 956 1377 ἴδιάς
976 1331 1123 1382 σκηνῆς
1139 1326 1207 1369 τὸν
1229 1324 1400 1369 συνόντα
1420 1326 1529 1384 αὐτῷ
1543 1325 1720 1380 μοναχὸν
1731 1333 1774 1369 15

266 1394 397 1451 ἄνδρα
433 1397 641 1450 ἐκτομιάν,
678 1391 711 1454 ᾧ
742 1396 815 1451 τὴν
846 1397 969 1438 αὐτοῦ
997 1393 1187 1452 πρόνοιαν
1214 1393 1240 1449 ᾖ
1262 1393 1395 1452 μήτηρ
1420 1396 1644 1436 ἐπίστευσεν
1667 1392 1722 1444 ὥς

265 1463 442 1520 ἐντρεχεῖ
456 1481 498 1506 τε
521 1466 586 1506 καὶ
609 1466 836 1522 περιδεξιίἔι,
872 1462 1103 1506 καταλιπὼν
1122 1461 1436 1520 παρεκελεύσατο
1461 1463 1519 1517 μὴ
1541 1467 1721 1516 σβεσθῆ-

265 1548 332 1571 ναι
365 1531 437 1584 τὴν
473 1530 671 1585 λαμπάδα
705 1533 761 1574 δι’
798 1531 893 1587 ὅλης
918 1530 1072 1581 νυκτός.
1139 1531 1185 1573 τὸ
1211 1531 1308 1573 αὐτὸ
1332 1531 1382 1585 δὴ
1402 1529 1529 1587 τούτῳ
1551 1532 1721 1579 καὶτοῖς

267 1597 404 1647 ἄλλοις
436 1597 584 1641 ἅπασιν
614 1600 812 1642 ἐκέλευσεν
840 1601 880 1642 ἐν
908 1606 996 1649 ταῖς
1022 1601 1142 1648 ἰδίαις
1164 1600 1257 1655 πρὶν
1277 1605 1441 1653 σκηναῖς
1463 1600 1530 1641 καὶ
1553 1596 1722 1652 λύχνους

268 1667 334 1707 καὶ
370 1667 499 1716 δᾶδας
531 1664 718 1710 ἀνάπτειν
738 1668 855 1724 μέχρι
878 1672 952 1710 τοῦ
973 1665 1234 1723 περιόρθρου.
1302 1667 1447 1716 ἐκεῖνος
1466 1667 1509 1708 δὲ
1527 1666 1630 1720 μετὰ
1647 1669 1776 1714 τοῦἓο
1809 1698 1815 1710 .

359 1806 413 1841 18.
437 1802 577 1852 τούτῳ]
602 1806 742 1842 vomito?
882 1807 935 1840 19.
960 1805 1070 1850 πρὶν]
1095 1805 1243 1840 ποιεῖνῒ

357 1929 414 1965 20.
460 1927 540 1963 Non
556 1928 654 1962 latuit
669 1931 780 1962 autem
796 1928 1031 1974 exploratores
1046 1929 1089 1963 ab
1106 1929 1222 1963 Alexio
1241 1928 1431 1973 dispositos.
1477 1927 1558 1973 quin
1571 1928 1634 1963 iam
1650 1931 1719 1963 tum

272 1983 345 2007 cum
361 1973 503 2018 primum
518 1985 562 2007 ex
578 1975 663 2008 urbe
679 1974 851 2008 Basilaces
866 1974 992 2019 prodiit
1007 1986 1050 2008 ex
1065 1974 1196 2008 sublato
1212 1974 1247 2008 in
1264 1975 1366 2008 altum
1381 1974 1522 2019 pulvere
1537 1974 1657 2008 indicio
1672 1974 1720 2008 im

269 2023 370 2063 capto
399 2018 443 2054 ad
467 2019 684 2055 domesticum
707 2020 892 2055 scholarum
910 2019 1065 2053 Alexium
1078 2031 1147 2053 rem
1164 2019 1363 2053 detulerant.
1408 2019 1466 2053 ille
1480 2030 1562 2053 vero
1575 2019 1721 2054 iusserat

267 2075 383 2097 omnes
409 2075 487 2098 suos
510 2065 544 2098 in
572 2066 671 2098 armis
687 2068 777 2099 stare
793 2065 1002 2110 procinctos,
1033 2069 1068 2098 et
1083 2065 1140 2109 qui
1155 2076 1259 2110 equos
1275 2065 1435 2099 haberent
1448 2064 1487 2098 iis
1503 2064 1668 2109 expeditis
1683 2069 1721 2098 et

267 2109 397 2154 paratis
413 2114 612 2154 exspectare
627 2111 796 2159 pugnandi
811 2111 952 2154 signum.
998 2110 1049 2144 his
1068 2110 1118 2144 ita
1140 2110 1284 2158 provisis
1300 2110 1398 2144 alium
1413 2121 1515 2155 super
1529 2109 1626 2144 alium
1641 2109 1720 2144 mit·-

266 2155 362 2188 tebat
378 2154 435 2198 qui
451 2159 546 2188 certa
562 2156 603 2192 de
619 2155 771 2190 hostibus
788 2157 968 2190 referrent.
1013 2159 1052 2189 ut
1070 2160 1181 2190 autem
1197 2155 1240 2190 ad
1257 2166 1331 2189 eum
1346 2155 1449 2189 rediit
1463 2155 1593 2200 quidam
1606 2166 1626 2188 e
1641 2166 1720 2188 νει-ᾳ

266 2200 320 2233 nis
336 2199 427 2242 eius,
457 2200 607 2244 aequalis
622 2201 725 2245 ipsius
742 2206 777 2235 et
793 2202 1019 2235 collactaneus
1035 2201 1087 2234 cui
1102 2201 1234 2235 Taticio
1251 2213 1388 2243 nomen,
1419 2201 1510 2234 aiens
1531 2211 1598 2233 non
1618 2199 1720 2244 longe

267 2244 395 2278 distare
420 2245 535 2279 hostes
548 2270 559 2287 ,
589 2245 823 2290 interrogabat
840 2258 914 2280 eum
932 2258 976 2280 an
991 2250 1084 2280 certo
1099 2247 1199 2280 sciret
1212 2247 1318 2292 ipsum
1333 2258 1405 2280 cum
1419 2246 1459 2280 iis
1475 2245 1634 2279 advenire
1648 2245 1719 2280 Ba—

267 2290 404 2325 silacem
418 2315 428 2332 ‚
459 2294 494 2324 et
517 2291 638 2335 ecquid
651 2291 743 2325 illum
757 2292 803 2327 ibi
820 2292 970 2327 vidisset.
1016 2292 1198 2326 affirmavit
1210 2291 1364 2326 Taticius
1378 2296 1414 2326 et
1426 2290 1588 2328 Basilacis
1601 2301 1719 2325 vocem

267 2334 338 2369 suis
362 2346 399 2369 se
423 2336 559 2369 auribus
584 2336 734 2370 hausisse
755 2337 839 2371 dixit
863 2337 1046 2371 ordinantis
1072 2338 1177 2371 aciem
1190 2340 1226 2371 et
1240 2337 1335 2381 sequi
1350 2347 1425 2371 sese
1437 2335 1591 2370 iubentis.
1638 2336 1718 2380 quin

269 2380 369 2414 etiam
383 2391 421 2414 se
437 2381 593 2424 sagittam
607 2381 642 2415 in
657 2382 765 2427 ipsum
782 2393 862 2416 arcu
877 2382 1069 2416 iaculatum.
1115 2383 1167 2417 his
1190 2383 1312 2416 auditis
1329 2381 1492 2427 extemplo
1506 2380 1643 2417 Alexius
1659 2392 1720 2416 ca-

270 2437 352 2459 nere
366 2426 465 2460 tubas
479 2426 576 2460 iussit
585 2452 596 2469 ‚
621 2431 657 2461 et
671 2428 801 2472 signum
816 2427 1003 2472 prodeundi
1018 2428 1109 2464 dare.
1156 2429 1345 2474 passimque
1358 2439 1419 2474 per
1433 2437 1494 2461 sua
1509 2432 1622 2462 castra
1633 2427 1720 2461 lam-

271 2471 376 2515 pades
391 2475 429 2505 et
445 2483 563 2507 cereos
577 2472 757 2519 imperavit
769 2472 918 2508 accendi.

357 2562 416 2595 21.
463 2561 571 2595 Porro
586 2561 675 2598 iutra
690 2572 783 2596 suum
798 2561 901 2607 ipsius
917 2561 1165 2597 tabernaculum
1179 2562 1371 2597 monachum
1387 2561 1570 2596 eunuchum
1581 2588 1590 2605 ‚
1619 2571 1718 2606 quem

269 2604 334 2650 ipsi
349 2605 503 2640 comitem
519 2611 554 2640 et
569 2607 738 2641 assiduum
762 2609 1030 2642 contubernalem
1046 2612 1150 2642 mater
1165 2609 1396 2652 assignaverat
1411 2617 1520 2640 curam
1535 2607 1608 2640 eius
1621 2606 1718 2641 habi-

269 2655 403 2693 turum,
435 2652 558 2695 optime
585 2653 627 2685 ad
650 2653 683 2686 id
709 2653 892 2695 delectum,
923 2653 1097 2690 eratenim
1111 2654 1292 2689 industrius
1307 2657 1341 2686 et
1357 2664 1417 2686 usu
1433 2652 1599 2698 prudens,
1627 2652 1714 2687 huuc

267 2695 401 2739 inquam
426 2697 617 2731 monachum
641 2697 675 2731 in
695 2699 909 2732 tabernaculo
927 2699 1082 2744 reliquit,
1111 2699 1233 2733 iussum
1254 2709 1427 2732 accensam
1443 2702 1512 2732 tota
1526 2701 1628 2732 nocte
1641 2707 1716 2732 ser-

270 2751 353 2774 vare
378 2740 573 2785 lampadem.
619 2742 773 2788 idemque
795 2744 983 2778 mandatum
1008 2743 1082 2777 aliis
1105 2743 1319 2779 tabernacula
1343 2743 1608 2777 custodientibus
1623 2741 1717 2776 dedit

269 2785 411 2830 lychnos
435 2790 473 2821 et
498 2786 588 2821 faces
613 2798 674 2832 per
699 2799 771 2823 eam
794 2794 926 2824 noctem
947 2798 1054 2833 usque
1079 2789 1120 2824 ad
1147 2800 1242 2824 mane
1256 2790 1414 2825 ardentes
1429 2788 1582 2824 habendi.
1627 2787 1717 2822 inter
