1878 3262
570 207 1111 254 COMMENTARJORUM
1134 208 1182 251 L'.
1205 206 1281 251 ΠΙ.
1556 205 1652 252 107

193 325 261 368 καὶ
290 327 445 379 μᾶλλον
478 328 550 379 τῆς
579 323 657 380 ἤδη
688 323 881 381 ρηθείσης
908 320 1104 381 Εἰρήνης·
1139 325 1206 366 καὶ
1237 322 1315 379 γὰρ
1347 315 1397 377 ἦν
1425 320 1652 379 χαρίτωνῆ

129 391 136 396 ’
193 398 323 442 νεᾶνις
370 390 578 443 ἀνάπλεως
590 425 602 444 ,
664 391 751 452 ὥρα
787 409 829 435 τε
867 391 1057 446 σώματος
1095 391 1382 446 ὃιαλάμπουσα
1431 393 1499 433 καὶ
1536 391 1654 445 ἠθῶν

193 462 392 517 ἀγλαΐαις.
462 460 516 512 ὡς
548 465 644 518 γοῦν
673 460 699 516 ἡ
734 459 885 515 ταύτης
911 459 1046 517 μήτηρ
1077 461 1150 515 τὴν
1170 459 1333 516 γνώμην
1354 458 1599 515 εἰσήνεγκεν,
1630 457 1654 501 ὅ

190 546 235 572 τε
260 537 407 586 καῖσαρ
429 529 560 586 ἐπῄνει
580 531 647 572 καὶ
669 528 691 571 ὅ
714 527 1089 586 πρωτοβεστιάριος,
1114 527 1135 571 ὅ
1157 527 1308 578 κλεινός
1330 546 1435 585 φημι
1451 526 1656 584 Ἀνδρόνι-

155 606 286 649 5κος,
321 597 433 653 ἥσθη
466 600 532 640 καὶ
562 598 734 653 μονονοὺ
767 599 833 640 καὶ
859 601 931 652 τῆς
954 595 1074 639 νόσου
1097 595 1403 640 ἐπελανθάνετο.
1471 599 1537 638 καὶ
1561 613 1657 652 φοι-

191 665 371 721 τήσαντά
397 683 492 709 ποτε
522 667 623 724 πρὸς
645 666 767 708 αὐτὸν
788 666 858 708 τὸν
877 665 1092 720 Κομνηνὸν
1104 667 1280 716 Ἀλέξων
1301 667 1384 724 ἰδίᾳ
1405 664 1658 722 παραλαβὼν

192 733 438 777 ἐπυνθάνετο
464 737 499 778 εἲ
513 734 702 790 βούλοιτο
723 737 878 791 γυναικὶ
904 739 1187 791 συναφθῆναι·
1222 736 1288 776 καὶ
1310 734 1388 790 γὰρ
1416 733 1527 791 ἔφθη
1551 734 1654 775 ‹2710-
1675 738 1710 773 D

190 808 339 856 βιοῦσα
364 802 390 858 ἦ
425 802 566 860 πρώην
599 802 729 861 τούτῳ
766 807 1097 860 συναρμοσθεῖσα
1135 801 1323 859 θυγάτηρ
1364 807 1437 844 τοῦ
1460 803 1659 859 Ἀργυροῦ

192 873 340 913 ἐκείνου
373 872 521 928 ἀνδρὸς
552 872 734 927 εὖγενοῦς
764 874 830 914 καὶ
862 870 1023 928 πλούτῳ
1055 876 1262 924 κομῶντος
1296 872 1363 912 καὶ
1396 870 1573 924 κτήσεως
1595 869 1658 912 ὅτι

130 942 377 995 ἕΙΟπλείστης
398 938 512 990 ὄντος
535 940 743 983 δεσπότου.
811 938 866 990 ὡς
888 942 933 982 δὲ
954 940 1238 993 συντιθέμενον
1257 943 1400 981 τοῦτον
1422 933 1554 995 εὗρεν,
1591 939 1658 980 εῦ-

190 1009 273 1059 θὺς
295 1011 384 1066 περὶ
407 1014 480 1051 τοῦ
502 1008 651 1064 κήδους
667 1007 921 1064 ἀπήγγελλεν.
991 1006 1012 1050 ὃ
1032 1009 1075 1050 δὲ
1097 1006 1365 1058 ξυνετώτατος
1387 1006 1443 1049 dlv
1466 1007 1573 1063 εἴπερ
1599 1024 1660 1055 τις

191 1077 316 1127 ἄλλος
341 1082 421 1120 τῶν
453 1078 550 1120 νέων
579 1078 691 1132 ἥσθη
723 1078 797 1131 μὲν
827 1081 886 1135 τῷ
916 1075 1165 1130 ἀκούσματι,
1209 1075 1363 1131 ἄνήρτα
1396 1075 1437 1117 (5²
1473 1074 1583 1129 ὅμως
1605 1074 1656 1116 τὰ

186 1147 282 1203 περὶ
317 1145 461 1188 τούτου
495 1149 555 1203 τῷ
586 1144 793 1200 θελήματι
824 1150 897 1200 τῆς
928 1144 1096 1202 μητρός.
1166 1146 1207 1186 ἓν
1242 1145 1392 1199 ἀγῶσιν
1427 1138 1498 1185 οὖν
1533 1142 1659 1192 εὐθὺς

191 1212 300 1264 ἅπας
322 1212 343 1256 ὅ
366 1213 474 1264 οἶκος
497 1219 570 1256 τοῦ
593 1216 788 1270 καίσαρος
799 1246 812 1266 ,
847 1218 920 1269 τῆς
943 1216 1159 1268 καλλίστης
1186 1217 1328 1254 πασῶν
1352 1216 1550 1267 γυναικῶν
1576 1214 1658 1253 διε-

133 1290 182 1326 -15
191 1282 379 1339 γειράσης
398 1282 506 1325 ἅπαν
528 1283 574 1324 τὸ
595 1283 888 1339 θεραπευτικὸν
908 1284 975 1325 καὶ
998 1284 1176 1324 οἰκίδιον.
1246 1281 1336 1323 οὔτε
1355 1281 1432 1337 γὰρ
1456 1285 1514 1337 τῷ
1535 1285 1659 1333 βασι·
1682 1286 1712 1321 Ρ
1736 1288 1783 1323 73

190 1355 256 1393 λεῖ
279 1350 494 1408 πρόθυμον
521 1346 571 1405 ἦν
602 1351 647 1393 τὸ
680 1351 748 1392 διὰ
770 1350 918 1406 κήὸους
937 1355 1199 1407 συναφθῆναι
1221 1354 1280 1406 τῷ
1302 1347 1445 1391 τούτου
1467 1350 1568 1404 γείἐι
1590 1348 1660 1390 τὸν

190 1418 429 1475 Κομνηνόν,
465 1418 564 1462 οὗθ’
596 1417 623 1474 ἡ
652 1418 786 1476 μήτηρ
820 1418 964 1462 τούτου
998 1418 1215 1475 πρόθυμος
1240 1413 1290 1472 ἦν
1315 1418 1488 1474 ἀρχαίαν
1509 1417 1659 1471 ἔχουσα

187 1488 263 1543 τὴν
287 1489 522 1542 δυσμένειαν
552 1487 653 1544 πρὸς
682 1487 859 1545 καίσαρά
887 1505 929 1530 τε
964 1489 1030 1529 καὶ
1060 1488 1133 1541 τὴν
1169 1488 1298 1528 οἰκίαν
1327 1490 1402 1527 τοῦ
1440 1488 1658 1542 καίσαρος,

191 1555 214 1599 ὅ
228 1574 268 1599 τε.
282 1557 364 1612 μὴν
377 1561 450 1598 τοῦ
462 1561 705 1614 κρατοῦντος
719 1554 1006 1613 αὐτάδελφοςὸ
1023 1555 1414 1612 Πορφυρογέννητος
1435 1556 1659 1596 Κωνσταν-

109 1630 300 1675 aotam
335 1624 497 1683 σφόδρα
534 1629 663 1682 φιλῶν
694 1625 764 1667 τὸν
792 1632 971 1681 γενναῖον
993 1624 1169 1674 Ἀλεξιον
1195 1623 1242 1664 οὗ
1279 1620 1492 1678 συνεχώρει
1526 1620 1658 1679 τούτῳ

190 1694 261 1736 τὸν
291 1693 422 1750 γάμον
454 1692 722 1736 ἀσπάσασθαι
751 1693 822 1736 τὸν
853 1699 926 1748 τῆς
959 1694 1106 1735 ἐκείνου
1143 1692 1334 1746 ἀνεψιᾶς·
1368 1685 1418 1746 ἦν
1440 1691 1517 1748 γὰρ
1546 1691 1658 1747 αὐτῷ

193 1763 352 1820 ἀδελφὴ
373 1763 645 1819 πρεσβυτέρα,
682 1762 780 1817 Ζωὴ
802 1762 847 1805 τὸ
876 1762 1005 1816 ὄνομα
1018 1794 1032 1813 ,
1066 1760 1117 1816 ’ἣν
1140 1759 1327 1814 ἐβούλετο
1360 1758 1491 1817 τούτῳ
1515 1761 1658 1811 συζεῦψ

193 1834 273 1882 ξαι.
341 1829 545 1882 τοσούτων
572 1832 706 1873 τοίνυν
738 1830 863 1874 ὄντων
893 1835 974 1874 τῶν
1005 1831 1208 1884 ἓμποδίων
1234 1829 1307 1871 οὐκ
1327 1825 1515 1883 ἂνῆκενῆ
1539 1844 1656 1869 συνε-

190 1937 323 1973 solliciti
340 1941 437 1972 erant
447 1963 457 1978 ‚
473 1937 615 1972 maxime
628 1940 741 1972 autem
757 1936 800 1971 de
813 1937 912 1971 modo
927 1941 1110 1971 memorata
1122 1937 1230 1971 Irene.
1259 1939 1336 1970 erat
1352 1935 1437 1969 enim
1452 1934 1654 1969 adolescen-

192 1985 266 2019 tula
281 1984 401 2027 gratiis
416 1984 581 2026 affluens,
610 1985 719 2017 forma
734 1983 862 2028 pariter
878 1984 1033 2028 corporis
1049 1989 1085 2017 et
1098 1983 1280 2028 splendore
1295 1993 1421 2016 morum
1439 1981 1584 2026 fulgens.
1614 1984 1654 2014 ut

191 2036 303 2066 autem
328 2030 424 2063 huius
441 2030 584 2073 coniugii
599 2030 801 2063 mentionem
815 2034 921 2063 mater
937 2029 1067 2071 intulit,
1109 2032 1349 2062 concurrerunt
1371 2027 1526 2061 certatim
1550 2026 1587 2060 in
1612 2037 1656 2061 ea

193 2076 444 2121 comprobanda
467 2076 595 2109 Caesar
620 2080 655 2108 et
678 2075 956 2120 protovestiarius
980 2075 1075 2120 ipse,
1098 2074 1246 2118 inclytus
1271 2073 1406 2118 inquam
1433 2072 1657 2114 Andronicus,

193 2123 252 2168 qui
269 2122 400 2165 quidem
416 2133 457 2154 ea
471 2121 703 2166 propositione
718 2125 846 2154 tantum
864 2125 917 2153 est
930 2122 1068 2169 gavisus
1084 2126 1121 2154 ut
1138 2131 1246 2167 paene
1261 2120 1368 2153 morbi
1384 2118 1656 2152 oblivisceretur.

193 2178 300 2213 quare
323 2167 547 2200 ventitantem
571 2166 615 2199 ad
641 2177 678 2199 se
705 2166 809 2199 officii
825 2177 927 2199 causa
944 2166 1148 2200 Comnenum
1163 2165 1314 2200 Alexium
1330 2176 1403 2198 cum
1419 2164 1575 2209 privatim
1592 2175 1656 2207 ag·

193 2224 332 2258 gressus
347 2213 609 2256 interrogasset,
628 2212 746 2256 ecquid
762 2211 867 2245 vellet
882 2223 1020 2245 uxorem
1035 2212 1187 2246 ducere?
1211 2213 1305 2255 (nam
1323 2210 1425 2255 paulo
1443 2216 1522 2243 ante
1539 2209 1658 2244 vivere

194 2259 344 2293 desierat
358 2270 459 2303 quam
472 2259 500 2291 is
517 2258 582 2291 sibi
598 2269 705 2302 nuper
721 2257 946 2302 desponderat
959 2258 1028 2291 tilia
1037 2257 1164 2300 Argyri
1180 2257 1267 2290 illius
1282 2255 1345 2291 viri
1361 2255 1484 2290 nobilis
1501 2260 1536 2289 et
1550 2266 1660 2300 pecu-

193 2304 250 2338 nia
279 2304 614 2350 possessionibusque
635 2303 740 2336 omnis
765 2303 898 2347 generis
921 2303 1141 2346 abundantis)
1166 2308 1205 2335 ut
1220 2308 1331 2336 autem
1349 2301 1589 2336 assentientem
1603 2301 1658 2334 in-

194 2349 308 2390 venit,
336 2350 515 2394 cogitatam
531 2349 730 2382 affinitatem
746 2348 890 2393 aperuit.
938 2349 991 2381 hie
1004 2349 1060 2382 ille
1076 2348 1219 2381 omnium
1235 2346 1512 2393 prudentissimus
1528 2345 1658 2380 iuvenis

195 2407 266 2430 rem
282 2395 415 2440 quidem
431 2395 530 2428 valde
545 2395 702 2439 probavit
716 2399 752 2426 et
768 2393 996 2438 propositione
1011 2394 1200 2428 delectatus
1218 2399 1291 2434 est,
1323 2391 1528 2436 significavit
1545 2397 1658 2425 tamen

195 2452 234 2476 se
247 2441 396 2486 pendere
410 2440 444 2474 in
462 2441 524 2473 hoc
540 2452 581 2473 ex
596 2439 774 2472 voluntate
788 2439 914 2473 matris.
945 2450 1066 2483 magna
1081 2439 1135 2473 bic
1151 2438 1327 2481 occupatio
1344 2439 1434 2471 sacta
1452 2442 1506 2470 est
1519 2437 1661 2470 univer-

194 2498 255 2522 sae
271 2486 429 2520 Caesaris
445 2485 577 2528 domui,
608 2484 830 2530 pulcherrima
844 2485 1028 2518 Andronici
1056 2485 1199 2528 coniuge
1223 2483 1406 2517 familiares
1431 2494 1545 2517 omnes
1560 2482 1660 2517 adhi-

195 2533 298 2566 bente
315 2537 525 2576 urgenteque
547 2536 586 2564 ut
606 2542 668 2575 pro
695 2542 732 2563 se
748 2530 889 2575 quisque
905 2530 1148 2564 contenderent
1162 2531 1195 2563 in
1213 2529 1423 2573 expediendo
1439 2529 1575 2572 negotio
1590 2539 1661 2563 non

196 2577 335 2612 modicis
350 2577 607 2611 difficultatibus
630 2576 800 2621 impedito.
846 2587 922 2609 nam
947 2587 1057 2620 neque
1082 2574 1279 2620 imperatori
1305 2574 1461 2620 placebat
1485 2574 1516 2608 ei
1542 2573 1661 2618 generi

198 2623 354 2667 coniungi
370 2623 508 2669 nuptiali
523 2622 765 2656 necessitudine
782 2622 1007 2663 Comnenum,
1040 2633 1150 2666 neque
1163 2621 1198 2654 iu
1214 2621 1280 2653 boc
1295 2620 1532 2665 propendebat
1553 2620 1660 2664 ipsius

198 2668 361 2702 Comneui
385 2674 491 2703 mater
514 2668 652 2712 antiqua
675 2667 863 2701 offensione
887 2679 907 2700 a
923 2667 1073 2700 Caesare
1086 2678 1127 2700 ac
1142 2666 1269 2700 familia
1285 2666 1443 2699 Caesaris
1459 2666 1658 2700 abhorrens.

198 2719 378 2759 praeterea
390 2716 497 2748 frater
511 2714 726 2758 imperatoris
739 2713 1051 2758 Porpliyrogenitus
1061 2712 1302 2746 Constantinus
1313 2712 1531 2745 vehementer
1543 2721 1658 2744 amans

199 2770 400 2803 generosum
415 2760 571 2794 Alexium
594 2771 659 2793 non
677 2759 892 2804 permittebat
905 2759 970 2803 ipsi
985 2764 1024 2792 ut
1037 2759 1071 2792 in
1087 2757 1223 2803 nuptias
1238 2769 1312 2791 cum
1327 2757 1442 2791 fratris
1458 2757 1511 2790 sui
1526 2757 1657 2790 Caesa-

198 2805 247 2839 ris
262 2810 366 2850 nepte
379 2806 600 2839 consentiret:
633 2811 708 2839 erat
722 2804 807 2839 enim
821 2804 888 2850 ipsi
902 2815 998 2838 soror
1013 2810 1094 2838 natu
1108 2803 1267 2848 grandior
1284 2803 1358 2837 Ζοό
1375 2802 1528 2844 nomine,
1557 2812 1655 2846 quam

199 2850 319 2887 Alexio
334 2850 472 2886 volebat
484 2862 626 2886 uxorem
636 2851 729 2886 dare.
775 2856 828 2886 tot
852 2850 1035 2886 obstaculis
1057 2849 1240 2886 destinatas
1252 2848 1365 2885 Alexii
1386 2860 1461 2883 cum
1474 2848 1576 2882 Irene
1590 2858 1657 2881 nu-
