<?xml version="1.0" encoding="UTF-8"?>
<!DOCTYPE html PUBLIC "-//W3C//DTD XHTML 1.0 Transitional//EN"
    "http://www.w3.org/TR/xhtml1/DTD/xhtml1-transitional.dtd">
<html xmlns="http://www.w3.org/1999/xhtml" xml:lang="en" lang="en">
 <head>
  <title>
</title>
<meta http-equiv="Content-Type" content="text/html;charset=utf-8" />
  <meta name='ocr-system' content='tesseract 3.04.00' />
  <meta name='ocr-capabilities' content='ocr_page ocr_carea ocr_par ocr_line ocrx_word'/>
</head>
<body>
  <div class='ocr_page' id='page_1' title='image "./corpusscriptorum26niebuoft_0063.png"; bbox 0 0 1878 3262; ppageno 0'>
   <div class='ocr_carea' id='block_1_1' title="bbox 618 207 1624 255">
    <p class='ocr_par' dir='ltr' id='par_1_1' title="bbox 618 207 1624 255">
     <span class='ocr_line' id='line_1_1' title="bbox 618 207 1624 255; baseline 0.005 -5"><span class='ocrx_word' id='word_1_1' title='bbox 618 208 1012 253; x_wconf 84' lang='lat' dir='ltr'>HISTORIARUM</span> <span class='ocrx_word' id='word_1_2' title='bbox 1045 209 1093 252; x_wconf 82' lang='lat' dir='ltr'><strong>L.</strong></span> <span class='ocrx_word' id='word_1_3' title='bbox 1120 207 1174 251; x_wconf 88' lang='grc' dir='ltr'><strong>Π.</strong></span> <span class='ocrx_word' id='word_1_4' title='bbox 1564 210 1624 255; x_wconf 87' lang='grc'><strong>31</strong></span> 
     </span>
    </p>
   </div>
   <div class='ocr_carea' id='block_1_2' title="bbox 103 321 1749 1895">
    <p class='ocr_par' dir='ltr' id='par_1_2' title="bbox 103 321 1749 1895">
     <span class='ocr_line' id='line_1_2' title="bbox 163 321 1625 380; baseline -0.001 -14"><span class='ocrx_word' id='word_1_5' title='bbox 163 323 223 366; x_wconf 77' lang='grc' dir='ltr'><em>ἐπὶ</em></span> <span class='ocrx_word' id='word_1_6' title='bbox 251 321 477 365; x_wconf 80' lang='grc' dir='ltr'><em>’θάλασσαν</em></span> <span class='ocrx_word' id='word_1_7' title='bbox 509 329 680 365; x_wconf 76' lang='grc' dir='ltr'><em>ποιεῖται</em></span> <span class='ocrx_word' id='word_1_8' title='bbox 715 323 788 377; x_wconf 77' lang='grc' dir='ltr'><em>τὴν</em></span> <span class='ocrx_word' id='word_1_9' title='bbox 817 321 1012 378; x_wconf 74' lang='grc' dir='ltr'><em>ἐκβολήν,</em></span> <span class='ocrx_word' id='word_1_10' title='bbox 1051 323 1126 365; x_wconf 77' lang='grc' dir='ltr'><strong>σὺν</strong></span> <span class='ocrx_word' id='word_1_11' title='bbox 1151 327 1372 380; x_wconf 86' lang='grc' dir='ltr'><em>προπομπῇ</em></span> <span class='ocrx_word' id='word_1_12' title='bbox 1395 323 1464 366; x_wconf 83' lang='grc' dir='ltr'><strong>τὸν</strong></span> <span class='ocrx_word' id='word_1_13' title='bbox 1488 323 1625 379; x_wconf 83' lang='grc' dir='ltr'><em>νεκρὸν</em></span> 
     </span>
     <span class='ocr_line' id='line_1_3' title="bbox 162 386 1623 450; baseline 0 -16"><span class='ocrx_word' id='word_1_14' title='bbox 162 396 330 447; x_wconf 82' lang='grc' dir='ltr'><em>κατῆγεν</em></span> <span class='ocrx_word' id='word_1_15' title='bbox 351 390 473 442; x_wconf 73' lang='grc' dir='ltr'><em>αὐτὸς</em></span> <span class='ocrx_word' id='word_1_16' title='bbox 495 391 582 446; x_wconf 79' lang='grc' dir='ltr'><em>ἅμα</em></span> <span class='ocrx_word' id='word_1_17' title='bbox 606 399 689 442; x_wconf 81' lang='grc' dir='ltr'><em>τοῖς</em></span> <span class='ocrx_word' id='word_1_18' title='bbox 709 390 994 447; x_wconf 82' lang='grc' dir='ltr'><em>γνησιωτάτοις</em></span> <span class='ocrx_word' id='word_1_19' title='bbox 1015 392 1086 434; x_wconf 79' lang='grc' dir='ltr'><strong>τὸν</strong></span> <span class='ocrx_word' id='word_1_20' title='bbox 1108 386 1219 446; x_wconf 73' lang='grc' dir='ltr'><em>ὦμον</em></span> <span class='ocrx_word' id='word_1_21' title='bbox 1239 391 1490 450; x_wconf 71' lang='grc' dir='ltr'><em>ὓποσχιὺντῇ</em></span> <span class='ocrx_word' id='word_1_22' title='bbox 1502 397 1623 450; x_wconf 74' lang='grc' dir='ltr'><em>σορῷ.</em></span> 
     </span>
     <span class='ocr_line' id='line_1_4' title="bbox 162 459 1627 518; baseline 0 -15"><span class='ocrx_word' id='word_1_23' title='bbox 162 459 296 515; x_wconf 83' lang='grc' dir='ltr'><em>ἐπειδή</em></span> <span class='ocrx_word' id='word_1_24' title='bbox 323 477 363 503; x_wconf 87' lang='grc' dir='ltr'><strong>τε</strong></span> <span class='ocrx_word' id='word_1_25' title='bbox 390 462 543 503; x_wconf 79' lang='grc' dir='ltr'><em>ἐκεῖθεν</em></span> <span class='ocrx_word' id='word_1_26' title='bbox 569 461 607 503; x_wconf 76' lang='grc' dir='ltr'><em>οἳ</em></span> <span class='ocrx_word' id='word_1_27' title='bbox 633 459 836 518; x_wconf 84' lang='grc' dir='ltr'><em>δρόμωνες</em></span> <span class='ocrx_word' id='word_1_28' title='bbox 860 461 924 501; x_wconf 80' lang='grc' dir='ltr'><strong>ἐπὶ</strong></span> <span class='ocrx_word' id='word_1_29' title='bbox 948 459 1166 504; x_wconf 80' lang='grc' dir='ltr'><em>θάλασσαν</em></span> <span class='ocrx_word' id='word_1_30' title='bbox 1187 461 1266 516; x_wconf 70' lang='grc' dir='ltr'><strong>ἤδη</strong></span> <span class='ocrx_word' id='word_1_31' title='bbox 1291 462 1473 518; x_wconf 76' lang='grc' dir='ltr'><em>ἀφῆκαν,</em></span> <span class='ocrx_word' id='word_1_32' title='bbox 1502 460 1627 511; x_wconf 80' lang='grc' dir='ltr'>λύσας</span> 
     </span>
     <span class='ocr_line' id='line_1_5' title="bbox 163 524 1628 588; baseline 0 -15"><span class='ocrx_word' id='word_1_33' title='bbox 163 532 230 573; x_wconf 83' lang='grc' dir='ltr'><strong>καὶ</strong></span> <span class='ocrx_word' id='word_1_34' title='bbox 256 524 374 580; x_wconf 74' lang='grc' dir='ltr'><em>οὗτος</em></span> <span class='ocrx_word' id='word_1_35' title='bbox 399 530 538 572; x_wconf 81' lang='grc' dir='ltr'><em>λοιπὸν</em></span> <span class='ocrx_word' id='word_1_36' title='bbox 564 530 636 585; x_wconf 76' lang='grc' dir='ltr'><strong>τὴν</strong></span> <span class='ocrx_word' id='word_1_37' title='bbox 662 530 972 586; x_wconf 71' lang='grc' dir='ltr'><em>στρατοπεδείαν</em></span> <span class='ocrx_word' id='word_1_38' title='bbox 999 529 1068 570; x_wconf 83' lang='grc' dir='ltr'><strong>διὰ</strong></span> <span class='ocrx_word' id='word_1_39' title='bbox 1092 531 1220 584; x_wconf 79' lang='grc' dir='ltr'><em>μέσης</em></span> <span class='ocrx_word' id='word_1_40' title='bbox 1245 529 1381 588; x_wconf 79' lang='grc' dir='ltr'><em>ἐχώρει</em></span> <span class='ocrx_word' id='word_1_41' title='bbox 1419 535 1491 585; x_wconf 79' lang='grc' dir='ltr'><strong>τῆς</strong></span> <span class='ocrx_word' id='word_1_42' title='bbox 1515 532 1628 587; x_wconf 83' lang='grc' dir='ltr'><em>Περ-</em></span> 
     </span>
     <span class='ocr_line' id='line_1_6' title="bbox 129 595 1627 656; baseline -0.001 -14"><span class='ocrx_word' id='word_1_43' title='bbox 129 603 245 642; x_wconf 73' lang='grc' dir='ltr'><em>ὅσῶν</em></span> <span class='ocrx_word' id='word_1_44' title='bbox 277 603 352 654; x_wconf 79' lang='grc' dir='ltr'><strong>γῆς</strong></span> <span class='ocrx_word' id='word_1_45' title='bbox 387 600 579 656; x_wconf 78' lang='grc' dir='ltr'><em>ἄκηρυκτὶ</em></span> <span class='ocrx_word' id='word_1_46' title='bbox 616 596 863 652; x_wconf 78' lang='grc' dir='ltr'><em>διαβιβάζιυν</em></span> <span class='ocrx_word' id='word_1_47' title='bbox 897 597 944 639; x_wconf 83' lang='grc' dir='ltr'><strong>τὸ</strong></span> <span class='ocrx_word' id='word_1_48' title='bbox 978 595 1224 654; x_wconf 81' lang='grc' dir='ltr'><em>στράτευμα.</em></span> <span class='ocrx_word' id='word_1_49' title='bbox 1294 599 1396 656; x_wconf 80' lang='grc' dir='ltr'><em>πρὸς</em></span> <span class='ocrx_word' id='word_1_50' title='bbox 1421 599 1627 656; x_wconf 73' lang='grc' dir='ltr'><em>3.Πέρσαι</em></span> 
     </span>
     <span class='ocr_line' id='line_1_7' title="bbox 162 665 1627 723; baseline 0 -13"><span class='ocrx_word' id='word_1_51' title='bbox 162 669 480 723; x_wconf 77' lang='grc' dir='ltr'><em>καταπλαγέντες</em></span> <span class='ocrx_word' id='word_1_52' title='bbox 511 671 584 722; x_wconf 79' lang='grc' dir='ltr'><strong>τῆς</strong></span> <span class='ocrx_word' id='word_1_53' title='bbox 616 666 768 721; x_wconf 84' lang='grc' dir='ltr'><em>τόλμης</em></span> <span class='ocrx_word' id='word_1_54' title='bbox 797 684 839 709; x_wconf 88' lang='grc' dir='ltr'><strong>τε</strong></span> <span class='ocrx_word' id='word_1_55' title='bbox 865 666 911 708; x_wconf 85' lang='grc' dir='ltr'><strong>τὸ</strong></span> <span class='ocrx_word' id='word_1_56' title='bbox 938 666 1073 723; x_wconf 85' lang='grc' dir='ltr'><em>περιὸν</em></span> <span class='ocrx_word' id='word_1_57' title='bbox 1098 665 1343 722; x_wconf 80' lang='grc' dir='ltr'><em>ἅγασάμενοι</em></span> <span class='ocrx_word' id='word_1_58' title='bbox 1382 668 1471 710; x_wconf 77' lang='grc' dir='ltr'><em>οὐδ’</em></span> <span class='ocrx_word' id='word_1_59' title='bbox 1517 668 1627 710; x_wconf 77' lang='grc' dir='ltr'><em>ἄντι-</em></span> 
     </span>
     <span class='ocr_line' id='line_1_8' title="bbox 160 733 1680 792; baseline 0 -13"><span class='ocrx_word' id='word_1_60' title='bbox 160 742 259 791; x_wconf 62' lang='lat' dir='ltr'><strong>mm</strong></span> <span class='ocrx_word' id='word_1_61' title='bbox 269 741 382 792; x_wconf 83' lang='grc' dir='ltr'><em>τῆσαι</em></span> <span class='ocrx_word' id='word_1_62' title='bbox 402 736 616 791; x_wconf 85' lang='grc' dir='ltr'><em>Ῥωμαίοις</em></span> <span class='ocrx_word' id='word_1_63' title='bbox 640 734 839 789; x_wconf 75' lang='grc' dir='ltr'><em>ἐτόλμων·</em></span> <span class='ocrx_word' id='word_1_64' title='bbox 866 736 1075 790; x_wconf 80' lang='grc' dir='ltr'><em>συνέβαινέ</em></span> <span class='ocrx_word' id='word_1_65' title='bbox 1091 753 1133 778; x_wconf 89' lang='grc' dir='ltr'><strong>τε</strong></span> <span class='ocrx_word' id='word_1_66' title='bbox 1157 735 1304 785; x_wconf 75' lang='grc' dir='ltr'><em>αὐτοὺς</em></span> <span class='ocrx_word' id='word_1_67' title='bbox 1325 733 1380 785; x_wconf 79' lang='grc' dir='ltr'><strong>ὡς</strong></span> <span class='ocrx_word' id='word_1_68' title='bbox 1404 737 1462 777; x_wconf 72' lang='grc' dir='ltr'><em>δι’</em></span> <span class='ocrx_word' id='word_1_69' title='bbox 1480 739 1626 787; x_wconf 77' lang='grc' dir='ltr'><em>οἶκειάς</em></span> <span class='ocrx_word' id='word_1_70' title='bbox 1648 745 1680 779; x_wconf 90' lang='lat' dir='ltr'>D</span> 
     </span>
     <span class='ocr_line' id='line_1_9' title="bbox 162 799 1630 862; baseline -0.001 -14"><span class='ocrx_word' id='word_1_71' title='bbox 162 806 301 848; x_wconf 86' lang='grc' dir='ltr'><em>λοιπὸν</em></span> <span class='ocrx_word' id='word_1_72' title='bbox 327 807 426 848; x_wconf 79' lang='grc' dir='ltr'><em>ἴέναι</em></span> <span class='ocrx_word' id='word_1_73' title='bbox 451 810 524 860; x_wconf 82' lang='grc' dir='ltr'><strong>τῆς</strong></span> <span class='ocrx_word' id='word_1_74' title='bbox 549 805 776 862; x_wconf 79' lang='grc' dir='ltr'><em>ἀλλοτρίας.</em></span> <span class='ocrx_word' id='word_1_75' title='bbox 832 802 854 846; x_wconf 76' lang='grc' dir='ltr'><em>ὃ</em></span> <span class='ocrx_word' id='word_1_76' title='bbox 878 805 953 858; x_wconf 75' lang='grc' dir='ltr'><strong>μὲν</strong></span> <span class='ocrx_word' id='word_1_77' title='bbox 978 799 1050 846; x_wconf 72' lang='grc' dir='ltr'><em>οὖν</em></span> <span class='ocrx_word' id='word_1_78' title='bbox 1075 806 1132 854; x_wconf 76' lang='grc' dir='ltr'><strong>εἷς</strong></span> <span class='ocrx_word' id='word_1_79' title='bbox 1157 804 1230 859; x_wconf 79' lang='grc' dir='ltr'><strong>τὴν</strong></span> <span class='ocrx_word' id='word_1_80' title='bbox 1250 802 1460 858; x_wconf 84' lang='grc' dir='ltr'><em>Ῥωμαίων</em></span> <span class='ocrx_word' id='word_1_81' title='bbox 1486 806 1532 846; x_wconf 87' lang='grc' dir='ltr'><em>οὐ</em></span> <span class='ocrx_word' id='word_1_82' title='bbox 1562 806 1630 847; x_wconf 80' lang='grc' dir='ltr'><strong>διὰ</strong></span> 
     </span>
     <span class='ocr_line' id='line_1_10' title="bbox 161 871 1628 930; baseline -0.001 -14"><span class='ocrx_word' id='word_1_83' title='bbox 161 878 320 917; x_wconf 76' lang='grc' dir='ltr'><em>πολλῶν</em></span> <span class='ocrx_word' id='word_1_84' title='bbox 353 875 533 929; x_wconf 74' lang='grc' dir='ltr'><em>εἰσέβαλε</em></span> <span class='ocrx_word' id='word_1_85' title='bbox 567 879 664 930; x_wconf 85' lang='grc' dir='ltr'><em>γῆν·</em></span> <span class='ocrx_word' id='word_1_86' title='bbox 704 874 746 915; x_wconf 77' lang='grc' dir='ltr'><em>αἱ</em></span> <span class='ocrx_word' id='word_1_87' title='bbox 784 874 828 916; x_wconf 77' lang='grc' dir='ltr'><strong>δὲ</strong></span> <span class='ocrx_word' id='word_1_88' title='bbox 862 871 1037 930; x_wconf 75' lang='grc' dir='ltr'><em>τριήρεις</em></span> <span class='ocrx_word' id='word_1_89' title='bbox 1074 875 1115 923; x_wconf 88' lang='grc' dir='ltr'><strong>ἐς</strong></span> <span class='ocrx_word' id='word_1_90' title='bbox 1141 872 1362 925; x_wconf 79' lang='grc' dir='ltr'><em>Βυζάντιον</em></span> <span class='ocrx_word' id='word_1_91' title='bbox 1389 874 1628 927; x_wconf 69' lang='grc' dir='ltr'><em>ἀναχθεῖσαι</em></span> 
     </span>
     <span class='ocr_line' id='line_1_11' title="bbox 108 940 1628 1000; baseline -0.001 -15"><span class='ocrx_word' id='word_1_92' title='bbox 108 951 152 985; x_wconf 88' lang='grc'><strong>10</strong></span> <span class='ocrx_word' id='word_1_93' title='bbox 162 943 234 998; x_wconf 78' lang='grc' dir='ltr'><strong>τὴν</strong></span> <span class='ocrx_word' id='word_1_94' title='bbox 257 945 457 998; x_wconf 82' lang='grc' dir='ltr'><em>βασιλέως</em></span> <span class='ocrx_word' id='word_1_95' title='bbox 482 941 589 985; x_wconf 83' lang='grc' dir='ltr'><em>κόνιν</em></span> <span class='ocrx_word' id='word_1_96' title='bbox 613 947 664 999; x_wconf 83' lang='grc' dir='ltr'><strong>τῇ</strong></span> <span class='ocrx_word' id='word_1_97' title='bbox 683 943 818 1000; x_wconf 83' lang='grc' dir='ltr'><em>χέρσῳ</em></span> <span class='ocrx_word' id='word_1_98' title='bbox 844 942 1067 994; x_wconf 75' lang='grc' dir='ltr'><em>ἀπέδοσαν,</em></span> <span class='ocrx_word' id='word_1_99' title='bbox 1093 941 1142 998; x_wconf 75' lang='grc' dir='ltr'><strong>ἢν</strong></span> <span class='ocrx_word' id='word_1_100' title='bbox 1167 940 1418 998; x_wconf 74' lang='grc' dir='ltr'><em>ἦῬωμαίων</em></span> <span class='ocrx_word' id='word_1_101' title='bbox 1440 945 1628 999; x_wconf 73' lang='grc' dir='ltr'><em>γερουσία</em></span> 
     </span>
     <span class='ocr_line' id='line_1_12' title="bbox 159 1010 1627 1070; baseline -0.001 -16"><span class='ocrx_word' id='word_1_102' title='bbox 159 1017 473 1070; x_wconf 81' lang='grc' dir='ltr'><em>μεγαλοπρεπῶς</em></span> <span class='ocrx_word' id='word_1_103' title='bbox 494 1012 758 1065; x_wconf 78' lang='grc' dir='ltr'><em>ἀπολαβοῦσα</em></span> <span class='ocrx_word' id='word_1_104' title='bbox 780 1014 838 1061; x_wconf 81' lang='grc' dir='ltr'><strong>εἷς</strong></span> <span class='ocrx_word' id='word_1_105' title='bbox 856 1011 900 1054; x_wconf 85' lang='grc' dir='ltr'><strong>τὸ</strong></span> <span class='ocrx_word' id='word_1_106' title='bbox 923 1011 1029 1068; x_wconf 79' lang='grc' dir='ltr'><em>ἱερὸν</em></span> <span class='ocrx_word' id='word_1_107' title='bbox 1050 1012 1288 1068; x_wconf 74' lang='grc' dir='ltr'><em>παρέπεμψε</em></span> <span class='ocrx_word' id='word_1_108' title='bbox 1307 1010 1627 1068; x_wconf 75' lang='grc' dir='ltr'><em>φροντιστήριον,</em></span> 
     </span>
     <span class='ocr_line' id='line_1_13' title="bbox 161 1078 1625 1139; baseline -0.001 -16"><span class='ocrx_word' id='word_1_109' title='bbox 161 1080 257 1139; x_wconf 82' lang='grc' dir='ltr'><em>ὅπερ</em></span> <span class='ocrx_word' id='word_1_110' title='bbox 292 1080 318 1136; x_wconf 73' lang='grc' dir='ltr'><strong>’ἢ</strong></span> <span class='ocrx_word' id='word_1_111' title='bbox 350 1083 536 1136; x_wconf 79' lang='grc' dir='ltr'><em>βασιλίς,</em></span> <span class='ocrx_word' id='word_1_112' title='bbox 577 1078 764 1136; x_wconf 80' lang='grc' dir='ltr'><em>καθάπερ</em></span> <span class='ocrx_word' id='word_1_113' title='bbox 791 1079 915 1137; x_wconf 68' lang='grc' dir='ltr'><em>ἔφην,</em></span> <span class='ocrx_word' id='word_1_114' title='bbox 955 1078 1108 1137; x_wconf 77' lang='grc' dir='ltr'><em>Εἲρήνη</em></span> <span class='ocrx_word' id='word_1_115' title='bbox 1135 1081 1203 1122; x_wconf 65' lang='grc' dir='ltr'><strong>ἐπ’</strong></span> <span class='ocrx_word' id='word_1_116' title='bbox 1233 1078 1400 1134; x_wconf 79' lang='grc' dir='ltr'><em>ὀνόματι</em></span> <span class='ocrx_word' id='word_1_117' title='bbox 1425 1085 1499 1123; x_wconf 81' lang='grc' dir='ltr'><strong>τοῦ</strong></span> <span class='ocrx_word' id='word_1_118' title='bbox 1523 1099 1625 1122; x_wconf 84' lang='grc' dir='ltr'><em>παν-</em></span> 
     </span>
     <span class='ocr_line' id='line_1_14' title="bbox 160 1149 1626 1207; baseline -0.001 -15"><span class='ocrx_word' id='word_1_119' title='bbox 160 1149 405 1207; x_wconf 79' lang='grc' dir='ltr'><em>τοκράτορος</em></span> <span class='ocrx_word' id='word_1_120' title='bbox 428 1149 639 1206; x_wconf 74' lang='grc' dir='ltr'><em>ἐτύγχανεν</em></span> <span class='ocrx_word' id='word_1_121' title='bbox 664 1149 742 1205; x_wconf 70' lang='grc' dir='ltr'><strong>ἤδη</strong></span> <span class='ocrx_word' id='word_1_122' title='bbox 769 1150 1043 1204; x_wconf 85' lang='grc' dir='ltr'><em>δομησαμένη,</em></span> <span class='ocrx_word' id='word_1_123' title='bbox 1088 1154 1254 1203; x_wconf 82' lang='grc' dir='ltr'><em>βασιλεῖ’</em></span> <span class='ocrx_word' id='word_1_124' title='bbox 1274 1150 1317 1191; x_wconf 79' lang='grc' dir='ltr'><strong>δὲ</strong></span> <span class='ocrx_word' id='word_1_125' title='bbox 1336 1149 1544 1205; x_wconf 83' lang='grc' dir='ltr'><em>Μανουὴλ</em></span> <span class='ocrx_word' id='word_1_126' title='bbox 1569 1149 1626 1191; x_wconf 65' lang='grc' dir='ltr'><strong>ἔτι</strong></span> 
     </span>
     <span class='ocr_line' id='line_1_15' title="bbox 160 1218 1626 1276; baseline 0.001 -16"><span class='ocrx_word' id='word_1_127' title='bbox 160 1221 249 1276; x_wconf 83' lang='grc' dir='ltr'><em>περὶ</em></span> <span class='ocrx_word' id='word_1_128' title='bbox 275 1219 348 1274; x_wconf 80' lang='grc' dir='ltr'><strong>τὴν</strong></span> <span class='ocrx_word' id='word_1_129' title='bbox 373 1218 568 1261; x_wconf 73' lang='grc' dir='ltr'><em>ἐπάνοδον</em></span> <span class='ocrx_word' id='word_1_130' title='bbox 593 1219 744 1273; x_wconf 61' lang='grc' dir='ltr'><em>ἔχοντι,</em></span> <span class='ocrx_word' id='word_1_131' title='bbox 772 1219 906 1274; x_wconf 84' lang='grc' dir='ltr'><em>ἐπειδὴ</em></span> <span class='ocrx_word' id='word_1_132' title='bbox 932 1219 1100 1274; x_wconf 90' lang='grc' dir='ltr'><em>μηδέπω</em></span> <span class='ocrx_word' id='word_1_133' title='bbox 1126 1219 1178 1260; x_wconf 79' lang='grc' dir='ltr'><strong>τὰ</strong></span> <span class='ocrx_word' id='word_1_134' title='bbox 1203 1218 1307 1260; x_wconf 82' lang='grc' dir='ltr'><em>κατὰ</em></span> <span class='ocrx_word' id='word_1_135' title='bbox 1328 1219 1399 1261; x_wconf 84' lang='grc' dir='ltr'><strong>τὸν</strong></span> <span class='ocrx_word' id='word_1_136' title='bbox 1429 1224 1626 1272; x_wconf 77' lang='grc' dir='ltr'><em>σεβαστο-</em></span> 
     </span>
     <span class='ocr_line' id='line_1_16' title="bbox 109 1286 1627 1345; baseline -0.001 -14"><span class='ocrx_word' id='word_1_137' title='bbox 109 1287 340 1345; x_wconf 81' lang='grc' dir='ltr'><em>15κράτορα</em></span> <span class='ocrx_word' id='word_1_138' title='bbox 365 1287 565 1339; x_wconf 78' lang='grc' dir='ltr'><em>πύθοιτο,</em></span> <span class='ocrx_word' id='word_1_139' title='bbox 593 1290 660 1329; x_wconf 82' lang='grc' dir='ltr'><strong>καὶ</strong></span> <span class='ocrx_word' id='word_1_140' title='bbox 687 1286 743 1338; x_wconf 80' lang='grc' dir='ltr'><strong>ὥς</strong></span> <span class='ocrx_word' id='word_1_141' title='bbox 767 1287 846 1342; x_wconf 66' lang='grc' dir='ltr'><strong>ἤδη</strong></span> <span class='ocrx_word' id='word_1_142' title='bbox 872 1290 1076 1344; x_wconf 82' lang='grc' dir='ltr'><em>τυραννίδι</em></span> <span class='ocrx_word' id='word_1_143' title='bbox 1103 1288 1323 1330; x_wconf 72' lang='grc' dir='ltr'><em>ἐπιθέσθαι</em></span> <span class='ocrx_word' id='word_1_144' title='bbox 1349 1286 1627 1341; x_wconf 77' lang='grc' dir='ltr'><em>βουλευσάμε-</em></span> 
     </span>
     <span class='ocr_line' id='line_1_17' title="bbox 159 1355 1628 1415; baseline 0 -17"><span class='ocrx_word' id='word_1_145' title='bbox 159 1374 229 1399; x_wconf 91' lang='grc' dir='ltr'><em>νον</em></span> <span class='ocrx_word' id='word_1_146' title='bbox 265 1356 371 1415; x_wconf 76' lang='grc' dir='ltr'><em>δόλῳ</em></span> <span class='ocrx_word' id='word_1_147' title='bbox 405 1355 673 1407; x_wconf 73' lang='grc' dir='ltr'><em>ὑπελθόντες,</em></span> <span class='ocrx_word' id='word_1_148' title='bbox 714 1355 775 1407; x_wconf 76' lang='grc' dir='ltr'><em>οἷς</em></span> <span class='ocrx_word' id='word_1_149' title='bbox 807 1356 859 1398; x_wconf 78' lang='grc' dir='ltr'><strong>τὰ</strong></span> <span class='ocrx_word' id='word_1_150' title='bbox 893 1357 1093 1410; x_wconf 79' lang='grc' dir='ltr'><em>βασιλέως</em></span> <span class='ocrx_word' id='word_1_151' title='bbox 1125 1357 1384 1413; x_wconf 73' lang='grc' dir='ltr'><em>ἐπιτέτραπτο</em></span> <span class='ocrx_word' id='word_1_152' title='bbox 1419 1355 1628 1414; x_wconf 82' lang='grc' dir='ltr'><em>πρότερον,</em></span> 
     </span>
     <span class='ocr_line' id='line_1_18' title="bbox 160 1423 1629 1484; baseline 0.001 -17"><span class='ocrx_word' id='word_1_153' title='bbox 160 1425 392 1484; x_wconf 58' lang='grc' dir='ltr'><em>ἐζιιφρουρον</em></span> <span class='ocrx_word' id='word_1_154' title='bbox 416 1430 474 1483; x_wconf 75' lang='grc' dir='ltr'><strong>τῷ</strong></span> <span class='ocrx_word' id='word_1_155' title='bbox 499 1430 572 1467; x_wconf 81' lang='grc' dir='ltr'><strong>τοῦ</strong></span> <span class='ocrx_word' id='word_1_156' title='bbox 597 1423 922 1482; x_wconf 82' lang='grc' dir='ltr'><em>παντοκράτορος</em></span> <span class='ocrx_word' id='word_1_157' title='bbox 946 1426 1095 1479; x_wconf 76' lang='grc' dir='ltr'><em>τεμένει</em></span> <span class='ocrx_word' id='word_1_158' title='bbox 1121 1424 1382 1480; x_wconf 79' lang='grc' dir='ltr'><em>ἐποιήσαντο,</em></span> <span class='ocrx_word' id='word_1_159' title='bbox 1410 1424 1540 1467; x_wconf 63' lang='grc' dir='ltr'><em>ἔννοια</em></span> <span class='ocrx_word' id='word_1_160' title='bbox 1563 1427 1629 1481; x_wconf 88' lang='grc' dir='ltr'><strong>γέ-</strong></span> 
     </span>
     <span class='ocr_line' id='line_1_19' title="bbox 160 1492 1631 1553; baseline -0.001 -16"><span class='ocrx_word' id='word_1_161' title='bbox 160 1511 249 1551; x_wconf 79' lang='grc' dir='ltr'><em>γονε</em></span> <span class='ocrx_word' id='word_1_162' title='bbox 275 1493 428 1550; x_wconf 83' lang='grc' dir='ltr'><em>μήποτε</em></span> <span class='ocrx_word' id='word_1_163' title='bbox 454 1499 535 1537; x_wconf 82' lang='grc' dir='ltr'><strong>τῶν</strong></span> <span class='ocrx_word' id='word_1_164' title='bbox 561 1495 635 1537; x_wconf 74' lang='grc' dir='ltr'><strong>σὺν</strong></span> <span class='ocrx_word' id='word_1_165' title='bbox 661 1494 773 1553; x_wconf 75' lang='grc' dir='ltr'><em>αὐτῷ</em></span> <span class='ocrx_word' id='word_1_166' title='bbox 798 1511 877 1536; x_wconf 86' lang='grc' dir='ltr'><em>τισι</em></span> <span class='ocrx_word' id='word_1_167' title='bbox 903 1496 970 1536; x_wconf 81' lang='grc' dir='ltr'><strong>καὶ</strong></span> <span class='ocrx_word' id='word_1_168' title='bbox 994 1493 1174 1548; x_wconf 83' lang='grc' dir='ltr'><em>μάλιστα</em></span> <span class='ocrx_word' id='word_1_169' title='bbox 1199 1501 1283 1544; x_wconf 81' lang='grc' dir='ltr'><em>τοῖς</em></span> <span class='ocrx_word' id='word_1_170' title='bbox 1308 1494 1382 1544; x_wconf 81' lang='grc' dir='ltr'><strong>τὰς</strong></span> <span class='ocrx_word' id='word_1_171' title='bbox 1414 1492 1631 1551; x_wconf 70' lang='grc' dir='ltr'><em>ὑπερηφά-</em></span> 
     </span>
     <span class='ocr_line' id='line_1_20' title="bbox 159 1561 1749 1620; baseline 0.001 -14"><span class='ocrx_word' id='word_1_172' title='bbox 159 1581 255 1615; x_wconf 82' lang='grc' dir='ltr'><em>νους</em></span> <span class='ocrx_word' id='word_1_173' title='bbox 279 1564 458 1606; x_wconf 81' lang='grc' dir='ltr'><em>διέπουσι</em></span> <span class='ocrx_word' id='word_1_174' title='bbox 485 1565 757 1617; x_wconf 77' lang='grc' dir='ltr'><em>δυσμεναίνων</em></span> <span class='ocrx_word' id='word_1_175' title='bbox 783 1561 912 1619; x_wconf 79' lang='grc' dir='ltr'><em>ἀρχάς</em></span> <span class='ocrx_word' id='word_1_176' title='bbox 922 1595 935 1614; x_wconf 88' lang='grc'>,</span> <span class='ocrx_word' id='word_1_177' title='bbox 965 1561 1108 1620; x_wconf 54' lang='grc' dir='ltr'><em>’δράσῃ</em></span> <span class='ocrx_word' id='word_1_178' title='bbox 1135 1580 1172 1605; x_wconf 89' lang='grc' dir='ltr'><strong>τι</strong></span> <span class='ocrx_word' id='word_1_179' title='bbox 1199 1565 1264 1605; x_wconf 84' lang='grc' dir='ltr'><strong>καὶ</strong></span> <span class='ocrx_word' id='word_1_180' title='bbox 1292 1562 1414 1619; x_wconf 76' lang='grc' dir='ltr'><em>ἄχαρι</em></span> <span class='ocrx_word' id='word_1_181' title='bbox 1440 1570 1524 1614; x_wconf 76' lang='grc' dir='ltr'><em>τοῖς</em></span> <span class='ocrx_word' id='word_1_182' title='bbox 1552 1563 1629 1605; x_wconf 74' lang='grc' dir='ltr'><em>ἀνι),</em></span> <span class='ocrx_word' id='word_1_183' title='bbox 1652 1571 1681 1605; x_wconf 83' lang='grc' dir='ltr'><strong>Ρ</strong></span> <span class='ocrx_word' id='word_1_184' title='bbox 1708 1572 1749 1608; x_wconf 90' lang='lat'><strong>18</strong></span> 
     </span>
     <span class='ocr_line' id='line_1_21' title="bbox 103 1631 1631 1688; baseline -0.001 -13"><span class='ocrx_word' id='word_1_185' title='bbox 103 1633 205 1675; x_wconf 69' lang='lat'><strong>2016</strong></span> <span class='ocrx_word' id='word_1_186' title='bbox 228 1632 450 1685; x_wconf 82' lang='grc' dir='ltr'><em>Βυζάντιον</em></span> <span class='ocrx_word' id='word_1_187' title='bbox 476 1632 601 1683; x_wconf 75' lang='grc' dir='ltr'><em>οἴκοις</em></span> <span class='ocrx_word' id='word_1_188' title='bbox 625 1633 771 1675; x_wconf 75' lang='grc' dir='ltr'><em>αὐτῶν.</em></span> <span class='ocrx_word' id='word_1_189' title='bbox 842 1632 978 1686; x_wconf 75' lang='grc' dir='ltr'><em>ἀμέλει</em></span> <span class='ocrx_word' id='word_1_190' title='bbox 1003 1634 1071 1674; x_wconf 77' lang='grc' dir='ltr'><strong>καὶ</strong></span> <span class='ocrx_word' id='word_1_191' title='bbox 1098 1633 1304 1675; x_wconf 79' lang='grc' dir='ltr'><em>ἐσκέπτετο</em></span> <span class='ocrx_word' id='word_1_192' title='bbox 1331 1636 1418 1682; x_wconf 80' lang='grc' dir='ltr'><strong>πῶς</strong></span> <span class='ocrx_word' id='word_1_193' title='bbox 1444 1631 1494 1674; x_wconf 76' lang='grc' dir='ltr'><strong>ἂν</strong></span> <span class='ocrx_word' id='word_1_194' title='bbox 1521 1632 1631 1688; x_wconf 79' lang='grc' dir='ltr'><em>ἄμη-</em></span> 
     </span>
     <span class='ocr_line' id='line_1_22' title="bbox 156 1700 1631 1758; baseline 0 -15"><span class='ocrx_word' id='word_1_195' title='bbox 156 1700 292 1756; x_wconf 82' lang='grc' dir='ltr'><em>χάνως</em></span> <span class='ocrx_word' id='word_1_196' title='bbox 326 1703 447 1755; x_wconf 83' lang='grc' dir='ltr'><em>τῆσδε</em></span> <span class='ocrx_word' id='word_1_197' title='bbox 484 1706 557 1756; x_wconf 84' lang='grc' dir='ltr'><strong>τῆς</strong></span> <span class='ocrx_word' id='word_1_198' title='bbox 591 1700 849 1758; x_wconf 74' lang='grc' dir='ltr'><em>ἐγχειρήσεως</em></span> <span class='ocrx_word' id='word_1_199' title='bbox 875 1701 1093 1757; x_wconf 77' lang='grc' dir='ltr'><em>ἀπαγαγεῖν</em></span> <span class='ocrx_word' id='word_1_200' title='bbox 1120 1701 1243 1743; x_wconf 83' lang='grc' dir='ltr'><em>αὐτὸν</em></span> <span class='ocrx_word' id='word_1_201' title='bbox 1268 1702 1432 1757; x_wconf 81' lang='grc' dir='ltr'><em>γένοιτο.</em></span> <span class='ocrx_word' id='word_1_202' title='bbox 1503 1700 1631 1744; x_wconf 83' lang='grc' dir='ltr'><em>ἐδόκει</em></span> 
     </span>
     <span class='ocr_line' id='line_1_23' title="bbox 159 1768 1630 1827; baseline 0 -15"><span class='ocrx_word' id='word_1_203' title='bbox 159 1771 294 1812; x_wconf 78' lang='grc' dir='ltr'><em>τοίνυν</em></span> <span class='ocrx_word' id='word_1_204' title='bbox 329 1770 439 1827; x_wconf 76' lang='grc' dir='ltr'><em>αὐτῷ</em></span> <span class='ocrx_word' id='word_1_205' title='bbox 473 1768 623 1823; x_wconf 86' lang='grc' dir='ltr'><em>τόμους</em></span> <span class='ocrx_word' id='word_1_206' title='bbox 656 1771 696 1819; x_wconf 79' lang='grc' dir='ltr'><strong>ἐς</strong></span> <span class='ocrx_word' id='word_1_207' title='bbox 730 1768 952 1821; x_wconf 80' lang='grc' dir='ltr'><em>Βυζάντιον</em></span> <span class='ocrx_word' id='word_1_208' title='bbox 987 1771 1193 1824; x_wconf 82' lang='grc' dir='ltr'><em>ἐκπέμψαι</em></span> <span class='ocrx_word' id='word_1_209' title='bbox 1226 1768 1474 1812; x_wconf 83' lang='grc' dir='ltr'><em>καθοσιώσει</em></span> <span class='ocrx_word' id='word_1_210' title='bbox 1502 1772 1630 1825; x_wconf 76' lang='grc' dir='ltr'><em>δῆθεν</em></span> 
     </span>
     <span class='ocr_line' id='line_1_24' title="bbox 160 1836 1627 1895; baseline 0 -14"><span class='ocrx_word' id='word_1_211' title='bbox 160 1839 255 1888; x_wconf 77' lang='grc' dir='ltr'><em>τοὺς</em></span> <span class='ocrx_word' id='word_1_212' title='bbox 291 1836 442 1895; x_wconf 75' lang='grc' dir='ltr'><em>ἄνδρας</em></span> <span class='ocrx_word' id='word_1_213' title='bbox 467 1836 858 1892; x_wconf 77' lang='grc' dir='ltr'><em>καθυποβάλλοντας</em></span> <span class='ocrx_word' id='word_1_214' title='bbox 879 1836 1101 1895; x_wconf 82' lang='grc' dir='ltr'><em>χρημάτων</em></span> <span class='ocrx_word' id='word_1_215' title='bbox 1126 1856 1167 1881; x_wconf 89' lang='grc' dir='ltr'><strong>τε</strong></span> <span class='ocrx_word' id='word_1_216' title='bbox 1196 1839 1264 1880; x_wconf 82' lang='grc' dir='ltr'><strong>διὰ</strong></span> <span class='ocrx_word' id='word_1_217' title='bbox 1290 1842 1407 1880; x_wconf 78' lang='grc' dir='ltr'><em>τοῦτο</em></span> <span class='ocrx_word' id='word_1_218' title='bbox 1435 1840 1502 1879; x_wconf 82' lang='grc' dir='ltr'><strong>καὶ</strong></span> <span class='ocrx_word' id='word_1_219' title='bbox 1528 1856 1627 1894; x_wconf 91' lang='grc' dir='ltr'><em>κτη-</em></span> 
     </span>
    </p>
   </div>
   <div class='ocr_carea' id='block_1_3' title="bbox 252 1915 1624 2023">
    <p class='ocr_par' dir='ltr' id='par_1_3' title="bbox 252 1915 1624 2023">
     <span class='ocr_line' id='line_1_25' title="bbox 253 1915 1624 1989; baseline 0.002 -22"><span class='ocrx_word' id='word_1_220' title='bbox 253 1934 293 1989; x_wconf 57' lang='lat'><strong>63</strong></span> <span class='ocrx_word' id='word_1_221' title='bbox 312 1930 616 1987; x_wconf 65' lang='grc' dir='ltr'><em>ἄντιβλεπτῆσαι]</em></span> <span class='ocrx_word' id='word_1_222' title='bbox 643 1915 729 1967; x_wconf 73' lang='lat' dir='ltr'><strong>cod.</strong></span> <span class='ocrx_word' id='word_1_223' title='bbox 747 1929 1048 1979; x_wconf 79' lang='grc' dir='ltr'><em>ἄντιβληπτῆσαι.</em></span> <span class='ocrx_word' id='word_1_224' title='bbox 1183 1934 1240 1968; x_wconf 73' lang='grc'><strong>20.</strong></span> <span class='ocrx_word' id='word_1_225' title='bbox 1265 1928 1485 1978; x_wconf 70' lang='grc' dir='ltr'><em>ἀμηχάνως]</em></span> <span class='ocrx_word' id='word_1_226' title='bbox 1507 1933 1624 1970; x_wconf 81' lang='lat' dir='ltr'>Malim</span> 
     </span>
     <span class='ocr_line' id='line_1_26' title="bbox 252 1991 476 2023; baseline 0 -9"><span class='ocrx_word' id='word_1_227' title='bbox 252 1991 476 2023; x_wconf 84' lang='grc' dir='ltr'><em>ευμηχανως.</em></span> 
     </span>
    </p>
   </div>
   <div class='ocr_carea' id='block_1_4' title="bbox 161 2068 1630 2897">
    <p class='ocr_par' dir='ltr' id='par_1_4' title="bbox 161 2068 1630 2897">
     <span class='ocr_line' id='line_1_27' title="bbox 161 2068 1624 2116; baseline 0 -11"><span class='ocrx_word' id='word_1_228' title='bbox 161 2082 254 2105; x_wconf 86' lang='lat' dir='ltr'><strong>mare</strong></span> <span class='ocrx_word' id='word_1_229' title='bbox 270 2069 472 2113; x_wconf 87' lang='lat' dir='ltr'><strong>effunditur,</strong></span> <span class='ocrx_word' id='word_1_230' title='bbox 488 2068 709 2104; x_wconf 80' lang='lat' dir='ltr'><strong>subsistentes</strong></span> <span class='ocrx_word' id='word_1_231' title='bbox 726 2069 878 2114; x_wconf 86' lang='lat' dir='ltr'><strong>parentis</strong></span> <span class='ocrx_word' id='word_1_232' title='bbox 892 2069 992 2103; x_wconf 80' lang='lat' dir='ltr'><strong>sunus</strong></span> <span class='ocrx_word' id='word_1_233' title='bbox 1009 2080 1082 2104; x_wconf 88' lang='lat' dir='ltr'><strong>cum</strong></span> <span class='ocrx_word' id='word_1_234' title='bbox 1098 2080 1220 2114; x_wconf 86' lang='lat' dir='ltr'><strong>magna</strong></span> <span class='ocrx_word' id='word_1_235' title='bbox 1234 2070 1508 2116; x_wconf 81' lang='lat' dir='ltr'><strong>subsequentium</strong></span> <span class='ocrx_word' id='word_1_236' title='bbox 1524 2071 1624 2105; x_wconf 86' lang='lat' dir='ltr'><strong>turba</strong></span> 
     </span>
     <span class='ocr_line' id='line_1_28' title="bbox 162 2115 1624 2162; baseline 0 -11"><span class='ocrx_word' id='word_1_237' title='bbox 162 2117 319 2160; x_wconf 81' lang='lat' dir='ltr'>deducit,</span> <span class='ocrx_word' id='word_1_238' title='bbox 351 2117 424 2162; x_wconf 88' lang='lat' dir='ltr'><strong>ipso</strong></span> <span class='ocrx_word' id='word_1_239' title='bbox 455 2116 584 2162; x_wconf 83' lang='lat' dir='ltr'><strong>pariter</strong></span> <span class='ocrx_word' id='word_1_240' title='bbox 614 2120 650 2149; x_wconf 88' lang='lat' dir='ltr'><strong>et</strong></span> <span class='ocrx_word' id='word_1_241' title='bbox 677 2115 810 2160; x_wconf 79' lang='lat' dir='ltr'><strong>agnatis</strong></span> <span class='ocrx_word' id='word_1_242' title='bbox 839 2116 966 2150; x_wconf 79' lang='lat' dir='ltr'><strong>feretro</strong></span> <span class='ocrx_word' id='word_1_243' title='bbox 994 2116 1148 2150; x_wconf 83' lang='lat' dir='ltr'><strong>humeros</strong></span> <span class='ocrx_word' id='word_1_244' title='bbox 1168 2117 1445 2161; x_wconf 78' lang='lat' dir='ltr'><strong>supponentibus·</strong></span> <span class='ocrx_word' id='word_1_245' title='bbox 1491 2117 1570 2151; x_wconf 91' lang='lat' dir='ltr'><strong>inde</strong></span> <span class='ocrx_word' id='word_1_246' title='bbox 1584 2122 1624 2152; x_wconf 90' lang='lat' dir='ltr'><strong>ut</strong></span> 
     </span>
     <span class='ocr_line' id='line_1_29' title="bbox 163 2161 1624 2208; baseline -0.001 -10"><span class='ocrx_word' id='word_1_247' title='bbox 163 2163 334 2198; x_wconf 86' lang='lat' dir='ltr'><strong>cursoriae</strong></span> <span class='ocrx_word' id='word_1_248' title='bbox 354 2174 447 2197; x_wconf 88' lang='lat' dir='ltr'><strong>mare</strong></span> <span class='ocrx_word' id='word_1_249' title='bbox 463 2162 647 2206; x_wconf 82' lang='lat' dir='ltr'><strong>attigerunt</strong></span> <span class='ocrx_word' id='word_1_250' title='bbox 658 2188 668 2205; x_wconf 86' lang='lat'><strong>,</strong></span> <span class='ocrx_word' id='word_1_251' title='bbox 699 2162 801 2195; x_wconf 81' lang='lat' dir='ltr'><strong>movit</strong></span> <span class='ocrx_word' id='word_1_252' title='bbox 815 2166 850 2194; x_wconf 88' lang='lat' dir='ltr'><strong>et</strong></span> <span class='ocrx_word' id='word_1_253' title='bbox 864 2161 938 2207; x_wconf 88' lang='lat' dir='ltr'><strong>ipse</strong></span> <span class='ocrx_word' id='word_1_254' title='bbox 954 2169 1066 2196; x_wconf 82' lang='lat' dir='ltr'><strong>castra</strong></span> <span class='ocrx_word' id='word_1_255' title='bbox 1082 2162 1264 2208; x_wconf 85' lang='lat' dir='ltr'><strong>copiasque</strong></span> <span class='ocrx_word' id='word_1_256' title='bbox 1278 2174 1342 2208; x_wconf 88' lang='lat' dir='ltr'><strong>per</strong></span> <span class='ocrx_word' id='word_1_257' title='bbox 1355 2163 1482 2197; x_wconf 85' lang='lat' dir='ltr'><strong>medias</strong></span> <span class='ocrx_word' id='word_1_258' title='bbox 1499 2164 1624 2197; x_wconf 83' lang='lat' dir='ltr'><strong>Persa-</strong></span> 
     </span>
     <span class='ocr_line' id='line_1_30' title="bbox 162 2208 1626 2254; baseline 0 -11"><span class='ocrx_word' id='word_1_259' title='bbox 162 2221 236 2244; x_wconf 85' lang='lat' dir='ltr'><strong>rum</strong></span> <span class='ocrx_word' id='word_1_260' title='bbox 260 2214 387 2251; x_wconf 83' lang='lat' dir='ltr'><strong>terras,</strong></span> <span class='ocrx_word' id='word_1_261' title='bbox 418 2220 484 2242; x_wconf 90' lang='lat' dir='ltr'><strong>non</strong></span> <span class='ocrx_word' id='word_1_262' title='bbox 510 2208 618 2253; x_wconf 88' lang='lat' dir='ltr'><strong>petito</strong></span> <span class='ocrx_word' id='word_1_263' title='bbox 637 2219 699 2253; x_wconf 90' lang='lat' dir='ltr'><strong>per</strong></span> <span class='ocrx_word' id='word_1_264' title='bbox 712 2208 848 2252; x_wconf 74' lang='lat' dir='ltr'><strong>legatos</strong></span> <span class='ocrx_word' id='word_1_265' title='bbox 863 2214 1069 2251; x_wconf 83' lang='lat' dir='ltr'><strong>commeatu,</strong></span> <span class='ocrx_word' id='word_1_266' title='bbox 1099 2209 1259 2249; x_wconf 81' lang='lat' dir='ltr'><strong>deduxit,</strong></span> <span class='ocrx_word' id='word_1_267' title='bbox 1290 2220 1358 2254; x_wconf 88' lang='lat' dir='ltr'><strong>quo</strong></span> <span class='ocrx_word' id='word_1_268' title='bbox 1378 2209 1449 2242; x_wconf 83' lang='lat' dir='ltr'><strong>eius</strong></span> <span class='ocrx_word' id='word_1_269' title='bbox 1465 2210 1554 2243; x_wconf 81' lang='lat' dir='ltr'><strong>facto</strong></span> <span class='ocrx_word' id='word_1_270' title='bbox 1570 2214 1626 2243; x_wconf 88' lang='lat' dir='ltr'><strong>at-</strong></span> 
     </span>
     <span class='ocr_line' id='line_1_31' title="bbox 163 2248 1626 2296; baseline 0 -7"><span class='ocrx_word' id='word_1_271' title='bbox 163 2255 261 2289; x_wconf 87' lang='lat' dir='ltr'><strong>toniti</strong></span> <span class='ocrx_word' id='word_1_272' title='bbox 285 2256 413 2289; x_wconf 83' lang='lat' dir='ltr'><strong>Persae</strong></span> <span class='ocrx_word' id='word_1_273' title='bbox 432 2255 515 2288; x_wconf 87' lang='lat' dir='ltr'><strong>licet</strong></span> <span class='ocrx_word' id='word_1_274' title='bbox 537 2254 638 2288; x_wconf 86' lang='lat' dir='ltr'><strong>talem</strong></span> <span class='ocrx_word' id='word_1_275' title='bbox 659 2253 860 2288; x_wconf 83' lang='lat' dir='ltr'><strong>mirarentur</strong></span> <span class='ocrx_word' id='word_1_276' title='bbox 875 2248 1065 2296; x_wconf 74' lang='lat' dir='ltr'><strong>auda‘ciam,</strong></span> <span class='ocrx_word' id='word_1_277' title='bbox 1097 2254 1176 2288; x_wconf 85' lang='lat' dir='ltr'><strong>nihil</strong></span> <span class='ocrx_word' id='word_1_278' title='bbox 1192 2259 1304 2288; x_wconf 85' lang='lat' dir='ltr'><strong>tamen</strong></span> <span class='ocrx_word' id='word_1_279' title='bbox 1319 2263 1438 2289; x_wconf 81' lang='lat' dir='ltr'><strong>contra</strong></span> <span class='ocrx_word' id='word_1_280' title='bbox 1453 2255 1626 2290; x_wconf 79' lang='lat' dir='ltr'><strong>Romanos</strong></span> 
     </span>
     <span class='ocr_line' id='line_1_32' title="bbox 163 2299 1628 2346; baseline -0.001 -11"><span class='ocrx_word' id='word_1_281' title='bbox 163 2301 309 2335; x_wconf 85' lang='lat' dir='ltr'><strong>vicissim</strong></span> <span class='ocrx_word' id='word_1_282' title='bbox 335 2305 504 2335; x_wconf 80' lang='lat' dir='ltr'><strong>attentare</strong></span> <span class='ocrx_word' id='word_1_283' title='bbox 526 2300 600 2334; x_wconf 85' lang='lat' dir='ltr'><strong>ausi</strong></span> <span class='ocrx_word' id='word_1_284' title='bbox 623 2305 710 2334; x_wconf 87' lang='lat' dir='ltr'><strong>sunt.</strong></span> <span class='ocrx_word' id='word_1_285' title='bbox 755 2300 804 2334; x_wconf 89' lang='lat' dir='ltr'><strong>ita</strong></span> <span class='ocrx_word' id='word_1_286' title='bbox 828 2299 876 2333; x_wconf 88' lang='lat' dir='ltr'><strong>illi</strong></span> <span class='ocrx_word' id='word_1_287' title='bbox 898 2311 962 2345; x_wconf 89' lang='lat' dir='ltr'><strong>per</strong></span> <span class='ocrx_word' id='word_1_288' title='bbox 986 2300 1148 2334; x_wconf 78' lang='lat' dir='ltr'><strong>hosticum</strong></span> <span class='ocrx_word' id='word_1_289' title='bbox 1164 2300 1265 2334; x_wconf 87' lang='lat' dir='ltr'><strong>nihilo</strong></span> <span class='ocrx_word' id='word_1_290' title='bbox 1281 2301 1433 2335; x_wconf 90' lang='lat' dir='ltr'><strong>securius</strong></span> <span class='ocrx_word' id='word_1_291' title='bbox 1449 2312 1548 2346; x_wconf 86' lang='lat' dir='ltr'><strong>quam</strong></span> <span class='ocrx_word' id='word_1_292' title='bbox 1563 2312 1628 2346; x_wconf 87' lang='lat' dir='ltr'><strong>per</strong></span> 
     </span>
     <span class='ocr_line' id='line_1_33' title="bbox 162 2345 1628 2393; baseline 0 -13"><span class='ocrx_word' id='word_1_293' title='bbox 162 2347 333 2393; x_wconf 86' lang='lat' dir='ltr'><strong>propriam</strong></span> <span class='ocrx_word' id='word_1_294' title='bbox 357 2347 518 2380; x_wconf 82' lang='lat' dir='ltr'><strong>ditionem</strong></span> <span class='ocrx_word' id='word_1_295' title='bbox 538 2345 744 2390; x_wconf 83' lang='lat' dir='ltr'><strong>transgressi</strong></span> <span class='ocrx_word' id='word_1_296' title='bbox 765 2348 854 2380; x_wconf 83' lang='lat' dir='ltr'><strong>sunt.</strong></span> <span class='ocrx_word' id='word_1_297' title='bbox 899 2357 1010 2391; x_wconf 88' lang='lat' dir='ltr'><strong>neque</strong></span> <span class='ocrx_word' id='word_1_298' title='bbox 1022 2345 1072 2380; x_wconf 86' lang='lat' dir='ltr'><strong>ita</strong></span> <span class='ocrx_word' id='word_1_299' title='bbox 1088 2346 1193 2380; x_wconf 89' lang='lat' dir='ltr'><strong>multo</strong></span> <span class='ocrx_word' id='word_1_300' title='bbox 1209 2353 1288 2391; x_wconf 90' lang='lat' dir='ltr'><strong>post</strong></span> <span class='ocrx_word' id='word_1_301' title='bbox 1303 2346 1433 2392; x_wconf 85' lang='lat' dir='ltr'><strong>imperii</strong></span> <span class='ocrx_word' id='word_1_302' title='bbox 1448 2347 1534 2381; x_wconf 85' lang='lat' dir='ltr'><strong>fines</strong></span> <span class='ocrx_word' id='word_1_303' title='bbox 1549 2347 1628 2380; x_wconf 87' lang='lat' dir='ltr'><strong>Ma-</strong></span> 
     </span>
     <span class='ocr_line' id='line_1_34' title="bbox 163 2391 1629 2438; baseline -0.001 -11"><span class='ocrx_word' id='word_1_304' title='bbox 163 2394 242 2427; x_wconf 62' lang='lat' dir='ltr'><strong>nu&amp;</strong></span> <span class='ocrx_word' id='word_1_305' title='bbox 270 2392 344 2438; x_wconf 85' lang='lat' dir='ltr'><strong>ipse</strong></span> <span class='ocrx_word' id='word_1_306' title='bbox 372 2392 498 2437; x_wconf 84' lang='lat' dir='ltr'><strong>attigit.</strong></span> <span class='ocrx_word' id='word_1_307' title='bbox 546 2392 697 2427; x_wconf 82' lang='lat' dir='ltr'><strong>triremes</strong></span> <span class='ocrx_word' id='word_1_308' title='bbox 726 2396 837 2425; x_wconf 85' lang='lat' dir='ltr'><strong>autem</strong></span> <span class='ocrx_word' id='word_1_309' title='bbox 860 2391 1059 2435; x_wconf 80' lang='lat' dir='ltr'><strong>Byzantium</strong></span> <span class='ocrx_word' id='word_1_310' title='bbox 1082 2393 1247 2437; x_wconf 79' lang='lat' dir='ltr'><strong>appulsae</strong></span> <span class='ocrx_word' id='word_1_311' title='bbox 1272 2392 1430 2437; x_wconf 88' lang='lat' dir='ltr'><strong>principis</strong></span> <span class='ocrx_word' id='word_1_312' title='bbox 1447 2392 1578 2426; x_wconf 81' lang='lat' dir='ltr'><strong>cineres</strong></span> <span class='ocrx_word' id='word_1_313' title='bbox 1592 2393 1629 2427; x_wconf 87' lang='lat' dir='ltr'><strong>in</strong></span> 
     </span>
     <span class='ocr_line' id='line_1_35' title="bbox 163 2437 1627 2483; baseline -0.001 -10"><span class='ocrx_word' id='word_1_314' title='bbox 163 2444 288 2473; x_wconf 82' lang='lat' dir='ltr'><strong>terram</strong></span> <span class='ocrx_word' id='word_1_315' title='bbox 307 2442 552 2483; x_wconf 75' lang='lat' dir='ltr'><strong>exposuerunt,</strong></span> <span class='ocrx_word' id='word_1_316' title='bbox 583 2449 668 2483; x_wconf 83' lang='lat' dir='ltr'><strong>quos</strong></span> <span class='ocrx_word' id='word_1_317' title='bbox 683 2437 861 2482; x_wconf 87' lang='lat' dir='ltr'><strong>magnifice</strong></span> <span class='ocrx_word' id='word_1_318' title='bbox 877 2443 1051 2483; x_wconf 79' lang='lat' dir='ltr'><strong>susceptos</strong></span> <span class='ocrx_word' id='word_1_319' title='bbox 1065 2444 1202 2472; x_wconf 87' lang='lat' dir='ltr'><strong>senatus</strong></span> <span class='ocrx_word' id='word_1_320' title='bbox 1218 2439 1392 2472; x_wconf 80' lang='lat' dir='ltr'><strong>Romanus</strong></span> <span class='ocrx_word' id='word_1_321' title='bbox 1406 2438 1440 2471; x_wconf 91' lang='lat' dir='ltr'><strong>in</strong></span> <span class='ocrx_word' id='word_1_322' title='bbox 1455 2443 1627 2472; x_wconf 85' lang='lat' dir='ltr'><strong>monaste-</strong></span> 
     </span>
     <span class='ocr_line' id='line_1_36' title="bbox 163 2483 1630 2529; baseline -0.001 -11"><span class='ocrx_word' id='word_1_323' title='bbox 163 2485 248 2519; x_wconf 89' lang='lat' dir='ltr'><strong>rium</strong></span> <span class='ocrx_word' id='word_1_324' title='bbox 270 2484 401 2528; x_wconf 79' lang='lat' dir='ltr'><strong>intulit,</strong></span> <span class='ocrx_word' id='word_1_325' title='bbox 430 2484 522 2529; x_wconf 90' lang='lat' dir='ltr'><strong>quod</strong></span> <span class='ocrx_word' id='word_1_326' title='bbox 543 2483 743 2529; x_wconf 86' lang='lat' dir='ltr'><strong>imperatrix</strong></span> <span class='ocrx_word' id='word_1_327' title='bbox 764 2484 880 2526; x_wconf 83' lang='lat' dir='ltr'><strong>Irene,</strong></span> <span class='ocrx_word' id='word_1_328' title='bbox 910 2488 948 2518; x_wconf 91' lang='lat' dir='ltr'><strong>ut</strong></span> <span class='ocrx_word' id='word_1_329' title='bbox 962 2495 1067 2528; x_wconf 79' lang='lat' dir='ltr'><strong>supra</strong></span> <span class='ocrx_word' id='word_1_330' title='bbox 1080 2483 1283 2526; x_wconf 87' lang='lat' dir='ltr'><strong>indicatum,</strong></span> <span class='ocrx_word' id='word_1_331' title='bbox 1299 2489 1519 2518; x_wconf 80' lang='lat' dir='ltr'><strong>exstruxerat</strong></span> <span class='ocrx_word' id='word_1_332' title='bbox 1533 2483 1630 2518; x_wconf 84' lang='lat' dir='ltr'><strong>dica-</strong></span> 
     </span>
     <span class='ocr_line' id='line_1_37' title="bbox 163 2529 1628 2575; baseline 0 -11"><span class='ocrx_word' id='word_1_333' title='bbox 163 2535 285 2575; x_wconf 83' lang='lat' dir='ltr'><strong>ratque</strong></span> <span class='ocrx_word' id='word_1_334' title='bbox 307 2530 371 2564; x_wconf 91' lang='lat' dir='ltr'><strong>deo</strong></span> <span class='ocrx_word' id='word_1_335' title='bbox 393 2530 622 2575; x_wconf 83' lang='lat' dir='ltr'><strong>omnipotenti.</strong></span> <span class='ocrx_word' id='word_1_336' title='bbox 670 2534 707 2564; x_wconf 84' lang='lat' dir='ltr'><strong>at</strong></span> <span class='ocrx_word' id='word_1_337' title='bbox 722 2541 796 2564; x_wconf 91' lang='lat' dir='ltr'><strong>cum</strong></span> <span class='ocrx_word' id='word_1_338' title='bbox 811 2529 996 2575; x_wconf 81' lang='lat' dir='ltr'><strong>imperator</strong></span> <span class='ocrx_word' id='word_1_339' title='bbox 1010 2529 1154 2564; x_wconf 87' lang='lat' dir='ltr'><strong>reditum</strong></span> <span class='ocrx_word' id='word_1_340' title='bbox 1169 2529 1362 2564; x_wconf 85' lang='lat' dir='ltr'><strong>institueret</strong></span> <span class='ocrx_word' id='word_1_341' title='bbox 1373 2556 1384 2572; x_wconf 89' lang='lat'><strong>,</strong></span> <span class='ocrx_word' id='word_1_342' title='bbox 1431 2541 1472 2564; x_wconf 87' lang='lat' dir='ltr'><strong>ac</strong></span> <span class='ocrx_word' id='word_1_343' title='bbox 1486 2530 1628 2564; x_wconf 87' lang='lat' dir='ltr'><strong>necdum</strong></span> 
     </span>
     <span class='ocr_line' id='line_1_38' title="bbox 165 2575 1626 2621; baseline -0.001 -11"><span class='ocrx_word' id='word_1_344' title='bbox 165 2576 210 2610; x_wconf 86' lang='lat' dir='ltr'><strong>de</strong></span> <span class='ocrx_word' id='word_1_345' title='bbox 223 2577 497 2610; x_wconf 83' lang='lat' dir='ltr'><strong>sebastocratore</strong></span> <span class='ocrx_word' id='word_1_346' title='bbox 512 2575 692 2621; x_wconf 81' lang='lat' dir='ltr'><strong>quidquam</strong></span> <span class='ocrx_word' id='word_1_347' title='bbox 709 2575 872 2618; x_wconf 74' lang='lat' dir='ltr'><strong>audisset,</strong></span> <span class='ocrx_word' id='word_1_348' title='bbox 887 2581 992 2621; x_wconf 86' lang='lat' dir='ltr'><strong>utque</strong></span> <span class='ocrx_word' id='word_1_349' title='bbox 1006 2575 1216 2619; x_wconf 81' lang='lat' dir='ltr'><strong>tyrannidem</strong></span> <span class='ocrx_word' id='word_1_350' title='bbox 1232 2576 1450 2609; x_wconf 78' lang='lat' dir='ltr'><strong>affectantem</strong></span> <span class='ocrx_word' id='word_1_351' title='bbox 1463 2576 1626 2618; x_wconf 88' lang='lat' dir='ltr'><strong>nonnulli,</strong></span> 
     </span>
     <span class='ocr_line' id='line_1_39' title="bbox 167 2621 1628 2667; baseline 0 -12"><span class='ocrx_word' id='word_1_352' title='bbox 167 2621 288 2666; x_wconf 86' lang='lat' dir='ltr'><strong>quibus</strong></span> <span class='ocrx_word' id='word_1_353' title='bbox 302 2633 413 2655; x_wconf 88' lang='lat' dir='ltr'><strong>rerum</strong></span> <span class='ocrx_word' id='word_1_354' title='bbox 429 2621 638 2666; x_wconf 84' lang='lat' dir='ltr'><strong>publicarum</strong></span> <span class='ocrx_word' id='word_1_355' title='bbox 655 2632 735 2655; x_wconf 85' lang='lat' dir='ltr'><strong>cura</strong></span> <span class='ocrx_word' id='word_1_356' title='bbox 749 2621 950 2655; x_wconf 85' lang='lat' dir='ltr'><strong>demandata</strong></span> <span class='ocrx_word' id='word_1_357' title='bbox 973 2625 1067 2664; x_wconf 81' lang='lat' dir='ltr'><strong>erat,</strong></span> <span class='ocrx_word' id='word_1_358' title='bbox 1098 2621 1177 2655; x_wconf 91' lang='lat' dir='ltr'><strong>dolo</strong></span> <span class='ocrx_word' id='word_1_359' title='bbox 1201 2621 1354 2666; x_wconf 83' lang='lat' dir='ltr'><strong>aggressi</strong></span> <span class='ocrx_word' id='word_1_360' title='bbox 1368 2621 1401 2654; x_wconf 93' lang='lat' dir='ltr'><strong>in</strong></span> <span class='ocrx_word' id='word_1_361' title='bbox 1418 2622 1628 2667; x_wconf 87' lang='lat' dir='ltr'><strong>omnipoten-</strong></span> 
     </span>
     <span class='ocr_line' id='line_1_40' title="bbox 165 2666 1628 2712; baseline 0.001 -12"><span class='ocrx_word' id='word_1_362' title='bbox 165 2667 211 2700; x_wconf 83' lang='lat' dir='ltr'><strong>tis</strong></span> <span class='ocrx_word' id='word_1_363' title='bbox 226 2667 351 2712; x_wconf 87' lang='lat' dir='ltr'><strong>templo</strong></span> <span class='ocrx_word' id='word_1_364' title='bbox 369 2667 622 2702; x_wconf 85' lang='lat' dir='ltr'><strong>custodiendum</strong></span> <span class='ocrx_word' id='word_1_365' title='bbox 636 2667 854 2712; x_wconf 84' lang='lat' dir='ltr'><strong>incluserint,</strong></span> <span class='ocrx_word' id='word_1_366' title='bbox 885 2668 986 2701; x_wconf 83' lang='lat' dir='ltr'><strong>subiit</strong></span> <span class='ocrx_word' id='word_1_367' title='bbox 1001 2667 1090 2700; x_wconf 90' lang='lat' dir='ltr'><strong>illius</strong></span> <span class='ocrx_word' id='word_1_368' title='bbox 1104 2667 1245 2702; x_wconf 83' lang='lat' dir='ltr'><strong>animum</strong></span> <span class='ocrx_word' id='word_1_369' title='bbox 1262 2666 1422 2711; x_wconf 85' lang='lat' dir='ltr'><strong>cogitatio</strong></span> <span class='ocrx_word' id='word_1_370' title='bbox 1437 2693 1447 2710; x_wconf 93' lang='lat'><strong>,</strong></span> <span class='ocrx_word' id='word_1_371' title='bbox 1478 2678 1522 2701; x_wconf 91' lang='lat' dir='ltr'><strong>ne</strong></span> <span class='ocrx_word' id='word_1_372' title='bbox 1545 2667 1628 2712; x_wconf 88' lang='lat' dir='ltr'><strong>quid</strong></span> 
     </span>
     <span class='ocr_line' id='line_1_41' title="bbox 166 2713 1626 2758; baseline -0.001 -11"><span class='ocrx_word' id='word_1_373' title='bbox 166 2716 295 2746; x_wconf 78' lang='lat' dir='ltr'><strong>temere</strong></span> <span class='ocrx_word' id='word_1_374' title='bbox 317 2713 569 2747; x_wconf 71' lang='lat' dir='ltr'><strong>sebastocrator</strong></span> <span class='ocrx_word' id='word_1_375' title='bbox 592 2713 626 2747; x_wconf 89' lang='lat' dir='ltr'><strong>in</strong></span> <span class='ocrx_word' id='word_1_376' title='bbox 653 2713 816 2758; x_wconf 82' lang='lat' dir='ltr'><strong>quosdam</strong></span> <span class='ocrx_word' id='word_1_377' title='bbox 831 2713 888 2758; x_wconf 87' lang='lat' dir='ltr'><strong>qui</strong></span> <span class='ocrx_word' id='word_1_378' title='bbox 902 2725 976 2747; x_wconf 89' lang='lat' dir='ltr'><strong>cum</strong></span> <span class='ocrx_word' id='word_1_379' title='bbox 994 2725 1034 2747; x_wconf 91' lang='lat' dir='ltr'><strong>eo</strong></span> <span class='ocrx_word' id='word_1_380' title='bbox 1051 2719 1148 2747; x_wconf 83' lang='lat' dir='ltr'><strong>erant</strong></span> <span class='ocrx_word' id='word_1_381' title='bbox 1161 2741 1170 2757; x_wconf 84' lang='lat'><strong>,</strong></span> <span class='ocrx_word' id='word_1_382' title='bbox 1202 2718 1236 2747; x_wconf 85' lang='lat' dir='ltr'><strong>et</strong></span> <span class='ocrx_word' id='word_1_383' title='bbox 1251 2713 1453 2747; x_wconf 83' lang='lat' dir='ltr'><strong>illustriores</strong></span> <span class='ocrx_word' id='word_1_384' title='bbox 1468 2724 1626 2758; x_wconf 87' lang='lat' dir='ltr'><strong>praeser-</strong></span> 
     </span>
     <span class='ocr_line' id='line_1_42' title="bbox 166 2757 1627 2804; baseline 0.001 -13"><span class='ocrx_word' id='word_1_385' title='bbox 166 2757 249 2802; x_wconf 77' lang='lat' dir='ltr'><strong>tim,</strong></span> <span class='ocrx_word' id='word_1_386' title='bbox 276 2758 490 2804; x_wconf 80' lang='lat' dir='ltr'><strong>ipsorumque</strong></span> <span class='ocrx_word' id='word_1_387' title='bbox 514 2759 617 2793; x_wconf 85' lang='lat' dir='ltr'><strong>aedes</strong></span> <span class='ocrx_word' id='word_1_388' title='bbox 637 2759 849 2794; x_wconf 84' lang='lat' dir='ltr'><strong>decerneret.</strong></span> <span class='ocrx_word' id='word_1_389' title='bbox 896 2759 1015 2793; x_wconf 85' lang='lat' dir='ltr'><strong>anxius</strong></span> <span class='ocrx_word' id='word_1_390' title='bbox 1032 2758 1134 2802; x_wconf 85' lang='lat' dir='ltr'><strong>igitur</strong></span> <span class='ocrx_word' id='word_1_391' title='bbox 1149 2770 1215 2804; x_wconf 92' lang='lat' dir='ltr'><strong>quo</strong></span> <span class='ocrx_word' id='word_1_392' title='bbox 1231 2765 1333 2804; x_wconf 80' lang='lat' dir='ltr'><strong>pacto</strong></span> <span class='ocrx_word' id='word_1_393' title='bbox 1347 2760 1487 2792; x_wconf 84' lang='lat' dir='ltr'><strong>fratrem</strong></span> <span class='ocrx_word' id='word_1_394' title='bbox 1502 2760 1545 2792; x_wconf 87' lang='lat' dir='ltr'><strong>ab</strong></span> <span class='ocrx_word' id='word_1_395' title='bbox 1562 2759 1627 2792; x_wconf 80' lang='lat' dir='ltr'><strong>hoc</strong></span> 
     </span>
     <span class='ocr_line' id='line_1_43' title="bbox 167 2803 1623 2850; baseline 0 -14"><span class='ocrx_word' id='word_1_396' title='bbox 167 2803 306 2837; x_wconf 88' lang='lat' dir='ltr'><strong>consilio</strong></span> <span class='ocrx_word' id='word_1_397' title='bbox 329 2804 531 2846; x_wconf 85' lang='lat' dir='ltr'><strong>dimoveret,</strong></span> <span class='ocrx_word' id='word_1_398' title='bbox 561 2805 698 2840; x_wconf 84' lang='lat' dir='ltr'><strong>tandem</strong></span> <span class='ocrx_word' id='word_1_399' title='bbox 721 2806 852 2839; x_wconf 84' lang='lat' dir='ltr'><strong>libellos</strong></span> <span class='ocrx_word' id='word_1_400' title='bbox 866 2805 1069 2850; x_wconf 80' lang='lat' dir='ltr'><strong>Byzantium</strong></span> <span class='ocrx_word' id='word_1_401' title='bbox 1083 2805 1217 2839; x_wconf 86' lang='lat' dir='ltr'><strong>mittere</strong></span> <span class='ocrx_word' id='word_1_402' title='bbox 1231 2805 1405 2847; x_wconf 85' lang='lat' dir='ltr'><strong>decrevit,</strong></span> <span class='ocrx_word' id='word_1_403' title='bbox 1437 2805 1494 2849; x_wconf 90' lang='lat' dir='ltr'><strong>qui</strong></span> <span class='ocrx_word' id='word_1_404' title='bbox 1517 2803 1623 2837; x_wconf 89' lang='lat' dir='ltr'><strong>homi-</strong></span> 
     </span>
     <span class='ocr_line' id='line_1_44' title="bbox 168 2849 1623 2897; baseline 0 -14"><span class='ocrx_word' id='word_1_405' title='bbox 168 2859 228 2883; x_wconf 83' lang='lat' dir='ltr'><strong>nes</strong></span> <span class='ocrx_word' id='word_1_406' title='bbox 258 2849 461 2884; x_wconf 82' lang='lat' dir='ltr'><strong>damnationi</strong></span> <span class='ocrx_word' id='word_1_407' title='bbox 488 2851 712 2895; x_wconf 77' lang='lat' dir='ltr'><strong>subiicerent,</strong></span> <span class='ocrx_word' id='word_1_408' title='bbox 745 2863 853 2897; x_wconf 85' lang='lat' dir='ltr'><strong>eoque</strong></span> <span class='ocrx_word' id='word_1_409' title='bbox 881 2852 957 2897; x_wconf 85' lang='lat' dir='ltr'><strong>ipso</strong></span> <span class='ocrx_word' id='word_1_410' title='bbox 985 2852 1148 2886; x_wconf 89' lang='lat' dir='ltr'><strong>bonorum</strong></span> <span class='ocrx_word' id='word_1_411' title='bbox 1170 2862 1212 2886; x_wconf 86' lang='lat' dir='ltr'><strong>ac</strong></span> <span class='ocrx_word' id='word_1_412' title='bbox 1234 2851 1479 2897; x_wconf 86' lang='lat' dir='ltr'><strong>possessionum</strong></span> <span class='ocrx_word' id='word_1_413' title='bbox 1493 2849 1623 2883; x_wconf 86' lang='lat' dir='ltr'><strong>iactura</strong></span> 
     </span>
    </p>
   </div>
  </div>
 </body>
</html>
