1878 3262
527 222 1076 268 COMMENTARIORUM
1108 224 1158 268 L.
1179 223 1237 268 Π.
1580 224 1645 271 81

180 340 249 382 καὶ
277 337 454 394 ἤσχαλλε
484 338 552 380 καὶ
581 334 715 380 πάντα
738 333 875 379 κάλων
896 335 919 379 ὅ
944 354 1070 395 φασιν
1095 337 1212 381 ἐκίνει
1233 335 1335 382 ὥστε
1357 338 1571 395 διαδρᾶναι
1597 338 1644 382 τὸ

179 410 340 464 δρᾶμα·
375 407 458 449 ἐπεὶ
479 407 522 448 δ’
543 407 600 457 εἷς
618 407 742 461 μέσον
760 410 834 448 τοῦ
853 404 971 462 ἔργον
991 406 1114 453 αι’σόν
1135 405 1158 449 ὅ
1177 406 1392 465 βάρβαρος
1408 409 1475 450 καὶ
1493 406 1643 451 ἄκοντα

178 475 318 531 ὦθησε
330 507 345 528 ,
383 473 655 532 γενναιότερον
683 474 835 532 ἤρξατο
872 478 954 516 τῶν
982 474 1231 532 πραγμάτιον
1266 474 1643 530 ἀντιλαμβάνεσθαι

177 546 246 587 καὶ
265 544 367 601 πρὸς
389 545 484 594 τοὺς
505 545 546 586 ἓν
567 549 618 601 τῇ
639 542 752 586 πόλει
773 542 1007 597 διεπέμπετο
1026 543 1192 601 λάθρα,
1221 546 1289 587 καὶ
1310 543 1472 587 πάντων
1493 549 1643 601 μικροῦ

144 615 260 657 ὄδεῖν
290 613 366 663 τὰς
395 611 559 668 γνώμας
585 612 686 670 πρὸς
711 611 855 655 ἑαυτὸν
885 611 1171 669 ἐφειλκύσατο·
1205 618 1303 656 πᾶσι
1324 613 1402 670 γὰρ
1423 608 1474 668 ἦν
1495 614 1643 670 ἐπέρα-

175 698 272 732 στος
293 680 313 723 ὃ
337 681 438 738 ἀνὴρ
463 679 518 732 ὥς
537 685 636 724 πᾶσι
656 685 793 735 κομῶν
814 686 898 730 τοῖς
921 684 1060 731 καλοῖς
1086 683 1153 723 καὶ
1181 684 1465 741 καλοκαγαθίᾳ
1481 681 1642 725 πάντων

173 748 379 806 ὑπερέχων
407 754 490 792 τῶν
521 748 626 799 τότε.
692 751 728 792 εἲ
760 749 818 804 μὴ
851 753 947 805 γοῦν
979 749 1025 792 τὸ
1055 753 1170 792 θεῖον
1199 751 1465 807 ἀντιπρᾶττον
1495 749 1641 808 ἐφάνη,

175 818 324 878 ῥᾳδίως
349 817 399 861 ἂν
423 823 504 861 τῶν
523 819 740 872 βασιλείων
761 816 974 874 σκήπτρων
995 818 1150 874 γέγονεν
1171 818 1377 874 ἐγκρατής.
1447 819 1552 861 ἀλλὰ
1576 837 1639 862 κι-
1662 823 1692 858 Ρ
1715 824 1762 860 56

174 892 304 941 νῆσαν
318 891 438 930 τοῦτο
460 887 531 929 τὸν
550 888 738 942 ε’κτομίαν
754 885 993 944 Νικηφόρον
1014 885 1328 944 σπουδαιότερον
1350 891 1430 929 τῶν
1449 886 1643 943 πραγμά-

119 964 164 999 10
174 973 256 998 των
284 956 577 1010 ἀντιλαβέσθαι
586 987 599 1007 ,
638 956 713 1006 τὰς
736 956 892 1001 ἐκείνων
922 955 1078 1008 βουλὰς
1096 954 1338 1011 ,ἀπράκτους
1362 956 1642 1009 ἀποδίδειχεν·

174 1024 374 1080 ἀπογνοὺς
390 1025 467 1081 γὰρ
487 1029 559 1079 τῆς
577 1025 621 1066 ἐκ
641 1029 722 1067 τῶν
735 1022 970 1078 Ῥωμαϊκῶν
989 1023 1302 1080 στρατευμάτων
1320 1026 1519 1079 βοηθείας
1539 1025 1642 1081 πρὸς

172 1093 269 1142 τοὺς
305 1092 516 1150 Τούρκους
551 1091 907 1150 διεπρεσβεύσατο,
939 1094 1007 1134 καὶ
1038 1097 1112 1136 τοῦ
1133 1093 1303 1149 Ἀρτοὺχ
1338 1100 1423 1143 τοῖς
1444 1097 1516 1147 τῆς
1536 1091 1643 1150 ἑῴας

172 1166 394 1216 τηνικαῦτα
420 1162 582 1218 με’ρεσιν
611 1159 926 1219 ἐπιχωριάζοντα
945 1160 1016 1203 τὸν
1040 1160 1134 1203 κατ’
1163 1162 1321 1203 ἐκείνων
1344 1159 1519 1214 πόλεμον
1541 1161 1643 1203 ἄνα-

173 1230 370 1280 ὁέξασθαι
391 1231 562 1282 πέπεικε,
597 1229 745 1287 δώροις
762 1247 803 1272 τε
816 1227 1039 1285 χρημάτων
1056 1231 1123 1271 καὶ
1143 1227 1381 1284 ὓποσχέσεσι
1395 1234 1537 1271 τοῦτον
1555 1248 1646 1272 πα--
1659 1233 1694 1269 V
1713 1236 1760 1271 39

117 1297 452 1356 15ραθαρρύνας.
521 1297 542 1340 ὅ
562 1300 605 1341 δὲ
632 1300 726 1354 (καὶ
743 1298 821 1354 γὰρ
839 1293 890 1352 ἦν
909 1297 1037 1349 δεινὸς
1055 1298 1307 1356 στρατηγὸς)
1333 1298 1437 1352 μετὰ
1455 1299 1643 1354 πλείστης

170 1366 233 1409 ὅτι
260 1366 469 1421 δυνάμεως
495 1368 587 1410 κατ’
618 1369 774 1409 ἐκείνων
799 1364 975 1423 ἐξώρμα.

314 1435 389 1480 18.
461 1436 512 1478 Οἱ
534 1437 577 1478 δὲ
602 1438 691 1492 περὶ
713 1435 782 1478 τὸν
801 1432 980 1491 καίσαρά
1003 1451 1045 1477 τε
1073 1435 1142 1477 καὶ
1170 1433 1241 1477 τὸν
1264 1432 1484 1490 Οὗρσέλιον
1502 1432 1639 1477 πυθό-
1660 1444 1693 1480 Β

168 1520 282 1558 μενοι
299 1508 380 1546 τῶν
403 1503 599 1561 Τούρκων
622 1505 695 1558 τὴν
721 1504 869 1561 ἔφοδον
887 1504 955 1545 καὶ
977 1501 1033 1553 ὥς
1052 1501 1073 1545 ὅ
1093 1502 1264 1559 Ἀρτοὺχ
1285 1507 1446 1556 πλῆθος
1470 1494 1640 1558 ἀμύθη-

168 1589 240 1614 τον
271 1571 558 1630 ἐπιφερόμενος
587 1571 783 1629 Τούρκων
814 1572 912 1614 κατ’
940 1572 1074 1614 αὐτῶν
1097 1571 1264 1622 ἔπεισιν,
1298 1569 1546 1627 ὑπερβάντες
1569 1572 1641 1614 τὸν

113 1639 299 1698 2Ολόφον
328 1643 472 1699 ἵναπερ
507 1642 552 1684 τὸ
588 1640 785 1699 φρούριον
812 1642 978 1698 ἵδρυται
1001 1639 1048 1683 τὸ
1072 1640 1201 1696 ἀγχοῦ
1220 1656 1299 1681 που
1320 1644 1401 1681 τῶν
1422 1642 1640 1693 βασιλείων

167 1714 243 1753 τοῦ
271 1712 466 1768 καίσαρος
494 1709 539 1753 ὂν
570 1709 826 1766 (Μεταβολὴ
844 1713 903 1769 τῷ
925 1710 1110 1769 φρουρίῳ
1135 1709 1181 1752 τὸ
1204 1708 1387 1763 ὄνομα),
1421 1708 1524 1766 πρὸς
1543 1709 1640 1760 τοὺς

261 1841 316 1876 18.
336 1836 509 1885 Ἀρι-οὑχ]
532 1840 579 1878 V.
600 1836 808 1886 Ἀρταχούχ.

167 1952 431 2000 propositionem
444 1951 622 1996 indignans
639 1952 888 1997 aspernabatur
903 1961 1122 1996 omnemque,
1152 1951 1243 1996 quod
1267 1950 1378 1993 aiunt,
1404 1951 1566 1987 movebat
1579 1953 1639 1986 fu-

168 2011 245 2034 nem
256 2027 267 2044 ,
299 2011 365 2044 quo
389 1998 624 2032 necessitatem
639 1999 768 2032 vitaret
783 2009 952 2043 personae
968 1997 1003 2031 in
1015 1997 1082 2031 ista
1096 1997 1212 2031 fabula
1227 1996 1455 2031 sustinendae.
1500 1998 1641 2042 quando¹

166 2057 251 2079 vero
267 2046 378 2090 ipsum
393 2045 429 2078 vi
443 2049 571 2078 trusum
587 2044 797 2079 ineluctabili
810 2044 975 2078 barbarus
990 2043 1060 2077 suis
1074 2043 1262 2077 rationibus
1275 2043 1429 2077 serviens
1442 2043 1478 2076 in
1493 2043 1639 2078 mediam

165 2091 266 2126 istam
282 2091 379 2136 quasi
394 2101 528 2124 scenam
543 2089 772 2123 invitissimum
787 2089 952 2133 coniecit,
983 2094 1122 2122 strenue
1140 2089 1307 2132 agendum
1333 2089 1424 2133 quod
1449 2090 1637 2133 cogebatur

166 2142 263 2171 ratus
273 2162 283 2178 ‚
312 2137 401 2170 misit
415 2136 499 2170 clam
515 2136 550 2170 in
568 2136 685 2169 urbem
700 2135 757 2180 qui
773 2135 939 2179 suffragia
952 2140 1132 2180 prensaret
1147 2135 1321 2179 fermeque
1336 2134 1478 2169 omnium
1494 2141 1634 2169 senteu-

166 2183 246 2216 tiam
276 2183 311 2216 in
341 2194 435 2216 suam
466 2182 583 2215 traxit.
630 2181 761 2215 cunctis
785 2180 873 2214 enim
900 2181 955 2214 bic
976 2180 1030 2214 vir
1055 2185 1131 2213 erat
1148 2180 1249 2225 longe
1265 2180 1454 2214 carissimus
1465 2208 1477 2225 ‚
1508 2182 1635 2226 quippe

167 2229 318 2263 omnibus
334 2239 421 2262 unus
437 2228 607 2262 excellens
626 2227 722 2261 bonis
737 2231 772 2261 et
787 2225 960 2271 probitate
976 2226 1235 2270 aequitateque,
1266 2226 1351 2259 nulli
1377 2238 1442 2260 non
1466 2227 1635 2261 antistans

167 2275 224 2320 qui
249 2279 330 2319 tunc
355 2276 479 2308 forent.
525 2272 743 2306 successisset
765 2271 870 2315 igitur
892 2271 992 2306 facile
1006 2271 1200 2316 negotium,
1236 2276 1271 2306 et
1288 2283 1332 2305 ex
1349 2272 1500 2306 Caesare
1513 2274 1643 2317 Augu-1

166 2326 239 2355 stus
254 2320 386 2364 plenam
403 2319 532 2364 imperii
548 2323 751 2363 potestatem
764 2317 982 2352 libentissima
995 2328 1035 2352 re
1051 2317 1186 2362 publica
1200 2317 1273 2363 ipse
1289 2318 1546 2362 capessivisset.
1570 2319 1634 2353 nisi

166 2366 284 2400 divina
299 2365 514 2411 providentia
528 2364 591 2398 tali
607 2364 742 2408 negotio
757 2375 797 2398 se
808 2363 1038 2398 adversariam
1052 2368 1281 2397 monstrasset.
1327 2364 1412 2396 haec
1428 2363 1514 2397 enim
1526 2364 1634 2398 Nice—

167 2412 308 2458 phorum
331 2412 520 2446 eunuchum
547 2410 696 2455 impulit,
727 2413 766 2442 ut
790 2421 862 2444 eam
883 2409 1101 2443 succurrendi
1117 2408 1279 2442 Romanis
1294 2410 1396 2442 rebus
1409 2409 1511 2442 iniret
1524 2410 1632 2443 ratio-

168 2468 264 2502 nem,
294 2469 384 2501 quae
406 2456 532 2490 Urselii
554 2456 778 2499 Caesarisque
799 2455 923 2500 spebus
940 2454 1084 2489 securim
1102 2454 1228 2488 inflixit
1242 2454 1431 2498 capitalem.
1478 2454 1645 2490 nimirum.

167 2502 224 2537 ille
250 2503 372 2537 nullam
396 2508 528 2547 partem
550 2502 694 2535 fiduciae
718 2500 879 2545 reliquam
903 2500 938 2534 in
961 2500 1122 2534 Romanis
1147 2499 1354 2534 exercitibus
1370 2499 1491 2535 videns
1503 2500 1631 2535 adiecit

167 2549 310 2583 animum
333 2549 377 2582 ad
403 2548 615 2594 imploranda
640 2547 766 2581 auxilia
788 2546 991 2582 Turcorum.
1038 2550 1116 2580 erat
1138 2546 1269 2580 Artuch
1291 2545 1359 2578 dux
1385 2545 1573 2580 Turoorum
1592 2547 1641 2582 im

169 2594 338 2629 Orientali
358 2600 441 2628 tunc
463 2593 577 2628 limite.
622 2594 709 2628 hunc
732 2591 905 2635 legatione
925 2591 1027 2625 missa
1049 2591 1214 2636 donisque
1229 2595 1269 2625 et
1278 2591 1438 2636 pactione
1465 2592 1630 2636 pecuniae

167 2639 345 2684 perpellit,
366 2644 406 2674 ut
417 2639 539 2674 bellum
557 2644 675 2673 eontra
691 2637 859 2672 Urselium
874 2636 1046 2681 suscipiat.
1088 2637 1148 2671 ille
1161 2648 1240 2671 acer
1254 2637 1380 2682 alioqui
1394 2637 1542 2672 bellator
1555 2650 1629 2672 mm

167 2685 316 2720 maximo·
323 2685 475 2721 exercitu
489 2685 737 2731 expeditionem
753 2684 851 2717 istam
865 2682 1016 2728 suscipit.
1191 2703 1206 2716 .-

258 2732 313 2766 18.
360 2731 491 2767 Caesar
521 2738 556 2766 et
581 2731 734 2764 Urselius
761 2740 835 2763 cum
857 2728 1101 2763 intellexissent
1120 2728 1303 2763 Artuchum
1324 2727 1477 2763 infinitas
1490 2729 1628 2763 Turco-

167 2787 240 2810 rum
264 2776 381 2821 copias
403 2777 439 2811 in
461 2777 553 2822 ipsos
567 2777 706 2811 infestas
725 2786 878 2817 movere,
909 2782 1093 2809 conscenso
1108 2773 1210 2819 iugo,
1223 2799 1226 2802 -
1240 2775 1358 2820 inquo
1373 2785 1438 2808 arx
1452 2780 1639 2809 exstructa-

167 2827 260 2864 emt,
289 2833 391 2866 quam
405 2822 547 2858 diximus
561 2822 704 2857 vicinam
721 2822 825 2856 fuisse
839 2820 1018 2866 praetoriis
1036 2820 1194 2855 Caesaris
1225 2820 1429 2865 (dicebatur
1443 2825 1554 2855 autem
1569 2820 1629 2854 illa

166 2867 364 2912 Metabole)
379 2893 400 2911 ,.
412 2869 708 2905 .oastra.‚muniuut
720 2869 754 2904 in
770 2878 888 2913 campo
913 2866 1045 2912 longius
1056 2892 1068 2911 ,
1097 2878 1198 2912 quam
1211 2866 1314 2912 latios
1328 2866 1463 2911 iacente
1478 2866 1523 2910 ad
1536 2865 1630 2900 radi-

227 2921 370 2965 Na‘ceph.
399 2921 526 2965 Bryen.
1328 2918 1355 2955 6
