1878 3262
0 2857 21 2966 ,ἠγ-Ἴτε·
0 2810 5 2834 ²¹
0 2762 10 2787 .⁴

632 202 1030 248 HISTORIARUM
1044 223 1059 244 τ.
1074 205 1124 247 L.
1150 203 1205 247 Π.
1586 202 1651 250 79

186 314 339 361 τούτων
365 317 440 371 μέν
466 316 559 360 οὔδ’
591 316 875 376 ἐπεστράφθαι
903 317 951 360 τό
972 315 1166 374 παράπαν
1185 314 1326 361 ἐδόκει.
1395 314 1586 376 δρόμωνα
1609 319 1652 361 δὲ

184 386 255 430 τὸν
278 387 485 441 βασίλειον
511 389 580 429 καὶ
609 387 683 437 τὰς
711 385 903 442 συτήθεις
921 390 1118 441 σταλῆναί
1145 387 1189 430 οἵ
1201 388 1303 442 πρὸς
1317 389 1520 441 βασιλέως
1538 388 1651 441 ἠξίου

185 453 383 512 τριήρεις,
418 456 490 513 ἐφ’
523 449 557 513 ᾧ
578 456 679 512 πρὸς
699 456 772 511 τὴν
802 453 991 509 διάβασιν
1018 455 1156 506 αὐτοῖς
1170 455 1384 513 χρήσαιτο.
1453 458 1519 498 καὶ
1541 459 1576 498 εἲ
1595 456 1652 511 μὴ

138 515 153 531 ”
187 528 342 566 θᾶττον
367 524 560 581 ἀφίκοντο
588 524 690 581 πρὸς
718 522 865 575 αὐτόν,
903 523 1054 579 ἠπείλει
1083 529 1252 575 πολλαῖς
1277 526 1318 575 ἐς
1339 526 1467 568 νέωτα
1483 524 1653 582 μυριάσι

153 593 261 648 5τὴν
291 591 407 635 πόλιν
432 597 674 650 περιβαλεῖν.
742 592 845 649 πρὸς
871 590 894 633 ὃ
921 591 1153 646 χαλεπήνας
1182 591 1203 634 ὅ
1222 594 1414 647 βασιλεὺς
1434 593 1562 636 οὖκέτι
1580 595 1654 648 με’-

183 679 278 719 χρις
296 663 499 719 εἰρωνείας
517 662 587 704 τὸν
605 659 780 713 ἀλαζόνα
811 661 1054 715 ἀμείβεσθαι
1073 660 1233 715 ἤθελεν.
1303 662 1403 704 ὅθεν
1423 665 1491 705 καὶ
1511 680 1653 720 πικρο-

185 730 323 780 τάτοις
345 731 472 773 αὖτοῦ
490 732 680 773 καθίκετο
705 728 839 786 λόγοις
858 731 1082 788 ἐπιστείλας
1097 728 1258 772 οὗτωσί.
1291 758 1293 760 -
1321 728 1347 744 “
1362 731 1408 772 οὗ
1429 736 1487 788 τῷ
1504 731 1654 786 πλήθει

186 800 239 842 τὰ
268 798 487 856 πράγματα
516 801 662 856 κρίνειν
690 797 886 841 εἰώθασιν
921 796 982 848 οἷς
1012 801 1079 840 καὶ
1114 799 1266 856 σμικρὰ
1304 804 1481 856 συνορᾶν
1514 800 1653 851 ἔνεστι,

186 866 366 923 ποιότητι
389 869 433 910 δὲ
460 872 618 922 μᾶλλον
646 870 712 910 καὶ
731 874 821 918 ταῖς
841 869 1027 909 ἐντεῦθεν
1049 866 1295 924 ὑπερβολαῖς
1313 885 1354 910 τε
1383 870 1450 910 καὶ
1471 869 1654 923 ἐλλείψε-

135 947 263 981 1οσιν.
333 936 480 979 οὗκοῦν
494 939 559 979 καὶ
578 937 672 987 τοὺς
684 936 821 993 ’Άρεος
840 936 1026 991 ἀθλητὰς
1046 937 1094 978 οὗ
1118 935 1267 991 πλήθει
1290 938 1521 993 διαιρετέον,
1557 938 1651 979 ἀλλ’

187 1006 311 1063 ἀρετῇ
327 1008 394 1047 καὶ
415 1004 552 1056 πόνοις
568 1008 634 1047 καὶ
652 1010 701 1062 τῇ
718 1007 805 1062 περὶ
826 1010 956 1047 ταῦτα
975 1004 1187 1062 ἐπιστήμῃ.
1257 1004 1307 1048 ἂν
1330 1008 1402 1048 καί
1424 1024 1488 1049 σοι
1513 1007 1646 1048 τοίνυν
1669 1009 1701 1043 D

186 1079 371 1117 πλεῖστον
389 1075 599 1131 ἀκολουθῇ
626 1073 880 1130 στράτευμα,
916 1074 1021 1116 ἀλλὰ
1050 1074 1152 1131 πρὸς
1173 1078 1231 1131 τῷ
1247 1075 1306 1130 μὴ
1324 1079 1462 1132 πολλῷ
1484 1075 1529 1117 τὸ
1554 1073 1653 1131 ἤμε-

187 1143 317 1186 danaae
346 1141 576 1200 ὑπεραίρειν
586 1175 600 1194 ,
643 1145 773 1185 καίτοι
809 1148 882 1185 τοῦ
911 1145 1098 1185 πλείστου
1139 1148 1324 1198 πολλαχῆ
1357 1142 1651 1199 τῆςῬωμαιίον

186 1212 428 1269 διῃρημένου
451 1212 603 1269 ἀρχῆς,
638 1210 823 1268 ἀγελαῖόν
839 1213 923 1254 ἔστι
948 1214 1015 1254 καὶ
1039 1212 1083 1254 τὸ
1111 1216 1294 1255 πλεῖστον
1312 1212 1650 1269 ἀπειροπόλεμον·

133 1287 174 1323 15
186 1279 402 1337 προβάτων
425 1282 468 1323 δὲ
498 1281 634 1337 ἀγέλαι
664 1281 739 1323 κᾶν
769 1283 824 1330 εἷς
852 1279 1103 1337 μυριοστῦας
1129 1281 1228 1332 ὅλας
1253 1282 1493 1338 ἀριθμοῦτο
1526 1286 1653 1339 σχολῇ

186 1349 256 1392 ἐὰν
287 1347 525 1403 ἀνάσχοιντο
550 1351 709 1399 λέοντος
738 1350 1012 1404 ε’πιπηὸῶντος
1032 1350 1186 1400 αὖταΐς.
1255 1349 1281 1405 ἢ
1306 1350 1378 1393 οὐκ
1402 1349 1550 1402 οἶσθα,
1587 1351 1648 1394 ὅτι

184 1420 408 1475 καθαπερεὶ
427 1420 646 1475 στρουθίον
659 1416 737 1460 ὕπὸ
757 1425 845 1468 ταῖς
863 1416 1075 1475 ἦμετέραις
1094 1420 1297 1478 γεγένησαι
1317 1419 1394 1474 ἤδη
1419 1418 1652 1474 παλάμαιςς

185 1487 261 1530 κᾶν
282 1485 534 1542 θελήσωμεν,
570 1487 643 1529 οὐκ
668 1486 717 1529 ἂν
735 1486 913 1544 φθάνοις
928 1487 1073 1529 αὐτίκα
1095 1487 1469 1544 παραπολλύμενος.
1515 1487 1654 1544 ἐννόη-

185 1573 258 1599 σον
277 1554 332 1606 ὧς
362 1556 502 1598 ἐκεῖνοι
529 1556 602 1611 τὴν
627 1554 770 1613 χώραν
790 1557 1003 1610 κατέχουσι
1020 1555 1192 1610 ταύτην,
1228 1551 1284 1598 ὧν
1304 1557 1341 1599 οἶ
1361 1556 1550 1614 πρόγονοι
1571 1559 1654 1600 πᾶ-

129 1635 263 1670 2οσαν
293 1625 367 1679 τὴν
391 1627 466 1680 γῆν
498 1629 719 1681 περιῆλθον
746 1631 829 1675 τοῖς
854 1623 1015 1676 ὅπλοις,
1058 1623 1174 1679 ὑμῶν
1191 1643 1232 1668 τε
1255 1625 1389 1668 αὐτῶν
1410 1628 1477 1668 καὶ
1504 1630 1656 1669 λοιπῶν
1678 1636 1708 1670 P
1731 1637 1777 1672 45

186 1692 374 1736 ἁπάντων
389 1697 470 1736 τῶν
495 1691 576 1750 ὑφ’
599 1692 699 1751 ἡλίῳ
719 1694 953 1751 ἐκυρίευσαν
981 1694 1127 1736 ἐθνῶν.
1195 1698 1325 1736 ταῦτα
1342 1693 1660 1751 ὖπολογίζεσθαί

186 1779 230 1804 σε
255 1761 387 1819 χρεῶν
412 1763 479 1803 καὶ
501 1763 663 1819 προσέτι
693 1760 748 1811 ὥς
774 1762 864 1804 οὕτε
901 1761 999 1812 νεώς
1028 1779 1123 1805 ποτε
1149 1762 1322 1820 ἓπιβήσῃ
1351 1768 1423 1818 τῆς
1443 1767 1652 1819 βασιλείου

187 1829 277 1872 οὔτε
309 1847 347 1872 τι
379 1823 435 1873 ὧν
454 1830 611 1886 ᾔτησας
638 1832 812 1881 ἐπιτελὲς
840 1830 951 1873 ἔσται
980 1848 1044 1874 σοι
1073 1832 1174 1888 παρ’
1206 1830 1344 1886 ἡμῶν,
1391 1832 1494 1874 ἀλλά
1517 1851 1561 1875 σε
1580 1833 1654 1888 τὴν

276 1939 311 1973 4.
337 1934 542 1982 ἀφίκοντο]
575 1937 692 1971 Malim
722 1936 934 1981 ἀφίκοιντο.
1073 1939 1107 1973 9.
1140 1935 1335 1984 ποιότητι]
1370 1939 1423 1973 Ita
1452 1939 1537 1976 Due.
1563 1940 1650 1975 Cod.

276 1982 471 2029 ποιότητα.
611 1984 665 2018 15.
690 1984 797 2030 σχολῇ
813 1982 904 2029 ἐὰν]
931 1984 1041 2030 σχολῇ
1058 1981 1097 2028 y'
1120 1980 1197 2018 ἅνῩ

184 2075 341 2110 debatur.
388 2074 470 2119 quin
486 2074 552 2109 imo
574 2073 767 2109 dromonem
782 2074 1055 2120 imperatorium,
1079 2079 1115 2109 et
1130 2079 1310 2110 consuetas
1324 2075 1497 2118 triremes,
1527 2078 1649 2122 quibus

186 2122 231 2156 ad
247 2120 521 2155 transmittendas
537 2121 651 2166 copias
667 2128 820 2154 uteretur
834 2122 877 2155 ab
893 2122 1097 2166 imperatore
1114 2122 1326 2166 postulabat3
1350 2134 1392 2157 ac
1412 2123 1446 2157 ni
1471 2125 1654 2159 confestim.

186 2167 437 2201 adducerentur
448 2192 457 2209 ‚
483 2167 636 2211 proximo
652 2178 689 2200 se
712 2178 798 2200 anno
824 2167 936 2201 multis
952 2179 1026 2201 cum
1045 2168 1188 2202 millibus
1202 2169 1318 2202 urbem
1335 2169 1442 2214 ipsam
1458 2170 1650 2204 obvallatu-

186 2225 259 2248 rum
287 2213 486 2248 minabatur.
531 2212 758 2256 indignissime
785 2213 819 2246 id
854 2214 967 2247 ferens
987 2213 1194 2258 imperator,
1224 2225 1292 2248 non
1317 2214 1384 2249 iam
1407 2215 1568 2259 ludicris,
1589 2217 1650 2251 sed

186 2258 412 2293 acerbissimis
435 2259 609 2303 arroganti
634 2259 840 2304 respondere
868 2259 957 2293 hunc
969 2259 1005 2293 in
1026 2260 1158 2294 modum
1173 2260 1279 2294 literis
1298 2261 1468 2295 decrevit=
1495 2274 1590 2305 „non
1606 2274 1652 2296 ex

186 2305 397 2340 multitudine
424 2304 575 2339 iudicare
598 2304 641 2338 de
667 2306 769 2338 rebus
799 2304 910 2339 solent
932 2305 974 2348 ii,
1008 2305 1065 2350 qui
1089 2311 1125 2340 et
1138 2306 1270 2340 modica
1285 2318 1390 2352 saepe
1405 2307 1486 2352 quid
1501 2308 1652 2350 valeant,

185 2362 254 2386 non
267 2351 444 2395 ignorant,
467 2351 530 2385 sed
545 2362 589 2396 ex
605 2361 718 2384 earum
733 2355 876 2394 natura,
899 2356 935 2385 et
948 2351 990 2385 iis
1006 2363 1093 2396 quae
1107 2358 1167 2386 aut
1180 2353 1352 2386 abundant
1366 2353 1400 2387 in
1416 2353 1493 2398 mis,
1517 2359 1575 2388 aut
1591 2354 1654 2388 de·-

186 2397 318 2432 ficiunt.
364 2408 475 2441 neque
491 2396 576 2431 enim
590 2396 714 2430 Martis
731 2397 881 2431 athletae
893 2409 1034 2432 numero
1049 2398 1289 2442 distinguendi,
1313 2399 1373 2432 sed
1391 2399 1529 2442 virtute,
1555 2400 1655 2439 labo-

185 2442 279 2477 ribus
289 2467 301 2485 ,
323 2446 360 2476 et
373 2442 423 2477 rei
439 2442 591 2477 militaris
607 2442 728 2487 peritia
750 2443 916 2488 pensandi
925 2447 1015 2479 sunt.
1061 2444 1214 2489 quamvis
1229 2444 1331 2488 igitur
1346 2445 1464 2488 ingens
1478 2451 1514 2478 te
1529 2456 1656 2490 sequa-

187 2493 243 2523 tur
256 2488 445 2530 exercitus,
469 2489 633 2533 nobisque
658 2489 716 2522 vix
734 2488 847 2523 adsint
861 2489 997 2535 copiae,
1021 2493 1143 2535 utpote
1158 2501 1221 2535 per
1234 2501 1331 2524 omne
1346 2491 1575 2524 Romanorum
1589 2492 1655 2525 im-

187 2534 317 2580 perium
331 2534 491 2568 militibus
505 2534 692 2568 distributis
703 2560 711 2573 ,
735 2539 795 2568 tua
808 2535 870 2569 illa
884 2536 987 2570 turba
1001 2535 1225 2581 incomposita
1241 2540 1315 2577 est,
1347 2540 1382 2569 et
1399 2536 1559 2571 maiorem
1572 2549 1655 2583 par-

187 2586 255 2614 tem
270 2581 323 2614 rei
335 2580 477 2615 bellicae
490 2580 620 2624 ignara.
668 2580 835 2626 pecudum
854 2592 997 2626 greges,
1032 2587 1067 2616 et
1081 2582 1111 2615 si
1129 2582 1308 2615 multorum
1323 2582 1456 2616 millium
1477 2582 1567 2626 sint,
1592 2583 1654 2618 vix

187 2624 296 2660 leonis
329 2626 488 2660 irruentis
515 2627 675 2671 impetum
705 2631 847 2671 possunt
861 2628 1037 2661 sustinere.
1084 2638 1128 2661 au
1143 2627 1301 2672 ignoras,
1326 2632 1362 2661 te
1378 2627 1485 2662 instar
1499 2629 1655 2663 aviculae

188 2670 224 2704 in
237 2671 357 2706 nostris
371 2673 475 2706 fuisse
489 2673 640 2706 manibus
649 2697 660 2714 ‚
685 2671 843 2706 continuo
868 2673 897 2707 si
911 2673 1131 2707 voluissemus
1155 2674 1337 2719 periturum
1347 2673 1367 2707 ’ἓ
1390 2674 1453 2709 has
1466 2674 1542 2709 illos
1557 2674 1654 2709 inco-

188 2714 262 2751 lere
281 2717 435 2761 regiones
457 2718 588 2762 cogita,
615 2729 757 2763 quorum
782 2719 924 2753 maiores
949 2720 1066 2753 orbem
1088 2719 1282 2753 universum
1304 2719 1400 2754 bellis
1415 2726 1654 2766 peragrarunt,

190 2761 354 2807 vobisque
376 2763 484 2808 ipsis,
518 2763 659 2809 aliisque
680 2763 830 2798 omnibus
857 2765 921 2799 sub
946 2765 1018 2799 sole
1032 2765 1190 2809 gentibus
1212 2765 1473 2810 imperaverunt.
1518 2766 1602 2800 haec
1617 2771 1655 2799 te

191 2806 279 2842 scire
292 2808 432 2852 perinde
445 2821 583 2844 necesse
597 2814 671 2853 est,
693 2822 805 2855 neque
826 2811 1075 2857 imperatoriam
1092 2811 1136 2845 ad
1160 2816 1198 2846 te
1222 2822 1368 2856 unquam
1389 2823 1513 2847 navem
1527 2815 1653 2845 ventu-

192 2863 262 2887 ram
275 2877 285 2894 ,
310 2865 419 2900 neque
432 2855 611 2901 quidquam
636 2867 752 2892 eorum
767 2867 855 2903 quae
877 2857 1059 2903 postulasti
1074 2868 1136 2893 nos
1151 2856 1362 2902 indultur0s3
1385 2858 1450 2895 sed
1472 2868 1539 2903 qua
1554 2857 1651 2892 veni-
