<?xml version="1.0" encoding="UTF-8"?>
<!DOCTYPE html PUBLIC "-//W3C//DTD XHTML 1.0 Transitional//EN"
    "http://www.w3.org/TR/xhtml1/DTD/xhtml1-transitional.dtd">
<html xmlns="http://www.w3.org/1999/xhtml" xml:lang="en" lang="en">
 <head>
  <title>
</title>
<meta http-equiv="Content-Type" content="text/html;charset=utf-8" />
  <meta name='ocr-system' content='tesseract 3.04.00' />
  <meta name='ocr-capabilities' content='ocr_page ocr_carea ocr_par ocr_line ocrx_word'/>
</head>
<body>
  <div class='ocr_page' id='page_1' title='image "./corpusscriptorum26niebuoft_0050.png"; bbox 0 0 1878 3262; ppageno 0'>
   <div class='ocr_carea' id='block_1_1' title="bbox 298 223 1259 273">
    <p class='ocr_par' dir='ltr' id='par_1_1' title="bbox 298 223 1259 273">
     <span class='ocr_line' id='line_1_1' title="bbox 298 223 1259 273; baseline -0.007 0"><span class='ocrx_word' id='word_1_1' title='bbox 298 228 314 273; x_wconf 87' lang='lat'>1</span> <span class='ocrx_word' id='word_1_2' title='bbox 328 228 355 272; x_wconf 90' lang='grc'>8</span> <span class='ocrx_word' id='word_1_3' title='bbox 773 224 996 268; x_wconf 90' lang='lat' dir='ltr'><strong>IOANNIS</strong></span> <span class='ocrx_word' id='word_1_4' title='bbox 1031 223 1259 268; x_wconf 85' lang='lat' dir='ltr'>CINNAMI</span> 
     </span>
    </p>
   </div>
   <div class='ocr_carea' id='block_1_2' title="bbox 178 335 1807 1892">
    <p class='ocr_par' dir='ltr' id='par_1_2' title="bbox 291 335 1742 465">
     <span class='ocr_line' id='line_1_2' title="bbox 292 335 1742 398; baseline -0.003 -13"><span class='ocrx_word' id='word_1_5' title='bbox 292 338 494 398; x_wconf 77' lang='grc' dir='ltr'><strong><em>γεγονότος</em></strong></span> <span class='ocrx_word' id='word_1_6' title='bbox 512 338 584 383; x_wconf 76' lang='grc' dir='ltr'><em>οὒκ</em></span> <span class='ocrx_word' id='word_1_7' title='bbox 595 337 651 382; x_wconf 63' lang='grc' dir='ltr'><em>ἔτι</em></span> <span class='ocrx_word' id='word_1_8' title='bbox 669 345 758 389; x_wconf 76' lang='grc' dir='ltr'><em>ταῖς</em></span> <span class='ocrx_word' id='word_1_9' title='bbox 768 343 934 392; x_wconf 80' lang='grc' dir='ltr'><em>συχναῒς</em></span> <span class='ocrx_word' id='word_1_10' title='bbox 950 341 1198 395; x_wconf 77' lang='grc' dir='ltr'><em>προσβολαῖς</em></span> <span class='ocrx_word' id='word_1_11' title='bbox 1215 338 1253 380; x_wconf 79' lang='grc' dir='ltr'><em>οἳ</em></span> <span class='ocrx_word' id='word_1_12' title='bbox 1271 335 1382 380; x_wconf 62' lang='grc' dir='ltr'><em>ἔνδον</em></span> <span class='ocrx_word' id='word_1_13' title='bbox 1395 337 1566 392; x_wconf 71' lang='grc' dir='ltr'><em>ἀντέχειν</em></span> <span class='ocrx_word' id='word_1_14' title='bbox 1577 340 1742 394; x_wconf 78' lang='grc' dir='ltr'><em>δεδυνη-</em></span> 
     </span>
     <span class='ocr_line' id='line_1_3' title="bbox 291 404 1742 465; baseline -0.001 -13"><span class='ocrx_word' id='word_1_15' title='bbox 291 412 401 465; x_wconf 79' lang='grc' dir='ltr'><em>μένοι</em></span> <span class='ocrx_word' id='word_1_16' title='bbox 413 410 485 459; x_wconf 83' lang='grc' dir='ltr'><em>τὰς</em></span> <span class='ocrx_word' id='word_1_17' title='bbox 495 407 624 458; x_wconf 84' lang='grc' dir='ltr'><em>πύλας</em></span> <span class='ocrx_word' id='word_1_18' title='bbox 634 405 949 456; x_wconf 77' lang='grc' dir='ltr'><em>ἀναπετάσαντες</em></span> <span class='ocrx_word' id='word_1_19' title='bbox 964 404 1241 460; x_wconf 83' lang='grc' dir='ltr'><em>τὸνῬωμαίων</em></span> <span class='ocrx_word' id='word_1_20' title='bbox 1253 408 1492 460; x_wconf 77' lang='grc' dir='ltr'><em>εἷσεδέχοντο</em></span> <span class='ocrx_word' id='word_1_21' title='bbox 1508 406 1742 464; x_wconf 84' lang='grc' dir='ltr'><em>στρατηγόν.</em></span> 
     </span>
    </p>

    <p class='ocr_par' dir='ltr' id='par_1_3' title="bbox 244 469 1776 872">
     <span class='ocr_line' id='line_1_4' title="bbox 244 469 1743 533; baseline -0.002 -14"><span class='ocrx_word' id='word_1_22' title='bbox 244 476 275 511; x_wconf 84' lang='lat' dir='ltr'>D</span> <span class='ocrx_word' id='word_1_23' title='bbox 432 477 477 522; x_wconf 89' lang='lat'><em>8.</em></span> <span class='ocrx_word' id='word_1_24' title='bbox 499 476 741 533; x_wconf 75' lang='grc' dir='ltr'><em>Ἀνάξαρβος</em></span> <span class='ocrx_word' id='word_1_25' title='bbox 753 476 826 529; x_wconf 77' lang='grc' dir='ltr'><em>μὲν</em></span> <span class='ocrx_word' id='word_1_26' title='bbox 841 469 912 516; x_wconf 73' lang='grc' dir='ltr'><em>οὖν</em></span> <span class='ocrx_word' id='word_1_27' title='bbox 928 478 1069 516; x_wconf 84' lang='grc' dir='ltr'><em>τοῦτον</em></span> <span class='ocrx_word' id='word_1_28' title='bbox 1086 474 1155 516; x_wconf 84' lang='grc' dir='ltr'><em>τὸν</em></span> <span class='ocrx_word' id='word_1_29' title='bbox 1172 473 1320 531; x_wconf 84' lang='grc' dir='ltr'><strong><em>τρόπον</em></strong></span> <span class='ocrx_word' id='word_1_30' title='bbox 1334 473 1639 529; x_wconf 80' lang='grc' dir='ltr'><em>ὓπόῬωμαίους</em></span> <span class='ocrx_word' id='word_1_31' title='bbox 1658 476 1743 530; x_wconf 79' lang='grc' dir='ltr'><em>ε’γέ-</em></span> 
     </span>
     <span class='ocr_line' id='line_1_5' title="bbox 292 542 1743 600; baseline -0.003 -11"><span class='ocrx_word' id='word_1_32' title='bbox 292 563 393 589; x_wconf 85' lang='grc' dir='ltr'><em>νετο.</em></span> <span class='ocrx_word' id='word_1_33' title='bbox 454 543 712 599; x_wconf 74' lang='grc' dir='ltr'><em>Ῥαίμοῦνδος</em></span> <span class='ocrx_word' id='word_1_34' title='bbox 737 543 780 585; x_wconf 78' lang='grc' dir='ltr'><em>δὲ</em></span> <span class='ocrx_word' id='word_1_35' title='bbox 806 544 874 585; x_wconf 85' lang='grc' dir='ltr'><em>καὶ</em></span> <span class='ocrx_word' id='word_1_36' title='bbox 892 544 1154 595; x_wconf 74' lang='grc' dir='ltr'><em>Βαλὸουῖνος,</em></span> <span class='ocrx_word' id='word_1_37' title='bbox 1189 542 1235 593; x_wconf 76' lang='grc' dir='ltr'><em>ὃς</em></span> <span class='ocrx_word' id='word_1_38' title='bbox 1250 544 1500 600; x_wconf 80' lang='grc' dir='ltr'><em>Μαραυσίου</em></span> <span class='ocrx_word' id='word_1_39' title='bbox 1523 543 1620 585; x_wconf 71' lang='grc' dir='ltr'><em>κατ’</em></span> <span class='ocrx_word' id='word_1_40' title='bbox 1643 544 1743 585; x_wconf 69' lang='grc' dir='ltr'><em>ἐκεῖ·</em></span> 
     </span>
     <span class='ocr_line' id='line_1_6' title="bbox 292 605 1776 670; baseline -0.001 -14"><span class='ocrx_word' id='word_1_41' title='bbox 292 632 359 656; x_wconf 91' lang='grc' dir='ltr'><em>νον</em></span> <span class='ocrx_word' id='word_1_42' title='bbox 377 613 446 656; x_wconf 88' lang='grc' dir='ltr'><em>τὸν</em></span> <span class='ocrx_word' id='word_1_43' title='bbox 463 611 610 670; x_wconf 89' lang='grc' dir='ltr'><em>χρόνον</em></span> <span class='ocrx_word' id='word_1_44' title='bbox 625 609 873 667; x_wconf 69' lang='grc' dir='ltr'><strong><em>ἡγεμονεύων</em></strong></span> <span class='ocrx_word' id='word_1_45' title='bbox 889 605 939 666; x_wconf 81' lang='grc' dir='ltr'><em>ἦν</em></span> <span class='ocrx_word' id='word_1_46' title='bbox 947 643 960 663; x_wconf 91' lang='lat'><em>‚</em></span> <span class='ocrx_word' id='word_1_47' title='bbox 995 612 1069 661; x_wconf 71' lang='grc' dir='ltr'><em>ἕως</em></span> <span class='ocrx_word' id='word_1_48' title='bbox 1084 611 1158 664; x_wconf 79' lang='grc' dir='ltr'><em>μὲν</em></span> <span class='ocrx_word' id='word_1_49' title='bbox 1176 610 1288 653; x_wconf 69' lang='grc' dir='ltr'><em>οὔπω</em></span> <span class='ocrx_word' id='word_1_50' title='bbox 1307 612 1369 653; x_wconf 73' lang='grc' dir='ltr'><em>ἐπὶ</em></span> <span class='ocrx_word' id='word_1_51' title='bbox 1387 609 1538 668; x_wconf 77' lang='grc' dir='ltr'><em>θύραις</em></span> <span class='ocrx_word' id='word_1_52' title='bbox 1564 609 1586 653; x_wconf 83' lang='grc' dir='ltr'><strong>ὅ</strong></span> <span class='ocrx_word' id='word_1_53' title='bbox 1607 612 1776 654; x_wconf 57' lang='lat' dir='ltr'>:cmiv-5</span> 
     </span>
     <span class='ocr_line' id='line_1_7' title="bbox 294 678 1746 737; baseline -0.003 -13"><span class='ocrx_word' id='word_1_54' title='bbox 294 699 362 731; x_wconf 87' lang='grc' dir='ltr'><em>νος</em></span> <span class='ocrx_word' id='word_1_55' title='bbox 372 683 536 731; x_wconf 76' lang='grc' dir='ltr'><em>ἵστατο,</em></span> <span class='ocrx_word' id='word_1_56' title='bbox 570 678 800 737; x_wconf 83' lang='grc' dir='ltr'><em>στράτευμα</em></span> <span class='ocrx_word' id='word_1_57' title='bbox 826 679 1051 735; x_wconf 77' lang='grc' dir='ltr'><em>ἀγείραντες</em></span> <span class='ocrx_word' id='word_1_58' title='bbox 1084 678 1218 721; x_wconf 77' lang='grc' dir='ltr'><em>ἱκανὸν</em></span> <span class='ocrx_word' id='word_1_59' title='bbox 1239 680 1303 721; x_wconf 76' lang='grc' dir='ltr'><em>ἐπὶ</em></span> <span class='ocrx_word' id='word_1_60' title='bbox 1329 680 1606 734; x_wconf 83' lang='grc' dir='ltr'><em>Παλαιστίνην</em></span> <span class='ocrx_word' id='word_1_61' title='bbox 1633 678 1746 734; x_wconf 78' lang='grc' dir='ltr'><em>ἠπεί-</em></span> 
     </span>
     <span class='ocr_line' id='line_1_8' title="bbox 294 746 1746 805; baseline -0.002 -14"><span class='ocrx_word' id='word_1_62' title='bbox 294 766 408 805; x_wconf 89' lang='grc' dir='ltr'><em>γοντο</em></span> <span class='ocrx_word' id='word_1_63' title='bbox 425 748 494 790; x_wconf 81' lang='grc' dir='ltr'><em>τὸν</em></span> <span class='ocrx_word' id='word_1_64' title='bbox 514 750 607 804; x_wconf 69' lang='grc' dir='ltr'><em>τῇδε</em></span> <span class='ocrx_word' id='word_1_65' title='bbox 624 747 726 805; x_wconf 79' lang='grc' dir='ltr'><em>ῥῆγα</em></span> <span class='ocrx_word' id='word_1_66' title='bbox 747 751 821 790; x_wconf 79' lang='grc' dir='ltr'><em>τοῦ</em></span> <span class='ocrx_word' id='word_1_67' title='bbox 838 746 1021 789; x_wconf 75' lang='grc' dir='ltr'><strong><em>κινδύνου</em></strong></span> <span class='ocrx_word' id='word_1_68' title='bbox 1041 746 1352 804; x_wconf 73' lang='grc' dir='ltr'><em>ἓξαιρησόμενοι.</em></span> <span class='ocrx_word' id='word_1_69' title='bbox 1420 749 1650 804; x_wconf 77' lang='grc' dir='ltr'><em>Σαρακηνοὶ</em></span> <span class='ocrx_word' id='word_1_70' title='bbox 1668 747 1746 803; x_wconf 75' lang='grc' dir='ltr'><em>γὰρ</em></span> 
     </span>
     <span class='ocr_line' id='line_1_9' title="bbox 294 813 1746 872; baseline -0.002 -13"><span class='ocrx_word' id='word_1_71' title='bbox 294 817 339 859; x_wconf 65' lang='grc' dir='ltr'><em>οἳ</em></span> <span class='ocrx_word' id='word_1_72' title='bbox 355 817 643 866; x_wconf 85' lang='grc' dir='ltr'><em>Παλαιστίνοις</em></span> <span class='ocrx_word' id='word_1_73' title='bbox 662 820 919 872; x_wconf 78' lang='grc' dir='ltr'><em>προσοικοῦσι</em></span> <span class='ocrx_word' id='word_1_74' title='bbox 950 815 1111 872; x_wconf 74' lang='grc' dir='ltr'><em>πολέμῳ</em></span> <span class='ocrx_word' id='word_1_75' title='bbox 1141 813 1432 872; x_wconf 82' lang='grc' dir='ltr'><em>περιγεγονότες</em></span> <span class='ocrx_word' id='word_1_76' title='bbox 1460 815 1607 866; x_wconf 78' lang='grc' dir='ltr'><em>αὐτοῦ’,</em></span> <span class='ocrx_word' id='word_1_77' title='bbox 1643 815 1684 865; x_wconf 74' lang='grc' dir='ltr'><em>ἐς</em></span> <span class='ocrx_word' id='word_1_78' title='bbox 1700 814 1746 856; x_wconf 83' lang='grc' dir='ltr'><em>τὸ</em></span> 
     </span>
    </p>

    <p class='ocr_par' dir='ltr' id='par_1_4' title="bbox 197 882 1803 1009">
     <span class='ocr_line' id='line_1_10' title="bbox 197 882 1746 941; baseline -0.002 -14"><span class='ocrx_word' id='word_1_79' title='bbox 197 899 229 933; x_wconf 83' lang='lat' dir='ltr'><strong>v</strong></span> <span class='ocrx_word' id='word_1_80' title='bbox 254 899 275 933; x_wconf 82' lang='grc'>8</span> <span class='ocrx_word' id='word_1_81' title='bbox 298 882 610 941; x_wconf 79' lang='grc' dir='ltr'><em>Μουντάφαρας</em></span> <span class='ocrx_word' id='word_1_82' title='bbox 627 882 821 941; x_wconf 78' lang='grc' dir='ltr'><em>φρούριον</em></span> <span class='ocrx_word' id='word_1_83' title='bbox 844 884 1107 931; x_wconf 70' lang='grc' dir='ltr'><em>ἀνασωθέντα</em></span> <span class='ocrx_word' id='word_1_84' title='bbox 1125 882 1394 940; x_wconf 74' lang='grc' dir='ltr'><em>ἐπολιόρκουν.</em></span> <span class='ocrx_word' id='word_1_85' title='bbox 1461 883 1543 926; x_wconf 71' lang='grc' dir='ltr'><em>ἐπεὶ</em></span> <span class='ocrx_word' id='word_1_86' title='bbox 1564 884 1607 925; x_wconf 75' lang='grc' dir='ltr'><em>δὲ</em></span> <span class='ocrx_word' id='word_1_87' title='bbox 1624 887 1746 938; x_wconf 81' lang='grc' dir='ltr'><em>βασι-</em></span> 
     </span>
     <span class='ocr_line' id='line_1_11' title="bbox 292 950 1803 1009; baseline -0.003 -14"><span class='ocrx_word' id='word_1_88' title='bbox 292 953 382 1003; x_wconf 75' lang='grc' dir='ltr'><em>λεὺς</em></span> <span class='ocrx_word' id='word_1_89' title='bbox 400 951 644 1009; x_wconf 75' lang='grc' dir='ltr'><em>Ἀνάξαρβον</em></span> <span class='ocrx_word' id='word_1_90' title='bbox 676 951 755 1008; x_wconf 73' lang='grc' dir='ltr'><em>ἤδη</em></span> <span class='ocrx_word' id='word_1_91' title='bbox 778 950 1139 1009; x_wconf 78' lang='grc' dir='ltr'><em>παραστησάμενος</em></span> <span class='ocrx_word' id='word_1_92' title='bbox 1165 953 1228 992; x_wconf 73' lang='grc' dir='ltr'><em>ἐπὶ</em></span> <span class='ocrx_word' id='word_1_93' title='bbox 1248 951 1293 994; x_wconf 84' lang='grc' dir='ltr'><em>τὸ</em></span> <span class='ocrx_word' id='word_1_94' title='bbox 1325 955 1447 994; x_wconf 80' lang='grc' dir='ltr'><em>Βακᾶ</em></span> <span class='ocrx_word' id='word_1_95' title='bbox 1462 950 1602 1008; x_wconf 73' lang='grc' dir='ltr'><em>ἐχώρει</em></span> <span class='ocrx_word' id='word_1_96' title='bbox 1620 966 1745 1008; x_wconf 82' lang='grc' dir='ltr'><em>κρησ-</em></span> <span class='ocrx_word' id='word_1_97' title='bbox 1759 957 1803 992; x_wconf 85' lang='grc'><em>10</em></span> 
     </span>
    </p>

    <p class='ocr_par' dir='ltr' id='par_1_5' title="bbox 178 1018 1807 1758">
     <span class='ocr_line' id='line_1_12' title="bbox 178 1018 1788 1079; baseline -0.002 -16"><span class='ocrx_word' id='word_1_98' title='bbox 178 1036 205 1069; x_wconf 85' lang='grc' dir='ltr'>Ρ</span> <span class='ocrx_word' id='word_1_99' title='bbox 232 1036 276 1070; x_wconf 83' lang='lat'><em>10</em></span> <span class='ocrx_word' id='word_1_100' title='bbox 298 1019 467 1079; x_wconf 66' lang='grc' dir='ltr'><em>φύγετον</em></span> <span class='ocrx_word' id='word_1_101' title='bbox 480 1052 494 1072; x_wconf 90' lang='lat'><em>‚</em></span> <span class='ocrx_word' id='word_1_102' title='bbox 529 1022 726 1071; x_wconf 80' lang='grc' dir='ltr'><em>δείσαντες</em></span> <span class='ocrx_word' id='word_1_103' title='bbox 757 1023 847 1078; x_wconf 77' lang='grc' dir='ltr'><em>περὶ</em></span> <span class='ocrx_word' id='word_1_104' title='bbox 866 1025 917 1076; x_wconf 81' lang='grc' dir='ltr'><em>τῇ</em></span> <span class='ocrx_word' id='word_1_105' title='bbox 927 1019 1130 1074; x_wconf 83' lang='grc' dir='ltr'><em>Ἀντιόχου</em></span> <span class='ocrx_word' id='word_1_106' title='bbox 1151 1021 1308 1075; x_wconf 76' lang='grc' dir='ltr'><em>σπουδῇ</em></span> <span class='ocrx_word' id='word_1_107' title='bbox 1329 1022 1396 1061; x_wconf 83' lang='grc' dir='ltr'><em>καὶ</em></span> <span class='ocrx_word' id='word_1_108' title='bbox 1424 1018 1543 1061; x_wconf 79' lang='grc' dir='ltr'><em>πάλιν</em></span> <span class='ocrx_word' id='word_1_109' title='bbox 1561 1020 1626 1061; x_wconf 69' lang='grc' dir='ltr'><em>ἐπ’</em></span> <span class='ocrx_word' id='word_1_110' title='bbox 1649 1020 1748 1061; x_wconf 71' lang='grc' dir='ltr'><em>ἕκεί-</em></span> <span class='ocrx_word' id='word_1_111' title='bbox 1783 1061 1788 1066; x_wconf 68' lang='grc'><strong><em>,</em></strong></span> 
     </span>
     <span class='ocr_line' id='line_1_13' title="bbox 292 1085 1749 1147; baseline -0.002 -16"><span class='ocrx_word' id='word_1_112' title='bbox 292 1107 364 1144; x_wconf 89' lang='grc' dir='ltr'><em>νην</em></span> <span class='ocrx_word' id='word_1_113' title='bbox 383 1089 519 1146; x_wconf 82' lang='grc' dir='ltr'><em>ᾔεσαν.</em></span> <span class='ocrx_word' id='word_1_114' title='bbox 586 1090 627 1130; x_wconf 75' lang='grc' dir='ltr'><em>ἓν</em></span> <span class='ocrx_word' id='word_1_115' title='bbox 646 1087 775 1147; x_wconf 80' lang='grc' dir='ltr'><em>τούτῳ</em></span> <span class='ocrx_word' id='word_1_116' title='bbox 798 1090 841 1130; x_wconf 78' lang='grc' dir='ltr'><em>δὲ</em></span> <span class='ocrx_word' id='word_1_117' title='bbox 861 1090 928 1130; x_wconf 84' lang='grc' dir='ltr'><em>καὶ</em></span> <span class='ocrx_word' id='word_1_118' title='bbox 949 1087 970 1130; x_wconf 83' lang='grc' dir='ltr'><em>ὃ</em></span> <span class='ocrx_word' id='word_1_119' title='bbox 986 1087 1194 1142; x_wconf 84' lang='grc' dir='ltr'><em>Ῥωμαίων</em></span> <span class='ocrx_word' id='word_1_120' title='bbox 1209 1088 1380 1144; x_wconf 83' lang='grc' dir='ltr'><em>στρατὸς</em></span> <span class='ocrx_word' id='word_1_121' title='bbox 1395 1087 1467 1142; x_wconf 80' lang='grc' dir='ltr'><em>τὴν</em></span> <span class='ocrx_word' id='word_1_122' title='bbox 1485 1090 1607 1129; x_wconf 83' lang='grc' dir='ltr'><em>Βακᾶ</em></span> <span class='ocrx_word' id='word_1_123' title='bbox 1624 1085 1749 1144; x_wconf 76' lang='grc' dir='ltr'><em>ὕπερ-</em></span> 
     </span>
     <span class='ocr_line' id='line_1_14' title="bbox 291 1154 1756 1213; baseline -0.003 -13"><span class='ocrx_word' id='word_1_124' title='bbox 291 1159 460 1211; x_wconf 77' lang='grc' dir='ltr'><em>θ·ε’,ιιενος</em></span> <span class='ocrx_word' id='word_1_125' title='bbox 491 1158 722 1213; x_wconf 81' lang='grc' dir='ltr'><em>πολιορκίαν</em></span> <span class='ocrx_word' id='word_1_126' title='bbox 746 1158 836 1213; x_wconf 83' lang='grc' dir='ltr'><em>περὶ</em></span> <span class='ocrx_word' id='word_1_127' title='bbox 867 1156 1050 1210; x_wconf 81' lang='grc' dir='ltr'><em>ποταμὸν</em></span> <span class='ocrx_word' id='word_1_128' title='bbox 1074 1155 1118 1209; x_wconf 80' lang='grc' dir='ltr'><em>ὃς</em></span> <span class='ocrx_word' id='word_1_129' title='bbox 1148 1156 1220 1210; x_wconf 86' lang='grc' dir='ltr'><em>τὴν</em></span> <span class='ocrx_word' id='word_1_130' title='bbox 1249 1154 1363 1198; x_wconf 88' lang='grc' dir='ltr'><em>πόλιν</em></span> <span class='ocrx_word' id='word_1_131' title='bbox 1395 1155 1531 1205; x_wconf 80' lang='grc' dir='ltr'><em>αὖτοῖς</em></span> <span class='ocrx_word' id='word_1_132' title='bbox 1552 1160 1756 1212; x_wconf 77' lang='grc' dir='ltr'><em>παραρρεῖ</em></span> 
     </span>
     <span class='ocr_line' id='line_1_15' title="bbox 293 1218 1750 1282; baseline -0.001 -15"><span class='ocrx_word' id='word_1_133' title='bbox 293 1226 360 1267; x_wconf 80' lang='grc' dir='ltr'><em>τὸν</em></span> <span class='ocrx_word' id='word_1_134' title='bbox 375 1223 537 1282; x_wconf 79' lang='grc' dir='ltr'><em>χάρακα</em></span> <span class='ocrx_word' id='word_1_135' title='bbox 555 1223 741 1279; x_wconf 69' lang='grc' dir='ltr'><em>ἐπήξατο.</em></span> <span class='ocrx_word' id='word_1_136' title='bbox 801 1224 1013 1279; x_wconf 82' lang='grc' dir='ltr'><em>Ἀντιοχεῖς</em></span> <span class='ocrx_word' id='word_1_137' title='bbox 1034 1226 1077 1267; x_wconf 64' lang='lat' dir='ltr'>de*</span> <span class='ocrx_word' id='word_1_138' title='bbox 1093 1225 1137 1266; x_wconf 83' lang='grc' dir='ltr'><em>τὸ</em></span> <span class='ocrx_word' id='word_1_139' title='bbox 1156 1225 1229 1278; x_wconf 70' lang='grc' dir='ltr'><em>μὲν</em></span> <span class='ocrx_word' id='word_1_140' title='bbox 1257 1228 1416 1281; x_wconf 81' lang='grc' dir='ltr'><em>πρῶτον</em></span> <span class='ocrx_word' id='word_1_141' title='bbox 1443 1223 1625 1280; x_wconf 76' lang='grc' dir='ltr'><em>ἄτρεστοι</em></span> <span class='ocrx_word' id='word_1_142' title='bbox 1646 1218 1750 1278; x_wconf 76' lang='grc' dir='ltr'><em>ἦσαν</em></span> 
     </span>
     <span class='ocr_line' id='line_1_16' title="bbox 294 1290 1804 1351; baseline -0.003 -15"><span class='ocrx_word' id='word_1_143' title='bbox 294 1294 450 1347; x_wconf 80' lang='grc' dir='ltr'><em>τειχέων</em></span> <span class='ocrx_word' id='word_1_144' title='bbox 472 1311 513 1335; x_wconf 87' lang='grc' dir='ltr'><em>τε</em></span> <span class='ocrx_word' id='word_1_145' title='bbox 535 1291 793 1350; x_wconf 83' lang='grc' dir='ltr'><em>καρτερότητι</em></span> <span class='ocrx_word' id='word_1_146' title='bbox 814 1294 882 1334; x_wconf 81' lang='grc' dir='ltr'><em>καὶ</em></span> <span class='ocrx_word' id='word_1_147' title='bbox 901 1298 950 1350; x_wconf 81' lang='grc' dir='ltr'><em>τῇ</em></span> <span class='ocrx_word' id='word_1_148' title='bbox 973 1292 1074 1349; x_wconf 77' lang='grc' dir='ltr'><em>ἄλλῃ</em></span> <span class='ocrx_word' id='word_1_149' title='bbox 1093 1293 1294 1351; x_wconf 64' lang='grc' dir='ltr'><em>ἀσφαλείᾳ</em></span> <span class='ocrx_word' id='word_1_150' title='bbox 1322 1290 1583 1342; x_wconf 75' lang='grc' dir='ltr'><em>πιστεύοντες.</em></span> <span class='ocrx_word' id='word_1_151' title='bbox 1651 1290 1748 1334; x_wconf 71' lang='grc' dir='ltr'><em>ὅθεν</em></span> <span class='ocrx_word' id='word_1_152' title='bbox 1760 1296 1804 1333; x_wconf 84' lang='grc'><em>15</em></span> 
     </span>
     <span class='ocr_line' id='line_1_17' title="bbox 295 1360 1751 1418; baseline -0.001 -15"><span class='ocrx_word' id='word_1_153' title='bbox 295 1365 359 1403; x_wconf 83' lang='grc' dir='ltr'><em>καὶ</em></span> <span class='ocrx_word' id='word_1_154' title='bbox 383 1360 517 1415; x_wconf 71' lang='grc' dir='ltr'><em>ἐπειδή</em></span> <span class='ocrx_word' id='word_1_155' title='bbox 534 1377 628 1403; x_wconf 87' lang='grc' dir='ltr'><em>ποτε</em></span> <span class='ocrx_word' id='word_1_156' title='bbox 651 1365 724 1416; x_wconf 85' lang='grc' dir='ltr'><em>τῆς</em></span> <span class='ocrx_word' id='word_1_157' title='bbox 741 1362 972 1418; x_wconf 88' lang='grc' dir='ltr'><em>πολιορκίας</em></span> <span class='ocrx_word' id='word_1_158' title='bbox 994 1361 1066 1418; x_wconf 66' lang='grc' dir='ltr'><em>ἐφ’</em></span> <span class='ocrx_word' id='word_1_159' title='bbox 1093 1360 1227 1402; x_wconf 73' lang='grc' dir='ltr'><em>ἱκανὸν</em></span> <span class='ocrx_word' id='word_1_160' title='bbox 1248 1361 1584 1417; x_wconf 77' lang='grc' dir='ltr'><em>παρατεινομένης</em></span> <span class='ocrx_word' id='word_1_161' title='bbox 1608 1363 1690 1402; x_wconf 78' lang='grc' dir='ltr'><em>τῶν</em></span> <span class='ocrx_word' id='word_1_162' title='bbox 1709 1360 1751 1401; x_wconf 77' lang='grc' dir='ltr'><em>ἔκ</em></span> 
     </span>
     <span class='ocr_line' id='line_1_18' title="bbox 293 1426 1750 1486; baseline -0.003 -14"><span class='ocrx_word' id='word_1_163' title='bbox 293 1428 513 1485; x_wconf 82' lang='grc' dir='ltr'><em>καταλόγου</em></span> <span class='ocrx_word' id='word_1_164' title='bbox 537 1429 660 1481; x_wconf 76' lang='grc' dir='ltr'><em>τινές,</em></span> <span class='ocrx_word' id='word_1_165' title='bbox 695 1427 814 1471; x_wconf 80' lang='grc' dir='ltr'><em>ὁποῖα</em></span> <span class='ocrx_word' id='word_1_166' title='bbox 842 1430 883 1471; x_wconf 74' lang='grc' dir='ltr'><em>ἐν</em></span> <span class='ocrx_word' id='word_1_167' title='bbox 910 1432 1047 1486; x_wconf 78' lang='grc' dir='ltr'><em>πολλῷ</em></span> <span class='ocrx_word' id='word_1_168' title='bbox 1080 1426 1350 1485; x_wconf 78' lang='grc' dir='ltr'><em>στρατεύματι</em></span> <span class='ocrx_word' id='word_1_169' title='bbox 1376 1430 1559 1484; x_wconf 70' lang='grc' dir='ltr'><em>γίνεσθαι</em></span> <span class='ocrx_word' id='word_1_170' title='bbox 1594 1427 1750 1479; x_wconf 72' lang='grc' dir='ltr'><em>εἴωθεν,</em></span> 
     </span>
     <span class='ocr_line' id='line_1_19' title="bbox 293 1495 1752 1554; baseline -0.002 -14"><span class='ocrx_word' id='word_1_171' title='bbox 293 1499 333 1547; x_wconf 65' lang='grc' dir='ltr'><em>ἐς</em></span> <span class='ocrx_word' id='word_1_172' title='bbox 354 1499 447 1546; x_wconf 79' lang='grc' dir='ltr'><em>τοὺς</em></span> <span class='ocrx_word' id='word_1_173' title='bbox 476 1497 553 1554; x_wconf 85' lang='grc' dir='ltr'><em>πρὸ</em></span> <span class='ocrx_word' id='word_1_174' title='bbox 582 1501 654 1551; x_wconf 83' lang='grc' dir='ltr'><em>τῆς</em></span> <span class='ocrx_word' id='word_1_175' title='bbox 678 1496 832 1547; x_wconf 86' lang='grc' dir='ltr'><em>πόλεως</em></span> <span class='ocrx_word' id='word_1_176' title='bbox 852 1495 1116 1554; x_wconf 76' lang='grc' dir='ltr'><em>ἐκδραμόντες</em></span> <span class='ocrx_word' id='word_1_177' title='bbox 1140 1495 1292 1552; x_wconf 81' lang='grc' dir='ltr'><em>κήπους</em></span> <span class='ocrx_word' id='word_1_178' title='bbox 1310 1498 1520 1553; x_wconf 72' lang='grc' dir='ltr'><em>ε’δρέποντο</em></span> <span class='ocrx_word' id='word_1_179' title='bbox 1539 1499 1621 1539; x_wconf 80' lang='grc' dir='ltr'><em>τῶν</em></span> <span class='ocrx_word' id='word_1_180' title='bbox 1640 1496 1752 1538; x_wconf 83' lang='grc' dir='ltr'><em>ὄπω-</em></span> 
     </span>
     <span class='ocr_line' id='line_1_20' title="bbox 293 1564 1751 1622; baseline 0 -16"><span class='ocrx_word' id='word_1_181' title='bbox 293 1570 374 1622; x_wconf 79' lang='grc' dir='ltr'><em>ριῦν</em></span> <span class='ocrx_word' id='word_1_182' title='bbox 388 1597 400 1616; x_wconf 84' lang='grc'>,</span> <span class='ocrx_word' id='word_1_183' title='bbox 438 1566 630 1622; x_wconf 73' lang='grc' dir='ltr'><em>αἷφνίὸιοι</em></span> <span class='ocrx_word' id='word_1_184' title='bbox 652 1565 746 1607; x_wconf 70' lang='grc' dir='ltr'><em>κατ’</em></span> <span class='ocrx_word' id='word_1_185' title='bbox 776 1565 908 1608; x_wconf 74' lang='grc' dir='ltr'><em>αὐτῶν</em></span> <span class='ocrx_word' id='word_1_186' title='bbox 928 1564 1189 1614; x_wconf 70' lang='grc' dir='ltr'><em>ἐπελάσαντες</em></span> <span class='ocrx_word' id='word_1_187' title='bbox 1207 1565 1380 1614; x_wconf 75' lang='grc' dir='ltr'><em>πολλοὺς</em></span> <span class='ocrx_word' id='word_1_188' title='bbox 1399 1564 1585 1606; x_wconf 65' lang='grc' dir='ltr'><em>ἔκτειναν.</em></span> <span class='ocrx_word' id='word_1_189' title='bbox 1653 1579 1751 1606; x_wconf 86' lang='grc' dir='ltr'><em>συν-</em></span> 
     </span>
     <span class='ocr_line' id='line_1_21' title="bbox 294 1631 1807 1689; baseline -0.001 -14"><span class='ocrx_word' id='word_1_190' title='bbox 294 1631 522 1687; x_wconf 68' lang='grc' dir='ltr'><em>αισθήσεως</em></span> <span class='ocrx_word' id='word_1_191' title='bbox 550 1634 594 1675; x_wconf 73' lang='grc' dir='ltr'><em>δὲ</em></span> <span class='ocrx_word' id='word_1_192' title='bbox 635 1633 845 1689; x_wconf 77' lang='grc' dir='ltr'><em>γενομένης</em></span> <span class='ocrx_word' id='word_1_193' title='bbox 875 1635 943 1675; x_wconf 86' lang='grc' dir='ltr'><em>καὶ</em></span> <span class='ocrx_word' id='word_1_194' title='bbox 979 1637 1059 1676; x_wconf 84' lang='grc' dir='ltr'><em>τῶν</em></span> <span class='ocrx_word' id='word_1_195' title='bbox 1082 1631 1291 1686; x_wconf 85' lang='grc' dir='ltr'><em>Ῥωμαίων</em></span> <span class='ocrx_word' id='word_1_196' title='bbox 1320 1637 1575 1689; x_wconf 79' lang='grc' dir='ltr'><em>στρατιωτῶν</em></span> <span class='ocrx_word' id='word_1_197' title='bbox 1593 1634 1807 1687; x_wconf 57' lang='grc' dir='ltr'><em>σπουὸᾔὸο</em></span> 
     </span>
     <span class='ocr_line' id='line_1_22' title="bbox 295 1699 1751 1758; baseline -0.002 -15"><span class='ocrx_word' id='word_1_198' title='bbox 295 1699 629 1756; x_wconf 75' lang='grc' dir='ltr'><em>βεβοηθηκότων,</em></span> <span class='ocrx_word' id='word_1_199' title='bbox 664 1708 753 1751; x_wconf 80' lang='grc' dir='ltr'><em>ταῖς</em></span> <span class='ocrx_word' id='word_1_200' title='bbox 769 1700 914 1751; x_wconf 82' lang='grc' dir='ltr'><em>πύλαις</em></span> <span class='ocrx_word' id='word_1_201' title='bbox 931 1702 1110 1744; x_wconf 76' lang='grc' dir='ltr'><em>ἐνέπεσον</em></span> <span class='ocrx_word' id='word_1_202' title='bbox 1126 1699 1336 1758; x_wconf 76' lang='grc' dir='ltr'><em>φεύγοντες</em></span> <span class='ocrx_word' id='word_1_203' title='bbox 1358 1701 1531 1750; x_wconf 75' lang='grc' dir='ltr'><em>πολλοὺς</em></span> <span class='ocrx_word' id='word_1_204' title='bbox 1551 1704 1630 1741; x_wconf 84' lang='grc' dir='ltr'><em>τῶν</em></span> <span class='ocrx_word' id='word_1_205' title='bbox 1651 1715 1751 1756; x_wconf 81' lang='grc' dir='ltr'><em>σφε-</em></span> 
     </span>
    </p>

    <p class='ocr_par' dir='ltr' id='par_1_6' title="bbox 247 1766 1753 1892">
     <span class='ocr_line' id='line_1_23' title="bbox 247 1766 1753 1827; baseline -0.004 -13"><span class='ocrx_word' id='word_1_206' title='bbox 247 1781 276 1814; x_wconf 90' lang='grc' dir='ltr'>Β</span> <span class='ocrx_word' id='word_1_207' title='bbox 299 1771 421 1826; x_wconf 72' lang='grc' dir='ltr'><em>τέρων</em></span> <span class='ocrx_word' id='word_1_208' title='bbox 439 1770 481 1811; x_wconf 74' lang='grc' dir='ltr'><em>ἔν</em></span> <span class='ocrx_word' id='word_1_209' title='bbox 503 1773 562 1827; x_wconf 75' lang='grc' dir='ltr'><em>τῷ</em></span> <span class='ocrx_word' id='word_1_210' title='bbox 591 1767 746 1826; x_wconf 82' lang='grc' dir='ltr'><em>φεύγειν</em></span> <span class='ocrx_word' id='word_1_211' title='bbox 765 1767 1048 1822; x_wconf 80' lang='grc' dir='ltr'><em>ἀποβαλόντες.</em></span> <span class='ocrx_word' id='word_1_212' title='bbox 1104 1769 1198 1816; x_wconf 74' lang='grc' dir='ltr'><em>ιἐπεὶ</em></span> <span class='ocrx_word' id='word_1_213' title='bbox 1221 1768 1264 1810; x_wconf 77' lang='grc' dir='ltr'><em>δὲ</em></span> <span class='ocrx_word' id='word_1_214' title='bbox 1274 1766 1464 1821; x_wconf 77' lang='grc' dir='ltr'><em>Ῥωμαῖοι</em></span> <span class='ocrx_word' id='word_1_215' title='bbox 1496 1769 1753 1820; x_wconf 85' lang='grc' dir='ltr'><em>τειχομαχίας</em></span> 
     </span>
     <span class='ocr_line' id='line_1_24' title="bbox 295 1834 1751 1892; baseline -0.001 -14"><span class='ocrx_word' id='word_1_216' title='bbox 295 1837 373 1891; x_wconf 71' lang='grc' dir='ltr'><em>ἤδη</em></span> <span class='ocrx_word' id='word_1_217' title='bbox 395 1837 565 1890; x_wconf 75' lang='grc' dir='ltr'><em>ἣπτοντο</em></span> <span class='ocrx_word' id='word_1_218' title='bbox 578 1868 592 1888; x_wconf 89' lang='lat'><em>‚</em></span> <span class='ocrx_word' id='word_1_219' title='bbox 627 1838 682 1885; x_wconf 80' lang='grc' dir='ltr'><em>εἷς</em></span> <span class='ocrx_word' id='word_1_220' title='bbox 699 1834 850 1890; x_wconf 82' lang='grc' dir='ltr'><em>πολλήν</em></span> <span class='ocrx_word' id='word_1_221' title='bbox 870 1853 959 1878; x_wconf 87' lang='grc' dir='ltr'><em>τινα</em></span> <span class='ocrx_word' id='word_1_222' title='bbox 989 1837 1169 1878; x_wconf 70' lang='grc' dir='ltr'><em>ἐνέπεσον</em></span> <span class='ocrx_word' id='word_1_223' title='bbox 1187 1835 1400 1892; x_wconf 81' lang='grc' dir='ltr'><em>ὀρρωδίαν.</em></span> <span class='ocrx_word' id='word_1_224' title='bbox 1468 1834 1565 1877; x_wconf 71' lang='grc' dir='ltr'><em>ὅθεν</em></span> <span class='ocrx_word' id='word_1_225' title='bbox 1588 1836 1654 1877; x_wconf 85' lang='grc' dir='ltr'><em>καὶ</em></span> <span class='ocrx_word' id='word_1_226' title='bbox 1678 1851 1751 1877; x_wconf 86' lang='grc' dir='ltr'><em>συ-</em></span> 
     </span>
    </p>
   </div>
   <div class='ocr_carea' id='block_1_3' title="bbox 388 1962 1343 2010">
    <p class='ocr_par' dir='ltr' id='par_1_7' title="bbox 388 1962 1343 2010">
     <span class='ocr_line' id='line_1_25' title="bbox 388 1962 1343 2010; baseline -0.002 -9"><span class='ocrx_word' id='word_1_227' title='bbox 388 1967 422 2001; x_wconf 84' lang='grc'><em>9.</em></span> <span class='ocrx_word' id='word_1_228' title='bbox 444 1963 488 2001; x_wconf 81' lang='grc' dir='ltr'><em>τὸ</em></span> <span class='ocrx_word' id='word_1_229' title='bbox 512 1962 818 2010; x_wconf 81' lang='grc' dir='ltr'><em>Μουντοὶφαρας]</em></span> <span class='ocrx_word' id='word_1_230' title='bbox 845 1964 977 2000; x_wconf 80' lang='lat' dir='ltr'>Tollius</span> <span class='ocrx_word' id='word_1_231' title='bbox 996 1964 1045 2000; x_wconf 82' lang='grc' dir='ltr'><em>τὰ</em></span> <span class='ocrx_word' id='word_1_232' title='bbox 1069 1962 1343 2010; x_wconf 78' lang='grc' dir='ltr'><em>Μουντᾶφαρα.</em></span> 
     </span>
    </p>
   </div>
   <div class='ocr_carea' id='block_1_4' title="bbox 300 2073 1756 2895">
    <p class='ocr_par' dir='ltr' id='par_1_8' title="bbox 300 2073 1753 2169">
     <span class='ocr_line' id='line_1_26' title="bbox 300 2073 1753 2124; baseline -0.001 -11"><span class='ocrx_word' id='word_1_233' title='bbox 300 2078 501 2114; x_wconf 76' lang='lat' dir='ltr'>confectis.“</span> <span class='ocrx_word' id='word_1_234' title='bbox 544 2077 635 2123; x_wconf 89' lang='lat' dir='ltr'>quod</span> <span class='ocrx_word' id='word_1_235' title='bbox 657 2077 715 2112; x_wconf 89' lang='lat' dir='ltr'><em>ubi</em></span> <span class='ocrx_word' id='word_1_236' title='bbox 738 2079 878 2121; x_wconf 82' lang='lat' dir='ltr'>sactum,</span> <span class='ocrx_word' id='word_1_237' title='bbox 902 2077 945 2113; x_wconf 86' lang='lat' dir='ltr'><em>ad</em></span> <span class='ocrx_word' id='word_1_238' title='bbox 968 2078 1178 2123; x_wconf 74' lang='lat' dir='ltr'>frequentem</span> <span class='ocrx_word' id='word_1_239' title='bbox 1197 2077 1428 2124; x_wconf 86' lang='lat' dir='ltr'>depellendam</span> <span class='ocrx_word' id='word_1_240' title='bbox 1443 2076 1510 2112; x_wconf 88' lang='lat' dir='ltr'><em>vim</em></span> <span class='ocrx_word' id='word_1_241' title='bbox 1533 2087 1599 2112; x_wconf 82' lang='lat' dir='ltr'>non</span> <span class='ocrx_word' id='word_1_242' title='bbox 1612 2073 1753 2123; x_wconf 70' lang='lat' dir='ltr'>&#39;amplius</span> 
     </span>
     <span class='ocr_line' id='line_1_27' title="bbox 300 2123 1437 2169; baseline -0.001 -11"><span class='ocrx_word' id='word_1_243' title='bbox 300 2124 409 2158; x_wconf 88' lang='lat' dir='ltr'>idonei</span> <span class='ocrx_word' id='word_1_244' title='bbox 425 2123 604 2169; x_wconf 73' lang='lat' dir='ltr'>oppidani,</span> <span class='ocrx_word' id='word_1_245' title='bbox 628 2123 735 2168; x_wconf 80' lang='lat' dir='ltr'>portis</span> <span class='ocrx_word' id='word_1_246' title='bbox 758 2125 886 2169; x_wconf 82' lang='lat' dir='ltr'>apertis</span> <span class='ocrx_word' id='word_1_247' title='bbox 901 2124 1012 2169; x_wconf 84' lang='lat' dir='ltr'>copias</span> <span class='ocrx_word' id='word_1_248' title='bbox 1029 2124 1252 2159; x_wconf 86' lang='lat' dir='ltr'>Romanorum</span> <span class='ocrx_word' id='word_1_249' title='bbox 1266 2135 1437 2169; x_wconf 84' lang='lat' dir='ltr'>recepere.</span> 
     </span>
    </p>

    <p class='ocr_par' dir='ltr' id='par_1_9' title="bbox 302 2167 1756 2895">
     <span class='ocr_line' id='line_1_28' title="bbox 392 2167 1753 2205; baseline -0.003 -1"><span class='ocrx_word' id='word_1_250' title='bbox 392 2170 425 2204; x_wconf 86' lang='lat'><em>8.</em></span> <span class='ocrx_word' id='word_1_251' title='bbox 472 2168 531 2203; x_wconf 85' lang='lat' dir='ltr'><em>Sic</em></span> <span class='ocrx_word' id='word_1_252' title='bbox 544 2169 578 2202; x_wconf 89' lang='lat' dir='ltr'><em>in</em></span> <span class='ocrx_word' id='word_1_253' title='bbox 603 2169 826 2203; x_wconf 87' lang='lat' dir='ltr'>Romanorum</span> <span class='ocrx_word' id='word_1_254' title='bbox 840 2170 891 2204; x_wconf 85' lang='lat' dir='ltr'><em>ius</em></span> <span class='ocrx_word' id='word_1_255' title='bbox 910 2170 1073 2203; x_wconf 87' lang='lat' dir='ltr'>concessit</span> <span class='ocrx_word' id='word_1_256' title='bbox 1087 2171 1292 2205; x_wconf 81' lang='lat' dir='ltr'><strong>Anazarbus.</strong></span> <span class='ocrx_word' id='word_1_257' title='bbox 1338 2167 1542 2204; x_wconf 66' lang='lat' dir='ltr'>unimundus</span> <span class='ocrx_word' id='word_1_258' title='bbox 1562 2167 1694 2201; x_wconf 88' lang='lat' dir='ltr'>interea</span> <span class='ocrx_word' id='word_1_259' title='bbox 1716 2171 1753 2201; x_wconf 90' lang='lat' dir='ltr'><em>et</em></span> 
     </span>
     <span class='ocr_line' id='line_1_29' title="bbox 302 2213 1752 2261; baseline -0.001 -14"><span class='ocrx_word' id='word_1_260' title='bbox 302 2214 505 2256; x_wconf 68' lang='lat' dir='ltr'>Balduinm,</span> <span class='ocrx_word' id='word_1_261' title='bbox 537 2214 659 2260; x_wconf 87' lang='lat' dir='ltr'>quiea</span> <span class='ocrx_word' id='word_1_262' title='bbox 684 2219 885 2259; x_wconf 79' lang='lat' dir='ltr'><strong>tempestate</strong></span> <span class='ocrx_word' id='word_1_263' title='bbox 914 2215 1080 2249; x_wconf 84' lang='lat' dir='ltr'>Maresiae</span> <span class='ocrx_word' id='word_1_264' title='bbox 1101 2221 1278 2261; x_wconf 80' lang='lat' dir='ltr'><strong>praeerat,</strong></span> <span class='ocrx_word' id='word_1_265' title='bbox 1310 2226 1383 2249; x_wconf 88' lang='lat' dir='ltr'><em>cum</em></span> <span class='ocrx_word' id='word_1_266' title='bbox 1415 2213 1558 2248; x_wconf 85' lang='lat' dir='ltr'>nondum</span> <span class='ocrx_word' id='word_1_267' title='bbox 1591 2223 1752 2258; x_wconf 77' lang='lat' dir='ltr'>praesens</span> 
     </span>
     <span class='ocr_line' id='line_1_30' title="bbox 302 2258 1753 2306; baseline -0.002 -12"><span class='ocrx_word' id='word_1_268' title='bbox 302 2260 435 2294; x_wconf 81' lang='lat' dir='ltr'>adesset</span> <span class='ocrx_word' id='word_1_269' title='bbox 458 2260 652 2301; x_wconf 78' lang='lat' dir='ltr'>discrimen,</span> <span class='ocrx_word' id='word_1_270' title='bbox 676 2271 750 2293; x_wconf 91' lang='lat' dir='ltr'><em>cum</em></span> <span class='ocrx_word' id='word_1_271' title='bbox 774 2260 924 2294; x_wconf 84' lang='lat' dir='ltr'>exercitu</span> <span class='ocrx_word' id='word_1_272' title='bbox 941 2272 1086 2306; x_wconf 87' lang='lat' dir='ltr'>propero</span> <span class='ocrx_word' id='word_1_273' title='bbox 1100 2261 1221 2294; x_wconf 87' lang='lat' dir='ltr'>itinere</span> <span class='ocrx_word' id='word_1_274' title='bbox 1245 2261 1280 2294; x_wconf 91' lang='lat' dir='ltr'><em>in</em></span> <span class='ocrx_word' id='word_1_275' title='bbox 1300 2258 1522 2294; x_wconf 75' lang='lat' dir='ltr'>Palaestinam</span> <span class='ocrx_word' id='word_1_276' title='bbox 1537 2258 1753 2300; x_wconf 73' lang='lat' dir='ltr'>contendunt,</span> 
     </span>
     <span class='ocr_line' id='line_1_31' title="bbox 303 2303 1752 2350; baseline -0.001 -11"><span class='ocrx_word' id='word_1_277' title='bbox 303 2316 370 2350; x_wconf 90' lang='lat' dir='ltr'>quo</span> <span class='ocrx_word' id='word_1_278' title='bbox 385 2304 480 2349; x_wconf 85' lang='lat' dir='ltr'>regi,</span> <span class='ocrx_word' id='word_1_279' title='bbox 502 2304 559 2349; x_wconf 84' lang='lat' dir='ltr'>qui</span> <span class='ocrx_word' id='word_1_280' title='bbox 572 2304 647 2339; x_wconf 86' lang='lat' dir='ltr'>istic</span> <span class='ocrx_word' id='word_1_281' title='bbox 668 2304 939 2349; x_wconf 79' lang='lat' dir='ltr'>periclitabatur,</span> <span class='ocrx_word' id='word_1_282' title='bbox 961 2307 1188 2340; x_wconf 79' lang='lat' dir='ltr'>subvenirent.</span> <span class='ocrx_word' id='word_1_283' title='bbox 1233 2306 1320 2339; x_wconf 86' lang='lat' dir='ltr'>hunc</span> <span class='ocrx_word' id='word_1_284' title='bbox 1340 2304 1424 2338; x_wconf 83' lang='lat' dir='ltr'>enim</span> <span class='ocrx_word' id='word_1_285' title='bbox 1445 2303 1608 2338; x_wconf 78' lang='lat' dir='ltr'>Saraceni</span> <span class='ocrx_word' id='word_1_286' title='bbox 1628 2303 1752 2342; x_wconf 60' lang='lat' dir='ltr'>Palaee</span> 
     </span>
     <span class='ocr_line' id='line_1_32' title="bbox 303 2349 1754 2394; baseline -0.001 -10"><span class='ocrx_word' id='word_1_287' title='bbox 303 2350 400 2385; x_wconf 83' lang='lat' dir='ltr'>stinis</span> <span class='ocrx_word' id='word_1_288' title='bbox 413 2349 629 2392; x_wconf 82' lang='lat' dir='ltr'>contermini,</span> <span class='ocrx_word' id='word_1_289' title='bbox 651 2350 780 2394; x_wconf 86' lang='lat' dir='ltr'>praelio</span> <span class='ocrx_word' id='word_1_290' title='bbox 801 2350 885 2384; x_wconf 78' lang='lat' dir='ltr'>sacti</span> <span class='ocrx_word' id='word_1_291' title='bbox 899 2351 1088 2394; x_wconf 80' lang='lat' dir='ltr'>superiores</span> <span class='ocrx_word' id='word_1_292' title='bbox 1102 2352 1137 2386; x_wconf 88' lang='lat' dir='ltr'><em>in</em></span> <span class='ocrx_word' id='word_1_293' title='bbox 1151 2351 1288 2385; x_wconf 81' lang='lat' dir='ltr'>castello</span> <span class='ocrx_word' id='word_1_294' title='bbox 1304 2349 1600 2392; x_wconf 75' lang='lat' dir='ltr'>montisferrandi,</span> <span class='ocrx_word' id='word_1_295' title='bbox 1623 2360 1690 2394; x_wconf 89' lang='lat' dir='ltr'>quo</span> <span class='ocrx_word' id='word_1_296' title='bbox 1715 2360 1754 2383; x_wconf 76' lang='lat' dir='ltr'>so</span> 
     </span>
     <span class='ocr_line' id='line_1_33' title="bbox 307 2394 1753 2448; baseline -0.001 -19"><span class='ocrx_word' id='word_1_297' title='bbox 307 2397 392 2440; x_wconf 83' lang='lat' dir='ltr'>fuga</span> <span class='ocrx_word' id='word_1_298' title='bbox 414 2395 619 2438; x_wconf 79' lang='lat' dir='ltr'>contulerat,</span> <span class='ocrx_word' id='word_1_299' title='bbox 643 2396 891 2448; x_wconf 79' lang='lat' dir='ltr'>oppugnabant.</span> <span class='ocrx_word' id='word_1_300' title='bbox 937 2396 1118 2440; x_wconf 88' lang='lat' dir='ltr'>imperator</span> <span class='ocrx_word' id='word_1_301' title='bbox 1131 2397 1306 2431; x_wconf 82' lang='lat' dir='ltr'>Anazarbo</span> <span class='ocrx_word' id='word_1_302' title='bbox 1321 2395 1448 2440; x_wconf 83' lang='lat' dir='ltr'>potitus</span> <span class='ocrx_word' id='word_1_303' title='bbox 1464 2395 1508 2429; x_wconf 91' lang='lat' dir='ltr'><em>ad</em></span> <span class='ocrx_word' id='word_1_304' title='bbox 1524 2399 1669 2429; x_wconf 74' lang='lat' dir='ltr'>castrum</span> <span class='ocrx_word' id='word_1_305' title='bbox 1682 2394 1753 2428; x_wconf 85' lang='lat' dir='ltr'><em>Ba-</em></span> 
     </span>
     <span class='ocr_line' id='line_1_34' title="bbox 307 2439 1754 2486; baseline -0.001 -11"><span class='ocrx_word' id='word_1_306' title='bbox 307 2452 380 2475; x_wconf 86' lang='lat' dir='ltr'><em>cam</em></span> <span class='ocrx_word' id='word_1_307' title='bbox 395 2440 629 2486; x_wconf 80' lang='lat' dir='ltr'>progreditur,</span> <span class='ocrx_word' id='word_1_308' title='bbox 651 2452 744 2475; x_wconf 73' lang='lat' dir='ltr'>cuius</span> <span class='ocrx_word' id='word_1_309' title='bbox 771 2440 977 2486; x_wconf 87' lang='lat' dir='ltr'>praesidiarii</span> <span class='ocrx_word' id='word_1_310' title='bbox 992 2442 1112 2476; x_wconf 77' lang='lat' dir='ltr'>milites</span> <span class='ocrx_word' id='word_1_311' title='bbox 1127 2441 1322 2476; x_wconf 80' lang='lat' dir='ltr'>Antiochiae</span> <span class='ocrx_word' id='word_1_312' title='bbox 1349 2445 1555 2482; x_wconf 79' lang='lat' dir='ltr'>metuentes,</span> <span class='ocrx_word' id='word_1_313' title='bbox 1581 2451 1621 2474; x_wconf 87' lang='lat' dir='ltr'><em>eo</em></span> <span class='ocrx_word' id='word_1_314' title='bbox 1636 2451 1675 2474; x_wconf 75' lang='lat' dir='ltr'>se</span> <span class='ocrx_word' id='word_1_315' title='bbox 1690 2439 1754 2473; x_wconf 84' lang='lat' dir='ltr'><em>de-</em></span> 
     </span>
     <span class='ocr_line' id='line_1_35' title="bbox 309 2484 1752 2532; baseline -0.001 -12"><span class='ocrx_word' id='word_1_316' title='bbox 309 2497 376 2520; x_wconf 90' lang='lat' dir='ltr'>nuo</span> <span class='ocrx_word' id='word_1_317' title='bbox 407 2492 618 2531; x_wconf 85' lang='lat' dir='ltr'>receperunt.</span> <span class='ocrx_word' id='word_1_318' title='bbox 674 2486 897 2520; x_wconf 83' lang='lat' dir='ltr'>Romanorum</span> <span class='ocrx_word' id='word_1_319' title='bbox 924 2486 1053 2520; x_wconf 81' lang='lat' dir='ltr'>interea</span> <span class='ocrx_word' id='word_1_320' title='bbox 1087 2487 1273 2529; x_wconf 78' lang='lat' dir='ltr'>exercitus,</span> <span class='ocrx_word' id='word_1_321' title='bbox 1306 2486 1495 2532; x_wconf 80' lang='lat' dir='ltr'>postposita</span> <span class='ocrx_word' id='word_1_322' title='bbox 1517 2486 1631 2519; x_wconf 86' lang='lat' dir='ltr'>Bacae</span> <span class='ocrx_word' id='word_1_323' title='bbox 1658 2484 1752 2519; x_wconf 75' lang='lat' dir='ltr'>obsi-</span> 
     </span>
     <span class='ocr_line' id='line_1_36' title="bbox 309 2529 1754 2576; baseline -0.001 -11"><span class='ocrx_word' id='word_1_324' title='bbox 309 2532 411 2565; x_wconf 82' lang='lat' dir='ltr'>dione</span> <span class='ocrx_word' id='word_1_325' title='bbox 423 2557 434 2573; x_wconf 92' lang='lat'>,</span> <span class='ocrx_word' id='word_1_326' title='bbox 456 2532 499 2567; x_wconf 81' lang='lat' dir='ltr'><em>ad</em></span> <span class='ocrx_word' id='word_1_327' title='bbox 513 2531 637 2566; x_wconf 85' lang='lat' dir='ltr'>flumen</span> <span class='ocrx_word' id='word_1_328' title='bbox 651 2532 741 2576; x_wconf 88' lang='lat' dir='ltr'>quod</span> <span class='ocrx_word' id='word_1_329' title='bbox 755 2532 869 2566; x_wconf 85' lang='lat' dir='ltr'>urbem</span> <span class='ocrx_word' id='word_1_330' title='bbox 884 2531 1050 2573; x_wconf 84' lang='lat' dir='ltr'>allambit,</span> <span class='ocrx_word' id='word_1_331' title='bbox 1074 2537 1186 2566; x_wconf 83' lang='lat' dir='ltr'>castra</span> <span class='ocrx_word' id='word_1_332' title='bbox 1200 2533 1298 2568; x_wconf 87' lang='lat' dir='ltr'>locat.</span> <span class='ocrx_word' id='word_1_333' title='bbox 1344 2530 1541 2566; x_wconf 79' lang='lat' dir='ltr'>Antiocheni</span> <span class='ocrx_word' id='word_1_334' title='bbox 1555 2530 1661 2575; x_wconf 87' lang='lat' dir='ltr'>primo</span> <span class='ocrx_word' id='word_1_335' title='bbox 1677 2529 1754 2574; x_wconf 88' lang='lat' dir='ltr'>qui-</span> 
     </span>
     <span class='ocr_line' id='line_1_37' title="bbox 310 2574 1752 2622; baseline -0.001 -12"><span class='ocrx_word' id='word_1_336' title='bbox 310 2577 386 2611; x_wconf 89' lang='lat' dir='ltr'><em>dem</em></span> <span class='ocrx_word' id='word_1_337' title='bbox 411 2588 597 2622; x_wconf 86' lang='lat' dir='ltr'>apparuere</span> <span class='ocrx_word' id='word_1_338' title='bbox 621 2577 793 2622; x_wconf 85' lang='lat' dir='ltr'>intrepidi,</span> <span class='ocrx_word' id='word_1_339' title='bbox 826 2588 992 2612; x_wconf 88' lang='lat' dir='ltr'>murorum</span> <span class='ocrx_word' id='word_1_340' title='bbox 1021 2577 1136 2612; x_wconf 88' lang='lat' dir='ltr'>robori</span> <span class='ocrx_word' id='word_1_341' title='bbox 1166 2578 1352 2622; x_wconf 85' lang='lat' dir='ltr'>ceterisque</span> <span class='ocrx_word' id='word_1_342' title='bbox 1377 2575 1494 2611; x_wconf 79' lang='lat' dir='ltr'>confisi</span> <span class='ocrx_word' id='word_1_343' title='bbox 1521 2574 1752 2610; x_wconf 78' lang='lat' dir='ltr'>munimentis:</span> 
     </span>
     <span class='ocr_line' id='line_1_38' title="bbox 310 2619 1753 2677; baseline -0.001 -22"><span class='ocrx_word' id='word_1_344' title='bbox 310 2622 401 2656; x_wconf 87' lang='lat' dir='ltr'>unde</span> <span class='ocrx_word' id='word_1_345' title='bbox 416 2627 588 2667; x_wconf 88' lang='lat' dir='ltr'>protracta</span> <span class='ocrx_word' id='word_1_346' title='bbox 611 2622 645 2656; x_wconf 85' lang='lat' dir='ltr'><em>in</em></span> <span class='ocrx_word' id='word_1_347' title='bbox 665 2622 798 2667; x_wconf 88' lang='lat' dir='ltr'>longum</span> <span class='ocrx_word' id='word_1_348' title='bbox 822 2628 950 2668; x_wconf 89' lang='lat' dir='ltr'>tempus</span> <span class='ocrx_word' id='word_1_349' title='bbox 971 2623 1160 2665; x_wconf 83' lang='lat' dir='ltr'>obsidione,</span> <span class='ocrx_word' id='word_1_350' title='bbox 1183 2623 1259 2658; x_wconf 88' lang='lat' dir='ltr'>dum</span> <span class='ocrx_word' id='word_1_351' title='bbox 1274 2622 1406 2677; x_wconf 64' lang='lat' dir='ltr'>quidam</span> <span class='ocrx_word' id='word_1_352' title='bbox 1431 2633 1473 2656; x_wconf 85' lang='lat' dir='ltr'>ex</span> <span class='ocrx_word' id='word_1_353' title='bbox 1497 2621 1641 2654; x_wconf 79' lang='lat' dir='ltr'>numeris</span> <span class='ocrx_word' id='word_1_354' title='bbox 1666 2619 1753 2653; x_wconf 87' lang='lat' dir='ltr'>mili-</span> 
     </span>
     <span class='ocr_line' id='line_1_39' title="bbox 310 2665 1755 2711; baseline -0.001 -10"><span class='ocrx_word' id='word_1_355' title='bbox 310 2668 461 2709; x_wconf 73' lang='lat' dir='ltr'>taribus,</span> <span class='ocrx_word' id='word_1_356' title='bbox 482 2671 521 2701; x_wconf 90' lang='lat' dir='ltr'><em>ut</em></span> <span class='ocrx_word' id='word_1_357' title='bbox 545 2667 619 2702; x_wconf 84' lang='lat' dir='ltr'>fieri</span> <span class='ocrx_word' id='word_1_358' title='bbox 644 2668 733 2702; x_wconf 85' lang='lat' dir='ltr'>solet</span> <span class='ocrx_word' id='word_1_359' title='bbox 755 2668 788 2702; x_wconf 87' lang='lat' dir='ltr'><em>in</em></span> <span class='ocrx_word' id='word_1_360' title='bbox 813 2678 986 2702; x_wconf 77' lang='lat' dir='ltr'>numeroso</span> <span class='ocrx_word' id='word_1_361' title='bbox 1012 2669 1182 2711; x_wconf 84' lang='lat' dir='ltr'>exercitu,</span> <span class='ocrx_word' id='word_1_362' title='bbox 1214 2669 1248 2702; x_wconf 89' lang='lat' dir='ltr'><em>in</em></span> <span class='ocrx_word' id='word_1_363' title='bbox 1270 2668 1379 2702; x_wconf 78' lang='lat' dir='ltr'>vicina</span> <span class='ocrx_word' id='word_1_364' title='bbox 1403 2671 1438 2701; x_wconf 87' lang='lat' dir='ltr'><em>et</em></span> <span class='ocrx_word' id='word_1_365' title='bbox 1463 2665 1539 2700; x_wconf 89' lang='lat' dir='ltr'>urbi</span> <span class='ocrx_word' id='word_1_366' title='bbox 1567 2665 1755 2700; x_wconf 82' lang='lat' dir='ltr'>adiacentia</span> 
     </span>
     <span class='ocr_line' id='line_1_40' title="bbox 313 2710 1756 2766; baseline -0.001 -20"><span class='ocrx_word' id='word_1_367' title='bbox 313 2716 531 2766; x_wconf 82' lang='lat' dir='ltr'>prorumpunt</span> <span class='ocrx_word' id='word_1_368' title='bbox 553 2713 702 2758; x_wconf 81' lang='lat' dir='ltr'>pomaria</span> <span class='ocrx_word' id='word_1_369' title='bbox 724 2712 974 2758; x_wconf 80' lang='lat' dir='ltr'>decerpuntque</span> <span class='ocrx_word' id='word_1_370' title='bbox 996 2713 1146 2753; x_wconf 79' lang='lat' dir='ltr'>fructus,</span> <span class='ocrx_word' id='word_1_371' title='bbox 1175 2713 1355 2759; x_wconf 75' lang='lat' dir='ltr'>improviso</span> <span class='ocrx_word' id='word_1_372' title='bbox 1373 2723 1432 2746; x_wconf 87' lang='lat' dir='ltr'><em>eos</em></span> <span class='ocrx_word' id='word_1_373' title='bbox 1448 2710 1581 2752; x_wconf 86' lang='lat' dir='ltr'>adorti,</span> <span class='ocrx_word' id='word_1_374' title='bbox 1605 2711 1756 2756; x_wconf 88' lang='lat' dir='ltr'>complu-</span> 
     </span>
     <span class='ocr_line' id='line_1_41' title="bbox 314 2755 1755 2804; baseline -0.001 -13"><span class='ocrx_word' id='word_1_375' title='bbox 314 2768 370 2792; x_wconf 82' lang='lat' dir='ltr'><em>res</em></span> <span class='ocrx_word' id='word_1_376' title='bbox 387 2758 590 2792; x_wconf 77' lang='lat' dir='ltr'>ceciderunt.</span> <span class='ocrx_word' id='word_1_377' title='bbox 636 2770 752 2792; x_wconf 87' lang='lat' dir='ltr'>verum</span> <span class='ocrx_word' id='word_1_378' title='bbox 769 2770 806 2793; x_wconf 86' lang='lat' dir='ltr'><em>re</em></span> <span class='ocrx_word' id='word_1_379' title='bbox 821 2763 981 2804; x_wconf 82' lang='lat' dir='ltr'>percepta</span> <span class='ocrx_word' id='word_1_380' title='bbox 1002 2759 1228 2803; x_wconf 86' lang='lat' dir='ltr'>Romanisque</span> <span class='ocrx_word' id='word_1_381' title='bbox 1251 2758 1403 2793; x_wconf 84' lang='lat' dir='ltr'>militibus</span> <span class='ocrx_word' id='word_1_382' title='bbox 1428 2757 1502 2791; x_wconf 80' lang='lat' dir='ltr'>aliis</span> <span class='ocrx_word' id='word_1_383' title='bbox 1524 2755 1755 2791; x_wconf 83' lang='lat' dir='ltr'>subvenienti-</span> 
     </span>
     <span class='ocr_line' id='line_1_42' title="bbox 314 2800 1755 2850; baseline -0.001 -14"><span class='ocrx_word' id='word_1_384' title='bbox 314 2803 397 2845; x_wconf 79' lang='lat' dir='ltr'>bus,</span> <span class='ocrx_word' id='word_1_385' title='bbox 423 2807 537 2848; x_wconf 83' lang='lat' dir='ltr'>portas</span> <span class='ocrx_word' id='word_1_386' title='bbox 555 2803 769 2838; x_wconf 82' lang='lat' dir='ltr'>tumultuario</span> <span class='ocrx_word' id='word_1_387' title='bbox 789 2806 965 2850; x_wconf 78' lang='lat' dir='ltr'>repetunt,</span> <span class='ocrx_word' id='word_1_388' title='bbox 986 2804 1096 2838; x_wconf 81' lang='lat' dir='ltr'>multis</span> <span class='ocrx_word' id='word_1_389' title='bbox 1115 2815 1247 2838; x_wconf 81' lang='lat' dir='ltr'>suorum</span> <span class='ocrx_word' id='word_1_390' title='bbox 1273 2804 1307 2837; x_wconf 89' lang='lat' dir='ltr'><em>in</em></span> <span class='ocrx_word' id='word_1_391' title='bbox 1321 2805 1403 2848; x_wconf 78' lang='lat' dir='ltr'>fuga</span> <span class='ocrx_word' id='word_1_392' title='bbox 1417 2802 1557 2837; x_wconf 74' lang='lat' dir='ltr'>amissis.</span> <span class='ocrx_word' id='word_1_393' title='bbox 1603 2807 1639 2836; x_wconf 83' lang='lat' dir='ltr'><em>at</em></span> <span class='ocrx_word' id='word_1_394' title='bbox 1657 2800 1755 2835; x_wconf 72' lang='lat' dir='ltr'>insti-</span> 
     </span>
     <span class='ocr_line' id='line_1_43' title="bbox 314 2847 1754 2895; baseline -0.001 -14"><span class='ocrx_word' id='word_1_395' title='bbox 314 2847 484 2884; x_wconf 71' lang='lat' dir='ltr'>tuentibus</span> <span class='ocrx_word' id='word_1_396' title='bbox 496 2849 775 2894; x_wconf 82' lang='lat' dir='ltr'>oppugnationem</span> <span class='ocrx_word' id='word_1_397' title='bbox 789 2850 949 2884; x_wconf 72' lang='lat' dir='ltr'>Romania</span> <span class='ocrx_word' id='word_1_398' title='bbox 962 2849 995 2884; x_wconf 90' lang='lat' dir='ltr'><em>in</em></span> <span class='ocrx_word' id='word_1_399' title='bbox 1010 2860 1160 2895; x_wconf 86' lang='lat' dir='ltr'>magnam</span> <span class='ocrx_word' id='word_1_400' title='bbox 1174 2848 1430 2894; x_wconf 86' lang='lat' dir='ltr'>trepidationem</span> <span class='ocrx_word' id='word_1_401' title='bbox 1450 2859 1593 2892; x_wconf 86' lang='lat' dir='ltr'>venere,</span> <span class='ocrx_word' id='word_1_402' title='bbox 1615 2847 1701 2881; x_wconf 86' lang='lat' dir='ltr'>adeo</span> <span class='ocrx_word' id='word_1_403' title='bbox 1717 2849 1754 2880; x_wconf 83' lang='lat' dir='ltr'><em>ut</em></span> 
     </span>
    </p>
   </div>
  </div>
 </body>
</html>
