1878 3262
238 221 336 267 336
374 243 377 245 ·
683 219 888 262 CAROLI
920 219 1000 262 DU
1033 220 1244 264 FRESNE

236 328 451 370 Panormit.
472 333 513 367 et
534 340 583 366 ex
605 328 819 381 diplomate
843 328 965 381 ipsius
982 329 1139 380 Rogerii
1161 329 1267 381 apud
1287 331 1405 375 Ferd.
1430 330 1638 384 Ughellum
1658 330 1699 369 in

236 388 364 438 Episc.
385 384 515 435 Aquil.
535 399 574 425 n.
596 386 622 428 5
645 392 740 428 tom.
761 389 782 427 1
809 385 942 425 Italiae
962 387 1115 427 Sacrae.
1171 398 1246 424 nec
1264 388 1391 426 multo
1412 395 1502 440 post
1517 402 1538 426 a
1557 388 1700 427 comite

237 442 436 480 cardinale
455 442 633 481 Anacleti
654 442 1022 495 pseudopontificis,
1052 443 1164 481 cuius
1183 449 1317 496 partes
1334 445 1502 483 tuendas
1521 457 1700 495 suscepe-

236 505 300 537 rat
317 500 526 550 Rogerius,
565 499 715 550 legato,
753 499 818 538 die
844 500 986 538 natalis
1018 499 1168 538 domini
1196 499 1242 538 A.
1265 502 1373 542 1130
1390 501 1432 538 in
1451 501 1586 540 eadem
1604 502 1700 539 aede

235 556 278 593 in
304 568 435 607 regem
465 562 524 594 est
551 557 811 606 acclamatus,
850 562 891 594 et
918 570 1066 595 corona
1087 556 1280 606 donatus,
1310 562 1357 595 ut
1372 556 1518 596 habent
1535 558 1701 596 Ioannes

236 612 286 650 de
306 613 505 662 Ceccano,
547 612 666 651 Falco
687 614 1005 661 Beneventanus,
1035 613 1261 652 Alexander
1278 613 1397 651 Celes.
1414 613 1440 652 l.
1461 617 1508 663 2,
1534 615 1701 654 Orderi-

235 682 305 706 eus
325 669 465 708 vitalis
487 670 512 710 l.
537 673 588 711 13
612 684 649 721 p.
671 671 765 712 895.
823 676 964 708 auctor
980 669 1167 708 Chronici
1184 671 1344 709 Casaur.
1360 676 1401 708 et
1417 670 1609 710 Baronius
1623 670 1702 710 hoc

235 739 353 764 anno.
411 726 480 764 sed
508 739 580 764 nec
601 726 701 765 illud
717 726 1004 766 involvendum
1019 727 1195 776 silentio,
1226 727 1436 778 Rogerium
1455 741 1536 765 non
1551 728 1702 766 Siciliae

235 782 452 832 duntaxat,
492 783 563 821 sed
594 788 634 820 et
659 783 792 821 Italiae
815 796 945 835 regem
974 784 1251 832 acclamatum,
1295 783 1404 835 quod
1431 790 1632 823 testantur
1659 785 1703 822 in

234 852 323 877 aere
342 840 540 891 Campano
570 839 751 891 inscripti
783 839 1051 890 characteres,
1094 840 1203 891 quod
1225 841 1345 878 Guza
1365 840 1565 879 communi
1581 853 1704 880 voca-

233 896 329 934 bulo
356 902 504 936 vocant
532 896 825 935 Panormitani:
863 911 970 937 ANNO
1002 911 1051 935 AB
1078 910 1367 935 INGARNATmNa
1398 900 1506 939 1136
1538 910 1619 935 mn.
1650 897 1703 940 14-

235 966 333 990 FUSA
359 966 560 1002 rmonm,
595 965 793 992 nocnnms
825 967 995 992 smum:
1016 967 1260 999 ITALIAEQUE
1282 967 1368 994 nux
1389 967 1520 991 MAGM
1537 967 1702 992 comus

234 1023 402 1048 Rom->RH
418 1023 548 1048 mnus
567 1024 624 1048 ME
645 1023 810 1047 DEXTRA
827 1024 957 1048 moms
974 1024 1096 1049 mmm
1113 1025 1159 1049 AC
1179 1025 1217 1050 Ι).
1235 1023 1389 1049 ΜΑΜΑΕ
1410 1024 1546 1048 mauu
1562 1024 1702 1048 mssrr.

235 1073 396 1104 exstant
418 1067 633 1118 diplomata
652 1067 825 1105 eiusdem
841 1067 999 1118 Rogerii
1020 1066 1067 1106 A.
1084 1071 1190 1110 1133
1210 1074 1250 1106 et
1269 1071 1378 1109 1137
1398 1067 1506 1119 apud
1522 1067 1705 1106 eumdem

236 1122 447 1173 Ughellum
465 1123 506 1160 in
526 1123 826 1175 archiepiscopis
843 1124 1111 1172 salernitanis,
1139 1124 1411 1172 Brundusinis‚
1441 1130 1481 1162 et
1499 1122 1705 1162 Beneven-

235 1179 354 1227 tanis,
382 1192 554 1229 quorum
573 1180 733 1217 initium
750 1180 805 1217 sic
827 1181 1068 1232 concipitur:
1097 1194 1167 1232 ego
1187 1182 1365 1232 Rogerio
1385 1182 1442 1218 D.
1469 1182 1518 1219 G.
1537 1181 1706 1219 Siciliae

238 1242 275 1272 et
297 1236 445 1274 Italiae
464 1250 551 1287 rex,
585 1236 911 1275 Christianorum
936 1236 1104 1274 adiutor
1124 1245 1160 1274 et
1179 1239 1360 1289 clypeus,
1391 1238 1563 1289 Roget-ii
1575 1238 1705 1288 primi

239 1293 401 1331 comitis»=
415 1294 554 1344 filiae.
611 1293 666 1331 ita
685 1293 834 1346 pariter
855 1293 1086 1332 Guillelmus
1102 1293 1137 1331 Il
1163 1294 1268 1345 apud
1296 1293 1478 1331 eumdem
1498 1293 1704 1344 Ughellum

238 1349 281 1387 in
299 1350 375 1388 alio
395 1349 609 1402 diplomate
626 1349 672 1390 A.
694 1352 801 1392 1170
819 1350 986 1388 Siciliae
1008 1358 1044 1387 et
1063 1349 1212 1389 Italiae
1232 1364 1300 1388 rex
1316 1350 1556 1388 inscribitur.
1613 1349 1707 1389 vide

238 1412 334 1445 tom.
357 1409 386 1448 7
404 1420 442 1459 p.
464 1407 545 1449 565
575 1407 654 1449 581
686 1409 781 1455 982,
813 1406 1039 1445 Chronicon
1058 1412 1227 1446 monast.
1249 1408 1287 1446 S.
1306 1405 1474 1458 Sophiae
1494 1406 1705 1446 Benevent.

238 1477 277 1516 p.
296 1467 391 1512 779,
421 1463 686 1502 Ptolemaeum
707 1463 756 1502 de
776 1464 879 1502 Luca
909 1463 954 1503 A.
978 1467 1087 1506 1126
1112 1469 1153 1502 et
1179 1463 1367 1502 Allatium
1396 1464 1440 1503 in
1459 1463 1638 1502 Diatriba
1657 1463 1707 1501 de

238 1519 497 1559 Simeonibus.

349 1589 390 1626 p-
417 1578 469 1617 91
509 1588 550 1614 v.
578 1577 642 1617 18.
702 1573 768 1616 ἐπὶ
790 1575 931 1628 παιδὶ]
962 1576 1151 1626 Rogerius
1175 1576 1297 1625 forte,
1337 1574 1405 1626 qui
1430 1589 1453 1613 a
1477 1580 1593 1627 patre
1619 1574 1704 1613 dux

233 1630 401 1684 Apuliae
420 1632 549 1670 dictus
573 1637 645 1670 est.
704 1637 811 1670 certe
837 1632 916 1670 fuit
939 1633 1002 1671 ille
1023 1632 1182 1684 Rogerii
1208 1633 1382 1670 filiorum
1405 1631 1705 1684 primogenitus,

232 1695 281 1727 ut
306 1694 447 1727 auctor
479 1694 538 1726 est
570 1687 797 1727 Alexander
825 1689 944 1727 abbas
965 1690 1083 1728 Celes,
1108 1689 1136 1727 l.
1157 1691 1185 1731 3
1209 1702 1242 1728 c.
1265 1693 1332 1732 26.
1391 1689 1490 1728 obiit
1514 1688 1561 1728 A.
1583 1690 1705 1732 1149.

231 1745 445 1784 Romuald.
466 1744 648 1786 Salernit.
670 1745 714 1783 in
732 1745 891 1795 Chron.‚
919 1745 1034 1797 Hugo
1053 1745 1240 1784 Falcand.
1261 1751 1302 1783 et
1320 1744 1399 1784 alii.

345 1815 385 1841 v.
403 1805 471 1844 21.
530 1799 684 1855 Ξηρός]
715 1803 869 1840 Xerum
893 1803 1029 1841 ‘nescio
1053 1814 1172 1853 quem
1201 1801 1313 1840 urbis
1338 1800 1707 1852 Constantinopoli-

231 1865 349 1898 tanae
365 1859 610 1911 praefectum
629 1865 825 1897 memorat
846 1858 961 1897 Anna
979 1859 1005 1897 l.
1032 1862 1104 1909 12,
1134 1871 1159 1896 a
1181 1872 1260 1910 quo
1278 1858 1383 1897 forte
1403 1857 1554 1910 prodiit
1573 1858 1706 1896 Xerus

231 1915 317 1956 iste.
375 1915 472 1953 Belli
489 1915 613 1953 Siculi·
630 1928 789 1954 causam
807 1916 936 1965 solus,
967 1915 1075 1967 quod
1095 1915 1236 1965 sciam,
1265 1915 1420 1967 profert
1441 1915 1668 1954 Cinnamus.

349 1984 388 2023 p.
409 1975 465 2015 92
484 1985 523 2010 v.
546 1975 610 2013 11.
670 1969 883 2026 Κόρινθόν
902 1972 971 2024 τε]
1003 1971 1110 2011 Otho
1131 1972 1294 2024 Frising.
1312 1971 1339 2010 l.
1360 1975 1381 2014 1
1409 1971 1458 2010 de
1474 1972 1580 2009 Gest.
1594 1969 1703 2009 Frid.

235 2040 272 2067 c.
293 2030 368 2070 33:
407 2029 518 2066 circa
539 2027 645 2066 idem
664 2035 822 2081 tempus
841 2030 1047 2081 Rogerias
1065 2029 1230 2067 Siculas
1241 2058 1252 2079 ‚
1283 2030 1440 2079 aptatis
1460 2029 1505 2065 in
1526 2026 1703 2079 Apulia,

240 2083 462 2133 Calabria,
493 2091 530 2122 et
548 2085 696 2123 Sicilia
716 2086 969 2136 triremibus,
996 2099 1104 2137 quas
1119 2083 1236 2123 modo
1253 2085 1401 2137 galeas
1429 2099 1499 2123 seu
1525 2084 1706 2135 ‹sagitta-s

235 2140 363 2191 vulgo
378 2138 515 2177 *dicere
534 2142 681 2189 solent,
722 2143 901 2194 aliisque
920 2142 1097 2180 navibus
1115 2142 1270 2180 bellicis
1288 2143 1485 2180 onerariis·
1495 2170 1508 2190 ,
1535 2140 1705 2178 classem

235 2198 281 2234 in
308 2197 526 2234 Graeciam.
549 2195 748 2248 destinat,
773 2199 995 2251 praesectis
1013 2201 1071 2236 eis
1090 2198 1266 2236 dacibus·
1283 2199 1478 2247 strenuis,
1508 2203 1545 2234 et
1564 2197 1609 2234 in
1624 2210 1704 2234 na-

235 2253 324 2293 vali
336 2252 494 2303 praelio
514 2254 672 2304 gnaria.
731 2258 908 2293 armati-s
934 2257 1071 2307 itaque
1095 2255 1273 2294 navibus
1294 2255 1490 2294 Graeciae
1504 2253 1615 2304 fines
1638 2254 1705 2290 in-

91 2311 122 2346 P
146 2309 214 2346 447
233 2307 504 2362 grediuntar,
534 2323 584 2346 ac
601 2310 762 2348 Matino
779 2310 867 2363 (leg.
884 2308 1102 2365 Mothone)
1136 2313 1223 2350 sine
1250 2309 1529 2362 impedimento
1554 2311 1705 2361 gravi-

239 2380 315 2418 que
341 2367 500 2417 negotio
521 2373 639 2417 capto
652 2396 663 2415 ,
702 2365 760 2404 ad
778 2367 926 2417 Curfol
949 2381 1077 2419 usque
1096 2368 1374 2417 fortissimam
1407 2367 1603 2405 Graeciae
1632 2379 1706 2404 ca-

235 2430 368 2461 strum
377 2420 614 2473 procedunt.
673 2421 786 2474 qaod
807 2437 900 2461 cam
925 2425 1044 2462 nulla
1075 2425 1120 2461 vi
1148 2437 1286 2475 capere
1307 2422 1607 2474 praevalerent,
1647 2421 1707 2460 ad

236 2477 354 2517 dolos
381 2486 418 2516 et
444 2480 612 2531 ingenia
639 2493 680 2516 ae
711 2486 883 2518 vertant.
941 2481 1074 2532 igitar
1087 2481 1327 2532 praemi-ssia
1346 2478 1615 2531 quibusdam,
1657 2486 1704 2517 ut

236 2534 414 2585 dicitur,
452 2537 524 2588 qai
548 2550 588 2574 se
615 2538 847 2588 quempiam
874 2544 1077 2575 mortuum
1097 2535 1301 2575 humandi
1314 2537 1460 2587 gratia
1481 2534 1632 2586 desem-e
1648 2537 1705 2573 εἰ.

237 2592 468 2629 mulaverat
487 2590 567 2644 (eat
583 2594 689 2631 enim
705 2594 749 2631 in
760 2592 979 2645 praedicta
997 2607 1089 2631 arce
1106 2595 1252 2643 castri,
1292 2594 1401 2630 sicut
1428 2593 1597 2631 Graecis·
1617 2606 1703 2630 moa

236 2654 314 2698 eat,
344 2651 604 2700 congregatio
621 2650 860 2690 clericorum
877 2664 949 2688 cea
967 2647 1298 2701 monachorum),
1325 2647 1430 2686 idem
1448 2657 1628 2687 castrum
1645 2650 1703 2687 ir-

237 2711 392 2753 ruunt,
421 2718 552 2743 arcem
571 2714 790 2757 occupant,
825 2707 993 2745 Graecia
1012 2707 1165 2758 eiectis,
1198 2704 1499 2758 praesidiisque
1518 2707 1606 2744 cuis
1628 2704 1703 2743 ibi·-

239 2759 330 2799 dem
347 2761 508 2801 locatis.
564 2761 659 2799 inde
682 2761 742 2800 ad
760 2764 956 2801 interiora
980 2763 1174 2801 Graeciae
1189 2764 1415 2814 progressi,
1449 2762 1702 2811 Corinthum,

250 2817 423 2866 Thebas,
467 2816 674 2868 Athenas,
723 2821 898 2871 antiqua
925 2818 1138 2856 nobilitate
1165 2819 1329 2857 celebres
1360 2826 1617 2871 expugnant,
1653 2830 1704 2857 ac

243 2875 424 2914 maxima
439 2873 588 2914 ibidem
599 2873 758 2927 praeda
774 2874 946 2928 direpta,
980 2875 1141 2928 opifices
1157 2877 1279 2914 etiam
1295 2878 1367 2930 qui
1385 2878 1533 2915 sericos
1541 2887 1706 2928 pannos
