1878 3262
258 231 325 279 90
670 229 992 274 ΞΝῙΟΕΡΗΟΒΙ
1012 231 1292 277 :BRYENNH
1325 234 1334 266 3’

257 349 343 402 μέν-
357 341 540 402 χρήστὰς
569 343 851 397 ὖποσαίνοντες
882 346 1056 397 ἐλπίδας·
1081 347 1203 403 ἂσινῆ-
1227 347 1279 390 τὰ
1311 349 1436 392 οἰκεῖα
1463 353 1720 408 διατηρῶσιν,

257 418 299 457 ἐκ
323 415 524 468 βασιλέως,
544 416 587 457 ds*
609 416 831 458 ἀπαιτῶσιν
856 410 985 467 αὖθις,
1001 415 1121 470 τιμάς
1146 434 1188 458 τε
1215 418 1283 458 καὶ
1310 417 1488 474 &worda
1542 419 1592 474 ἢν
1615 421 1720 467 δέ’τι

255 485 323 526 καὶ
355 486 656 541 νεωτερισθείη,
705 485 924 538 αὗτοὶ-ψμὲν
957 483 1171 541 πόρρωθεν
1202 484 1370 536 ἑαυτοὺς
1407 487 1479 528 τὀὕ
1499 487 1721 544 -δράματος

258 551 777 611 ἐξαγαγεῖνπειράσονται,
816 553 886 596 τὸν
917 555 960 596 δὲ
991 555 1192 608 βασιλέως
1222 553 1326 604 ὅλως
1354 554 1492 608 ’θυμὸν
1522 555 1720 611 ἓξώψουσι

134 631 168 666 V
190 630 236 666 43
260 621 365 664 καθ’
398 619 526 675 ὑμῶν.
594 621 689 664 ἀλλ’
720 623 762 665 εἷ’
778 624 821 665 τί
836 639 907 677 μοι
930 624 1146 675 πείθεσθε,
1175 622 1271 673 τοὺς
1288 623 1362 677 μὲν
1381 621 1491 677 ὗμᾶς
1514 624 1613 681 πρὸς
1638 624 1750 667 θό-5

202 699 232 734 Β
258 695 383 747 ρυβον
416 692 684 747 ὁιεγείραντας
717 690 844 749 ἔρρειν
875 690 1044 744 ἐάσατε,
1081 692 1209 734 ἀπίτω
1230 693 1273 734 tls*
1294 693 1460 743 ἕκαστος
1487 694 1543 742 εἷς
1563 693 1635 748 τὴν
1657 696 1718 736 οἲ-

254 761 344 801 κίαν
378 759 504 805 αὐτοῦ
521 761 593 801 ’καὶ
625 760 677 802 τὰ
710 761 906 814 λεχθέντα
934 762 1150 813 σκοπείτω,
1179 763 1246 803 καὶ
1278 761 1436 803 εἴσεσθε
1463 758 1599 811 ὅποῖος
1625 759 1719 816 ὗμῖν

251 826 487 882 βουλεύεται
520 828 572 870 τὰ
595 829 909 886 «ξυμφέροντα.”
981 828 1134 872 τούτων
1159 830 1338 872 ἀκοῦσαν
1358 834 1439 876 τῶν
1461 828 1652 887 ῥημάτων
1672 830 1730 873 τὸ

252 901 413 951 πλῆθος
438 894 569 953 ἐπῄνει
585 897 636 939 τὰ
656 899 851 951 λεχθέντα
871 899 938 940 καὶ
960 897 1132 948 ἅπαντες
1150 897 1398 955 ὑπεχώρουν.

393 965 471 1009 24.
536 963 586 1008 ‘O
615 967 658 1007 δὲ
684 958 1040 1023 στρατοπεδάρχης
1058 969 1193 1018 δείσας
1212 968 1270 1022 μὴ
1297 970 1363 1009 καὶ
1386 962 1509 1016 αὖθις
1531 966 1570 1008 οἶ
1593 969 1772 1012 &vva-10

253 1035 315 1076 τοὶ
346 1033 392 1075 τὸ
422 1038 581 1089 πλῆθος
605 1036 822 1091 διεγείρωσι
845 1037 912 1077 καὶ
928 1035 998 1077 τὸν
1023 1036 1243 1092 Οὕρσέλιον
1261 1034 1538 1093 διαρπάσωσι,
1563 1034 1719 1089 βουλὴν

252 1100 486 1156 βουλεύεται
507 1101 612 1144 πάνυ
635 1104 708 1156 μὲν
729 1103 917 1158 συνετήν,
953 1100 1127 1147 πάνυ-δὲ
1145 1107 1212 1147 καὶ
1238 1104 1543 1162 φιλάνθρωπον.
1590 1104 1651 1154 τίς
1673 1103 1714 1146 δ’

202 1180 233 1215 c
255 1168 282 1225 ἦ
302 1168 457 1225 βουλή;
493 1175 777 1228 προσκαλεῖται
800 1172 869 1214 τὸν
893 1171 1050 1227 δήμιον.
1119 1172 1334 1217 ἇνάπτεται
1357 1178 1451 1230 πῦρ.
1519 1173 1717 1229 ἐκπυροῦ-

250 1256 319 1281 ται
353 1241 528 1295 σίδηρος.
597 1239 774 1296 ῥίπτεται
798 1241 902 1282 κατὰ
923 1246 995 1296 γῆς
1020 1240 1041 1282 ὃ
1066 1242 1295 1298 Οὖρσέλιος.
1365 1247 1511 1298 φωνεῖν
1535 1243 1603 1283 καὶ
1625 1241 1716 1282 στέ-

248 1307 499 1364 νεινγοερὸν
530 1311 843 1365 παραγγέλλεται
878 1308 933 1359 ὡς
962 1312 1088 1364 δῆθεν
1123 1314 1203 1352 τῶν
1225 1307 1418 1363 ὀμμάτων
1440 1307 1713 1365 στερούμενος.
1727 1313 1770 1348 15

249 1374 270 1417 ὅ
308 1377 351 1418 (ἳὲ
382 1379 564 1419 πείθεται
596 1379 663 1418 καὶ
691 1379 764 1433 τὴν
793 1379 921 1420 οἰκίαν
946 1377 1120 1435 ἐπλήρου
1145 1382 1291 1435 φωνῶν
1315 1395 1357 1420 τε
1381 1380 1448 1420 καὶ
1471 1381 1714 1433 στεναγμῶν.

251 1442 336 1487 εἶτα
360 1453 444 1496 τοΐς
465 1445 609 1488 τούτου
631 1446 854 1504 βλεφάροις
876 1449 1096 1490 ἐπιτίθεται
1124 1446 1342 1504 φάρμακον
1375 1445 1625 1489 ἄκεσώδυνον
1646 1448 1714 1493 καὶ

249 1514 314 1554 ἐπὶ
340 1518 399 1571 τῷ
421 1513 625 1571 φαρμάκῳ
657 1515 865 1570 κάλυμμα.
934 1516 1062 1559 ἕωθεν
1084 1517 1128 1558 δὲ
1153 1515 1256 1573 πρὸς
1279 1516 1325 1559 τὸ
1351 1519 1511 1570 πλῆθος
1533 1513 1713 1571 ἐξάγεται

338 1610 371 1643 8.
396 1604 587 1655 α’κοῦσαν]
611 1610 656 1645 V.
682 1609 933 1648 ἀκουσάντων.

249 1687 334 1721 viles
359 1688 485 1723 habent
511 1689 692 1724 exitialem.
739 1694 778 1725 ut
803 1702 876 1726 cum
900 1701 1015 1725 rursus
1034 1691 1158 1727 vestris
1177 1690 1310 1737 praedis
1324 1696 1468 1735 tyranno
1483 1701 1546 1735 per
1560 1692 1710 1727 vestrum

250 1745 400 1767 errorem
415 1734 565 1779 ipsorum
581 1736 700 1769 fraude
710 1737 756 1769 ab
773 1741 922 1771 extremo
939 1737 1091 1782 periculo
1104 1738 1139 1771 in
1154 1749 1246 1782 spem
1262 1737 1430 1771 meliorem
1442 1740 1602 1770 revocato
1613 1735 1712 1770 blan-

250 1779 311 1812 diti
327 1780 456 1813 fuerint
468 1807 478 1822 ‚
508 1781 542 1814 in
559 1793 720 1826 praesens
733 1782 983 1816 indemnitatem
998 1795 1132 1817 suarum
1147 1783 1345 1817 familiarum
1361 1783 1404 1816 ab
1421 1793 1461 1815 eo
1478 1781 1602 1815 vestris
1619 1781 1712 1826 rapi-

250 1824 302 1858 nis
319 1826 514 1859 exsatiando
531 1827 767 1871 paciscantur,
798 1829 1009 1873 postmodum
1032 1841 1113 1863 vero
1131 1834 1302 1863 ostentata
1315 1828 1507 1873 imperatori
1523 1827 1611 1861 falsa
1626 1827 1712 1861 fide-

251 1870 368 1911 litate,
401 1872 496 1916 quasi
519 1884 580 1918 per
604 1873 697 1918 ipsos
723 1875 857 1908 steterit
871 1887 913 1908 ne
928 1874 1082 1908 Urselius
1098 1882 1214 1909 vestra
1230 1886 1333 1919 opera
1348 1878 1528 1917 regnaret,
1560 1872 1623 1906 sibl
1639 1872 1712 1918 qui-

250 1916 329 1951 dem
351 1917 433 1963 ipsis
457 1919 603 1952 honores
629 1920 672 1953 ab
697 1931 737 1953 eo
754 1925 789 1953 et
803 1921 1017 1965 largitiones,
1046 1921 1143 1954 vobis
1159 1925 1270 1955 autem
1286 1920 1519 1954 seditiosorum
1534 1930 1660 1964 poenas
1675 1921 1713 1963 et

252 1968 407 1997 extrema
432 1964 596 2009 supplicia
621 1971 813 2010 procurent.
861 1978 935 2000 nam
952 1967 1008 2000 ubi
1023 1967 1185 2001 tumultus
1200 1977 1306 2011 usque
1320 1966 1362 1999 ad
1376 1965 1514 2010 tyranni
1529 1965 1653 2010 captivi
1667 1964 1710 1998 li-

250 2009 461 2044 berationem
487 2010 682 2055 invaluerit,
715 2012 815 2046 facile
836 2013 899 2057 ipsi
921 2014 1112 2057 purgabunt
1134 2013 1188 2056 id,
1217 2024 1255 2046 se
1277 2012 1390 2046 invitis
1407 2023 1448 2045 ac
1462 2012 1589 2045 frustra
1607 2021 1710 2056 repu-

249 2055 451 2098 gnantibus,
483 2056 519 2090 vi
545 2067 585 2090 ac
608 2058 725 2091 surore
740 2058 848 2102 plebis
863 2069 1023 2092 novarum
1039 2070 1150 2092 rerum
1166 2058 1336 2092 studiosae
1351 2059 1495 2092 factum:
1526 2056 1615 2090 unde
1629 2066 1711 2100 gra-

251 2099 332 2133 tiam
357 2101 491 2144 quidem
517 2102 729 2147 imperatoris
743 2105 777 2137 in
792 2116 829 2138 se
842 2131 851 2142 ,
882 2104 916 2137 in
942 2115 1004 2138 vos
1028 2110 1138 2138 autem
1165 2104 1247 2138 iram
1264 2108 1299 2137 et
1312 2108 1415 2137 totam
1431 2102 1588 2137 invidiam
1602 2101 1711 2135 odiosi

252 2146 417 2179 facinoris
437 2152 603 2182 avertent.
651 2154 688 2183 at
711 2161 794 2191 vos,
827 2149 854 2183 si
870 2150 948 2195 quid
967 2150 1044 2184 mihi
1060 2149 1195 2184 creditis
1209 2177 1218 2194 ‚
1244 2150 1329 2183 istos
1343 2149 1521 2183 insidiosos
1534 2147 1708 2182 seditionis

246 2190 329 2236 ipsis
343 2197 565 2236 quaestuosae
582 2195 678 2228 vobis
694 2196 903 2240 perniciosae
919 2207 1075 2230 suasores
1090 2196 1208 2230 missos
1221 2196 1335 2229 facite.
1382 2195 1429 2229 ite
1456 2205 1538 2229 vero
1563 2193 1707 2238 quisque

243 2237 279 2271 in
295 2237 410 2271 domos
427 2245 559 2272 vestras
576 2244 612 2272 et
627 2251 713 2284 quae
728 2241 869 2275 audistis
885 2242 995 2276 otiose
1009 2246 1179 2287 reputate.
1227 2242 1275 2275 sic
1299 2240 1383 2275 enim
1398 2240 1498 2274 facile
1511 2238 1705 2283 intelligetis
1746 2268 1749 2269 ν

243 2283 311 2317 utri
329 2284 427 2317 vobis
444 2285 538 2318 utilia
561 2287 753 2328 consulant,
785 2287 874 2321 illine
896 2287 954 2332 qui
976 2299 1038 2321 vos
1053 2288 1191 2330 tyranni
1205 2287 1331 2332 rapinis
1347 2291 1383 2320 et
1396 2285 1605 2331 imperatoris
1621 2296 1704 2330 sup-

241 2329 351 2375 pliciis
377 2329 538 2364 obiiciunt
550 2358 559 2375 ,
590 2342 632 2364 an
652 2344 715 2376 ego
732 2332 789 2376 qui
807 2334 919 2378 capita
933 2334 1156 2378 fortunasque
1172 2338 1303 2367 vestras
1319 2332 1457 2366 omnium
1477 2341 1537 2376 pro
1555 2335 1704 2365 commo-⁴

239 2375 291 2409 dis
308 2376 498 2420 spebusqne
513 2376 670 2422 improbis
687 2389 870 2423 paucorum
886 2379 919 2412 in
935 2378 1111 2412 discrimen
1126 2379 1204 2412 nolo
1221 2377 1374 2424 proiici.'’
1396 2376 1510 2412 audita
1525 2376 1622 2420 plebs
1638 2377 1703 2411 hac

240 2422 397 2456 oratione
418 2422 571 2456 laudavit
591 2435 678 2468 quae
693 2424 892 2458 dicebantur
908 2430 944 2458 et
959 2424 1120 2470 paulatim
1135 2428 1348 2460 recesserunt
1361 2423 1396 2457 in
1412 2422 1543 2456 domum
1560 2422 1702 2468 quisque

238 2478 344 2502 suam.
1677 2475 1681 2481 '

330 2513 385 2548 24.
433 2515 481 2547 At
496 2514 634 2548 Alexius
650 2517 801 2549 metuens
817 2526 859 2548 ne
873 2515 995 2549 iterum
1008 2526 1167 2561 proceres
1182 2512 1328 2549 civitatis
1341 2513 1470 2559 plebem
1488 2513 1699 2547 concitarent

240 2560 276 2592 et
299 2559 468 2592 Urselium
494 2567 677 2603 raperent,
710 2561 882 2595 consilium
907 2561 980 2595 iniit
1003 2562 1100 2595 valde
1123 2561 1267 2606 prudens
1291 2571 1353 2593 nec
1377 2559 1484 2592 minus
1511 2559 1699 2593 humanum.

240 2604 340 2648 quale
355 2605 389 2638 id
407 2606 543 2639 autem?
575 2607 720 2641 advocat
735 2607 948 2649 carnificem,
973 2607 1112 2641 accendi
1127 2607 1221 2641 iubet
1234 2607 1343 2650 ignem
1360 2610 1396 2638 et
1410 2605 1443 2638 in
1461 2616 1502 2638 eo
1517 2605 1698 2639 candefieri

239 2650 378 2684 ferrum.
425 2651 514 2684 humi
538 2652 634 2686 iuxta
660 2653 852 2687 extenditur
875 2653 1027 2687 Urselius
1053 2653 1240 2687 vociferans
1257 2657 1292 2684 et
1306 2651 1433 2684 eiulans
1450 2651 1549 2696 plane
1563 2655 1602 2684 ut
1618 2650 1698 2684 si're

238 2706 320 2729 vera
347 2695 377 2729 ei
403 2696 490 2729 oculi
516 2697 605 2731 ferro
630 2698 736 2742 ignito
763 2703 1003 2741 exurerentur,
1034 2698 1126 2743 quod
1150 2709 1226 2732 mox
1251 2698 1401 2730 futurum
1418 2709 1459 2731 ex
1475 2708 1515 2729 eo
1531 2702 1697 2741 apparatu

237 2742 389 2776 rebatur.
428 2752 534 2786 quare
549 2743 664 2777 domus
679 2749 752 2778 tota
770 2745 974 2789 personabat
988 2744 1114 2779 insanis
1129 2744 1198 2777 eius
1213 2742 1375 2776 lamentis.
1411 2742 1503 2787 quod
1518 2743 1559 2775 ad
1575 2743 1695 2776 samam

236 2787 287 2822 rei
311 2788 423 2821 saetae
446 2787 479 2820 in
499 2787 649 2822 viciniam
672 2794 707 2822 et
723 2802 799 2823 mox
816 2801 876 2835 per
892 2791 1008 2823 urbem
1024 2788 1246 2834 spargendam
1263 2789 1345 2822 utile
1361 2793 1444 2823 erat.
1490 2787 1611 2822 deinde
1625 2787 1696 2822 eius

236 2833 341 2867 oculis
366 2837 570 2877 unguentum
594 2834 760 2879 quoddam
785 2835 954 2869 innoxium
974 2835 1131 2879 imposuit
1154 2838 1189 2868 et
1211 2845 1313 2879 supra
1329 2837 1531 2879 unguentum
1547 2833 1694 2876 fasciama

237 2879 401 2926 postridie
415 2890 550 2925 quoque
564 2879 599 2915 in
613 2880 780 2926 publicam
795 2880 990 2915 concionem
1003 2880 1051 2916 ita
1065 2879 1240 2915 fasciatum
1261 2880 1366 2916 oculis
1384 2879 1511 2926 opertis
1526 2878 1698 2914 Urseiiumv
