1878 3262
256 202 354 248 270
737 201 961 245 IOANNIS
995 201 1224 248 CINNAMI

389 314 432 358 7.
503 314 568 356 Τὰ
585 315 658 368 μὲν
676 314 725 369 δὴ
744 315 848 356 κατὰ
866 314 933 356 τὸν
942 314 1114 365 Ἀλέξων
1131 315 1309 358 ἐνταῦθα
1322 315 1446 373 τύχης
1463 316 1701 374 ἐτελεύτησε.

201 389 234 424 D
254 382 444 437 βασιλεὺς
473 383 515 424 δὲ
543 383 744 425 Οὐννικῶν
773 382 1082 439 στρατευμάτων
1108 384 1170 424 ἐπὶ
1190 386 1357 440 Σίρμιον
1384 385 1607 440 διαβάντων
1628 389 1700 428 δυ-

248 450 386 504 νάμεις
404 451 582 493 ἐνταῦθα
605 452 780 505 ἔπεμψεν
790 484 802 502 ,
838 446 892 493 ὧν
911 446 1035 508 ἦρχον
1056 450 1169 493 ἄλλοι
1189 469 1228 494 τε
1251 456 1329 494 τῶν
1345 451 1551 506 Ῥωμαίων
1573 471 1697 511 στρα-

247 523 378 574 τηγιῦν
392 520 464 559 ’καὶ
486 520 534 574 δὴ
554 522 618 561 καὶ
636 518 884 577 Ἀνδρόνικος
906 518 926 561 ὃ
944 520 1142 574 βασιλέως
1161 520 1402 577 ἀδελφιδοῦς
1420 515 1453 578 ᾧ
1477 523 1700 565 Κοντοστέ-

248 604 377 644 φανος
393 585 600 642 ἐπώνυμον
616 588 736 631 ἔκειτο
752 621 764 640 ,
800 587 1058 644 αὐτοκράτωρ
1077 593 1148 630 τοῦ
1168 589 1340 642 πολέμου
1363 591 1478 633 τοῦδε
1499 590 1598 645 πρὸς
1614 595 1694 645 βα·
1708 599 1730 634 5

248 656 388 704 σιλέως
415 656 629 707 καταστάς.
699 658 921 698 ἀπέσταλτο
953 658 995 698 δὲ
1022 656 1131 714 αὐτῷ
1161 655 1269 706 ὅπως
1287 674 1327 699 τε
1348 655 1551 707 τάξασθαι
1569 659 1699 714 χρεών

106 736 138 771 v
163 738 227 773 123
251 726 317 765 καὶ
337 722 413 777 ὅπη
435 724 503 767 τὸν
521 724 694 779 πόλεμον
712 724 823 767 τόνδε
844 726 1064 766 διαθέσθαι
1076 757 1088 775 ,
1123 723 1308 781 καθάπερ
1337 726 1377 766 ἓν
1401 727 1534 767 πίνακι
1555 726 1699 778 ἀνεζω-

246 791 464 848 γράφηται.
528 793 776 850 Ἀνδρόνικος
794 788 864 834 οὖν
882 795 942 834 ἐπὶ
961 796 1070 834 Σᾶον
1089 792 1256 847 διαβάς,
1286 794 1418 848 ἐπειδὴ
1441 793 1609 849 ἄγχιστα
1628 797 1700 836 τοῦ

252 861 415 903 Οὔννων
444 863 591 917 ἐγένετο
624 862 918 918 στρατοπέδου,
962 860 1096 903 τοιάδε
1126 862 1215 903 τινὰ
1245 863 1377 903 ἐποίει.
1446 865 1701 917 κατοπτῆρας

247 930 320 983 μὲν
345 932 411 971 καὶ
439 928 631 981 σκοπούς,
659 928 777 971 ὁποῖα
802 930 996 980 εἴθισται,
1034 931 1089 979 εἷς
1115 930 1159 971 τὸ
1187 934 1266 971 τῶν
1294 931 1491 983 πολεμίων
1513 931 1697 972 καθιέναι
1710 935 1755 968 10

107 1007 137 1043 Ρ
164 1007 230 1044 158
253 997 482 1054 στράτευμα
507 997 649 1052 ἣκιστα
679 996 889 1054 σύμφορον
918 998 1028 1053 ἔγνω.
1096 1003 1177 1040 τῶν
1198 999 1242 1040 δέ
1257 1015 1366 1047 τινας
1385 996 1592 1051 Ῥωμαίων
1614 998 1700 1040 ἐκέ-

250 1070 337 1108 λεύε
357 1067 433 1122 πρὸ
452 1071 524 1108 τοῦ
541 1068 810 1122 στρατοπέδου
829 1065 1023 1115 ἐλθόντας
1049 1070 1265 1122 πειρᾶσθαι
1285 1065 1392 1116 ὅπως
1409 1067 1595 1122 ζωγρειάν
1611 1065 1700 1108 τινὰ

248 1136 448 1188 πολεμίων
465 1133 616 1183 ἑλόντες
634 1133 827 1189 ἀγάγοιεν.
874 1135 912 1175 οἳ
932 1135 1005 1187 μὲν
1024 1129 1094 1176 οὖν
1113 1134 1216 1176 κατὰ
1237 1134 1280 1177 τὸ
1299 1135 1511 1176 uem-09&
1532 1135 1572 1175 ἓν
1583 1135 1700 1192 χερσὶ

248 1203 438 1256 πολέμιον
467 1202 620 1256 ἔχοντες
648 1204 899 1256 ἐπανῆλθον,
941 1200 961 1243 ὃ
988 1203 1030 1243 δὲ
1059 1202 1350 1245 ἀνεπυνθάνετο
1372 1206 1512 1244 τοῦτον
1533 1201 1641 1251 ὅπως
1659 1219 1699 1243 τε

249 1270 456 1324 δυνάμεως
473 1271 625 1324 ἔχοντες
641 1272 703 1311 ἐπὶ
723 1273 890 1326 Σίρμιον
911 1270 1121 1327 ἀφίκονται
1145 1266 1309 1322 Οὖννοι,
1345 1272 1412 1312 καὶ
1431 1271 1472 1312 τί
1487 1287 1580 1312 ποτε
1596 1275 1697 1324 βου-
1710 1273 1753 1308 15

247 1340 429 1393 λομένοις
459 1340 594 1388 αὐτοῖς
625 1340 721 1380 ἔστι.
787 1336 917 1380 πάντα
939 1340 1069 1380 τοίνυν
1090 1340 1130 1388 ἔς
1149 1339 1193 1380 τὸ
1217 1339 1368 1393 ἀληθὲς
1386 1340 1528 1388 ἐκεῖνος
1544 1337 1699 1394 διεξῄει.

238 1405 440 1463 “dolorm
459 1408 563 1461 μέν’)
602 1407 678 1464 ἔφη
708 1404 857 1460 ε(τῆσδε
878 1411 948 1460 τῆς
966 1412 1158 1463 στρατιᾶς
1176 1405 1276 1449 ἔπτὰ
1297 1409 1363 1448 καὶ
1387 1405 1600 1463 τριάκοντα
1621 1410 1699 1448 τῶν

244 1477 346 1531 παρ’
368 1474 463 1530 ἡμῖν
492 1474 819 1532 στρατηγούντων
846 1475 1025 1531 ἀνδρῶν,
1060 1475 1105 1516 τὸ
1129 1476 1170 1516 δὲ
1189 1476 1259 1532 ἐφ’
1286 1475 1410 1517 ἅπασι
1429 1473 1575 1530 κράτος
1596 1475 1699 1515 Διο-

242 1542 379 1593 νύσιος
398 1544 487 1597 ἔχει.
555 1543 583 1597 ἥ
608 1560 649 1598 γε
669 1543 750 1597 μὴν
772 1543 940 1598 στρατιὰ
959 1545 1000 1592 ἐς
1018 1544 1294 1585 πεντεκαίδεκα
1312 1544 1384 1592 τὰς
1403 1541 1536 1591 πάσας
1551 1541 1698 1597 ἤθροι-

187 1624 219 1659 Β
244 1628 335 1653 σται
363 1610 552 1665 χιλιάδας
586 1612 743 1667 ἀνδρῶν
774 1609 1069 1667 καταφράκτων
1093 1611 1241 1653 ἱππέων
1260 1614 1432 1661 τοξοτῶν
1454 1627 1493 1651 τε
1513 1612 1579 1651 καὶ
1602 1613 1755 1651 πελ-20

240 1684 410 1721 ταστῶν.
459 1678 562 1721 οὕτω
583 1681 625 1721 δὲ
644 1678 828 1734 θάρσους
844 1680 1038 1735 περίεστιν
1061 1679 1217 1731 αὐτοῖς,
1253 1678 1307 1729 ὡς
1326 1679 1428 1733 μηδὲ
1448 1678 1519 1732 τὴν
1537 1676 1698 1733 πρώτην

235 1746 458 1802 Ῥωμαίους
489 1746 791 1802 ὑποστήσεσθαι
820 1747 923 1789 κατὰ
950 1751 1043 1788 νοῦν
1071 1747 1214 1800 ε’χειν.”
1283 1746 1435 1789 τούτων
1450 1744 1699 1802 Ἀνδρόνικος

333 1867 367 1901 6.
397 1861 627 1909 ἀπέσταλτο]
663 1865 779 1899 Malim
807 1862 1016 1898 ἐπέσταλτο.
1164 1864 1247 1899 ibid.
1282 1859 1384 1903 ὅπως
1418 1875 1457 1898 τε
1488 1862 1696 1908 τάξασθαι]

335 1912 420 1945 Cod.
446 1908 547 1950 ὅπως
571 1909 809 1952 τετάξασθαι.
853 1911 938 1946 Duc.
963 1907 1064 1950 ὅπως
1087 1908 1390 1953 παρατάξασθαι.
1531 1911 1584 1945 15.
1608 1907 1696 1954 ἄφί-

331 1959 484 2002 κονται]
512 1954 719 2001 ἀφίκωνται
728 1956 746 1990 ?

335 2060 368 2094 7.
416 2060 517 2093 Hunc
531 2060 686 2092 fortunae
704 2057 827 2092 exitum
841 2068 898 2091 res
911 2056 1021 2091 Alexii
1035 2056 1235 2091 habuerunt.
1260 2056 1445 2101 imperator
1458 2059 1580 2097 autem,
1595 2056 1695 2090 Hun-

243 2105 359 2150 garico
375 2105 523 2138 exercitu
540 2105 583 2138 ad
599 2104 751 2137 Sirmium
767 2109 979 2145 transeunte,
995 2103 1105 2148 copias
1120 2114 1160 2136 eo
1177 2103 1283 2146 misit,
1299 2103 1420 2147 quibus
1434 2105 1611 2147 praefuere
1625 2107 1694 2136 tum

241 2151 299 2184 alii
315 2151 456 2184 Romani
473 2150 575 2183 duces
594 2155 660 2183 tum
677 2150 886 2183 Andronicus
901 2149 1027 2183 sororis
1042 2159 1123 2182 suae
1137 2149 1244 2191 filius,
1278 2153 1498 2193 cognomento
1513 2148 1695 2181 Contoste-

240 2197 371 2241 phanus
382 2220 391 2235 ‚
413 2196 501 2229 bello
517 2195 574 2228 isti
588 2206 712 2228 summo
730 2207 803 2228 cum
817 2195 955 2239 imperio
970 2194 1174 2240 praefectus.⁴
1219 2194 1295 2228 huic
1311 2194 1513 2239 potissimum
1527 2193 1694 2237 quomodo

240 2242 330 2275 acies
347 2240 541 2274 instruenda
557 2241 646 2273 foret
663 2240 896 2284 praescripsit,
926 2245 961 2274 et
983 2251 1049 2284 qua
1071 2241 1203 2274 ratione
1217 2240 1337 2274 bellum
1352 2239 1440 2272 istud
1455 2238 1696 2272 conficiendum

240 2292 410 2331 tamquam
437 2287 471 2319 in
497 2287 624 2319 tabella
648 2285 843 2320 delineavit.
889 2285 1097 2319 Andronicus
1114 2297 1194 2330 ergo
1210 2297 1283 2319 cum
1297 2285 1484 2318 traiecisset
1497 2284 1621 2317 Savum
1635 2295 1695 2318 ca·-

239 2333 389 2377 strisque
413 2332 651 2375 Hungarorum
675 2331 979 2376 appropinquasset
991 2357 1001 2373 ,
1028 2331 1107 2365 talia
1122 2332 1236 2365 facere
1250 2330 1402 2364 instituit.
1448 2340 1522 2363 cum
1537 2330 1694 2374 specula-

236 2383 330 2412 tores
347 2378 478 2422 quidem
496 2383 532 2411 et
548 2377 791 2421 exploratores,
816 2377 863 2409 uti
879 2377 981 2420 vulgo
998 2377 1085 2410 solet
1101 2377 1185 2420 fieri,
1213 2377 1246 2410 in
1262 2376 1400 2410 hostium
1412 2374 1547 2408 mittere
1563 2375 1694 2408 exerci-

238 2428 310 2458 tum
328 2423 416 2457 haud
430 2423 616 2456 consultum
635 2427 785 2467 putaret,
817 2422 1042 2455 Romanorum
1059 2422 1186 2467 aliquot
1199 2421 1385 2467 praemisit,
1415 2420 1471 2464 qui
1486 2424 1565 2454 ante
1581 2426 1695 2454 castra.

236 2469 480 2514 procederent,
509 2468 619 2512 iisque
642 2467 821 2512 imperavit
836 2473 874 2500 ut
890 2467 1056 2513 captivum
1070 2468 1212 2512 aliquem
1228 2467 1370 2507 hostium
1383 2465 1572 2499 incursione
1584 2466 1694 2500 abdu-

234 2520 368 2549 cerent.
416 2514 463 2548 illi
478 2514 599 2558 igitur,
629 2514 677 2547 uti
694 2515 815 2547 iussum
833 2513 944 2546 fuerat
955 2541 965 2556 ‚
994 2518 1092 2557 capto
1108 2514 1205 2546 hoste
1217 2512 1359 2546 rediere.
1407 2516 1477 2544 tum
1493 2522 1575 2545 vero
1591 2512 1632 2544 ab
1650 2523 1691 2545 eo

234 2560 423 2594 sciscitatur
435 2584 445 2600 ,
477 2571 550 2594 cum
575 2559 709 2604 quantis
737 2558 840 2604 copiis
856 2558 898 2592 ad
915 2558 1069 2592 Sirmium
1084 2558 1303 2592 accessissent
1318 2556 1471 2600 Hungari
1486 2562 1522 2590 et
1536 2557 1613 2601 quid
1629 2557 1693 2591 de·

234 2616 322 2639 mum
337 2605 361 2638 ii
377 2606 491 2639 facere
507 2605 765 2638 constituissent.
805 2604 912 2638 omnia
927 2603 1140 2649 itaquevnude
1157 2614 1303 2648 vereque
1317 2602 1373 2636 ille
1386 2613 1544 2635 enarrans
1560 2604 1693 2647 “prae·
1722 2612 1727 2615 ·

233 2650 338 2685 sunt’'
364 2650 472 2694 inquit
497 2652 520 2669 ‘²
531 2651 608 2684 huic
624 2650 786 2684 exercitui
803 2654 932 2694 septem
948 2654 983 2683 et
999 2650 1133 2692 triginta
1148 2649 1280 2683 militiae
1295 2647 1384 2692 apud
1400 2659 1460 2681 nos
1475 2648 1599 2681 duces:
1630 2646 1692 2683 sed

233 2696 384 2732 omnibus
400 2706 554 2740 supremo
570 2696 641 2729 iure
657 2697 796 2740 imperat
811 2695 1002 2738 Dionysius.
1049 2700 1140 2728 totus
1166 2705 1246 2727 vero
1261 2693 1433 2727 exercitus
1445 2693 1632 2737 quindecim
1648 2693 1692 2728 ad

233 2753 392 2777 summum
410 2741 607 2775 bellatorum
623 2742 764 2775 millibus
780 2745 934 2781 constat,
967 2740 1084 2784 partim
1101 2739 1245 2784 equitum
1269 2739 1578 2783 cataphractorum,
1608 2749 1692 2784 par-

232 2789 290 2824 tim
305 2786 554 2832 sagittariorum
571 2791 607 2820 et
623 2787 852 2831 peltastarum.
885 2790 979 2819 tanta
995 2796 1076 2819 vero
1094 2785 1134 2818 iis
1149 2785 1237 2818 inest
1251 2784 1392 2818 audacia
1403 2809 1414 2826 ‚
1441 2791 1479 2818 ut
1495 2796 1537 2818 ne
1551 2785 1690 2830 primum

233 2833 368 2879 quidem
388 2832 520 2868 illorum
539 2832 700 2877 impetum
725 2831 890 2866 sustinere
914 2842 1014 2875 posse
1036 2830 1206 2864 Romanos
1230 2829 1295 2864 sibi
1320 2830 1559 2875 persuadeant.
1569 2829 1589 2846 ”
1634 2829 1689 2864 Ιώ
