<?xml version="1.0" encoding="UTF-8"?>
<!DOCTYPE html PUBLIC "-//W3C//DTD XHTML 1.0 Transitional//EN"
    "http://www.w3.org/TR/xhtml1/DTD/xhtml1-transitional.dtd">
<html xmlns="http://www.w3.org/1999/xhtml" xml:lang="en" lang="en">
 <head>
  <title>
</title>
<meta http-equiv="Content-Type" content="text/html;charset=utf-8" />
  <meta name='ocr-system' content='tesseract 3.04.00' />
  <meta name='ocr-capabilities' content='ocr_page ocr_carea ocr_par ocr_line ocrx_word'/>
</head>
<body>
  <div class='ocr_page' id='page_1' title='image "./corpusscriptorum26niebuoft_0216.png"; bbox 0 0 1878 3262; ppageno 0'>
   <div class='ocr_carea' id='block_1_1' title="bbox 215 171 1179 231">
    <p class='ocr_par' dir='ltr' id='par_1_1' title="bbox 215 171 1179 231">
     <span class='ocr_line' id='line_1_1' title="bbox 215 171 1179 231; baseline -0.008 0"><span class='ocrx_word' id='word_1_1' title='bbox 215 171 307 231; x_wconf 80' lang='lat'><strong>184</strong></span> <span class='ocrx_word' id='word_1_2' title='bbox 692 180 916 224; x_wconf 82' lang='lat' dir='ltr'><strong>10ANN1s</strong></span> <span class='ocrx_word' id='word_1_3' title='bbox 951 179 1179 224; x_wconf 80' lang='lat' dir='ltr'><strong>CINNAMI</strong></span> 
     </span>
    </p>
   </div>
   <div class='ocr_carea' id='block_1_2' title="bbox 161 290 1738 1860">
    <p class='ocr_par' dir='ltr' id='par_1_2' title="bbox 211 290 1667 490">
     <span class='ocr_line' id='line_1_2' title="bbox 211 290 1666 354; baseline -0.001 -12"><span class='ocrx_word' id='word_1_4' title='bbox 211 295 441 342; x_wconf 74' lang='grc' dir='ltr'><strong><em>ἐπιτάττειν.</em></strong></span> <span class='ocrx_word' id='word_1_5' title='bbox 509 297 638 336; x_wconf 87' lang='grc' dir='ltr'><strong><em>ταῦτα</em></strong></span> <span class='ocrx_word' id='word_1_6' title='bbox 664 290 985 347; x_wconf 80' lang='grc' dir='ltr'><strong><em>βουλευσάμενος</em></strong></span> <span class='ocrx_word' id='word_1_7' title='bbox 1011 293 1052 335; x_wconf 71' lang='grc' dir='ltr'><strong><em>ἓν</em></strong></span> <span class='ocrx_word' id='word_1_8' title='bbox 1065 293 1280 354; x_wconf 67' lang='grc' dir='ltr'><strong><em>Ἀντιοχείᾳ</em></strong></span> <span class='ocrx_word' id='word_1_9' title='bbox 1299 294 1575 352; x_wconf 84' lang='grc' dir='ltr'><strong><em>παραγίνεται,</em></strong></span> <span class='ocrx_word' id='word_1_10' title='bbox 1610 298 1666 348; x_wconf 77' lang='grc' dir='ltr'><strong>εἲς</strong></span> 
     </span>
     <span class='ocr_line' id='line_1_3' title="bbox 213 360 1666 422; baseline 0 -15"><span class='ocrx_word' id='word_1_11' title='bbox 213 365 354 422; x_wconf 86' lang='grc' dir='ltr'><strong><em>λόγους</em></strong></span> <span class='ocrx_word' id='word_1_12' title='bbox 383 381 424 405; x_wconf 88' lang='grc' dir='ltr'><strong>τε</strong></span> <span class='ocrx_word' id='word_1_13' title='bbox 448 361 689 416; x_wconf 75' lang='grc' dir='ltr'><strong><em>Ἀντιοχεῦσι</em></strong></span> <span class='ocrx_word' id='word_1_14' title='bbox 708 362 910 412; x_wconf 84' lang='grc' dir='ltr'><strong><em>καταστὰς</em></strong></span> <span class='ocrx_word' id='word_1_15' title='bbox 937 360 1209 416; x_wconf 55' lang='grc' dir='ltr'><strong><em>ὗπεμιιᾷινησκέ</em></strong></span> <span class='ocrx_word' id='word_1_16' title='bbox 1231 379 1273 404; x_wconf 84' lang='grc' dir='ltr'><strong>τε</strong></span> <span class='ocrx_word' id='word_1_17' title='bbox 1301 364 1479 419; x_wconf 68' lang='grc' dir='ltr'><strong><em>ἐπίτηδες</em></strong></span> <span class='ocrx_word' id='word_1_18' title='bbox 1507 364 1666 417; x_wconf 74' lang='grc' dir='ltr'><strong><em>αὐτούς,</em></strong></span> 
     </span>
     <span class='ocr_line' id='line_1_4' title="bbox 214 430 1667 490; baseline 0.001 -15"><span class='ocrx_word' id='word_1_19' title='bbox 214 434 321 482; x_wconf 80' lang='grc' dir='ltr'><strong><em>ὅπως</em></strong></span> <span class='ocrx_word' id='word_1_20' title='bbox 340 432 402 473; x_wconf 68' lang='grc' dir='ltr'><strong>ἐπὶ</strong></span> <span class='ocrx_word' id='word_1_21' title='bbox 421 435 479 489; x_wconf 75' lang='grc' dir='ltr'><strong>τῷ</strong></span> <span class='ocrx_word' id='word_1_22' title='bbox 498 430 635 481; x_wconf 77' lang='grc' dir='ltr'><strong><em>αὐτοῖς</em></strong></span> <span class='ocrx_word' id='word_1_23' title='bbox 654 432 871 481; x_wconf 81' lang='grc' dir='ltr'><strong><em>ξυνοίσοντι</em></strong></span> <span class='ocrx_word' id='word_1_24' title='bbox 898 431 1078 473; x_wconf 72' lang='grc' dir='ltr'><strong><em>ἐνταῦθα</em></strong></span> <span class='ocrx_word' id='word_1_25' title='bbox 1096 431 1372 486; x_wconf 80' lang='grc' dir='ltr'><strong><em>Παλαιστίνης</em></strong></span> <span class='ocrx_word' id='word_1_26' title='bbox 1399 433 1582 490; x_wconf 79' lang='grc' dir='ltr'><strong><em>ἀφίκοιτο</em></strong></span> <span class='ocrx_word' id='word_1_27' title='bbox 1601 436 1667 476; x_wconf 82' lang='grc' dir='ltr'><strong>καὶ</strong></span> 
     </span>
    </p>

    <p class='ocr_par' dir='ltr' id='par_1_3' title="bbox 163 497 1730 1243">
     <span class='ocr_line' id='line_1_5' title="bbox 163 497 1668 557; baseline 0 -13"><span class='ocrx_word' id='word_1_28' title='bbox 163 513 193 546; x_wconf 89' lang='lat' dir='ltr'>C</span> <span class='ocrx_word' id='word_1_29' title='bbox 217 500 272 551; x_wconf 81' lang='grc' dir='ltr'><strong><em>ὥς</em></strong></span> <span class='ocrx_word' id='word_1_30' title='bbox 289 501 468 557; x_wconf 79' lang='grc' dir='ltr'><em>χαρίτων</em></span> <span class='ocrx_word' id='word_1_31' title='bbox 487 499 598 557; x_wconf 72' lang='grc' dir='ltr'><strong><em>αὐτῷ</em></strong></span> <span class='ocrx_word' id='word_1_32' title='bbox 615 498 798 556; x_wconf 89' lang='grc' dir='ltr'><strong><em>μεγάλων</em></strong></span> <span class='ocrx_word' id='word_1_33' title='bbox 824 500 1023 557; x_wconf 74' lang='grc' dir='ltr'><strong><em>ὀφειλέται</em></strong></span> <span class='ocrx_word' id='word_1_34' title='bbox 1050 497 1313 554; x_wconf 79' lang='grc' dir='ltr'><strong><em>τυγχάνουσιν</em></strong></span> <span class='ocrx_word' id='word_1_35' title='bbox 1331 498 1451 550; x_wconf 70' lang='grc' dir='ltr'><strong><em>ὄντες.</em></strong></span> <span class='ocrx_word' id='word_1_36' title='bbox 1517 506 1597 544; x_wconf 80' lang='grc' dir='ltr'><strong>τῶν</strong></span> <span class='ocrx_word' id='word_1_37' title='bbox 1625 503 1668 544; x_wconf 75' lang='grc' dir='ltr'><strong><em>δὲ</em></strong></span> 
     </span>
     <span class='ocr_line' id='line_1_6' title="bbox 214 565 1700 629; baseline 0.001 -18"><span class='ocrx_word' id='word_1_38' title='bbox 214 566 516 624; x_wconf 78' lang='grc' dir='ltr'><strong><em>ὁμολογούντων</em></strong></span> <span class='ocrx_word' id='word_1_39' title='bbox 524 599 539 620; x_wconf 85' lang='lat'><em>,</em></span> <span class='ocrx_word' id='word_1_40' title='bbox 579 568 707 629; x_wconf 69' lang='grc' dir='ltr'><strong><em>ἓδεΐτσ</em></strong></span> <span class='ocrx_word' id='word_1_41' title='bbox 734 569 801 610; x_wconf 83' lang='grc' dir='ltr'><strong>καὶ</strong></span> <span class='ocrx_word' id='word_1_42' title='bbox 833 567 951 610; x_wconf 88' lang='grc' dir='ltr'><strong><em>πάλιν</em></strong></span> <span class='ocrx_word' id='word_1_43' title='bbox 976 568 1175 623; x_wconf 75' lang='grc' dir='ltr'><strong><em>βασιλέως</em></strong></span> <span class='ocrx_word' id='word_1_44' title='bbox 1202 565 1310 616; x_wconf 81' lang='grc' dir='ltr'><strong><em>ὅπως</em></strong></span> <span class='ocrx_word' id='word_1_45' title='bbox 1337 566 1386 609; x_wconf 79' lang='grc' dir='ltr'><strong><em>ἂν</em></strong></span> <span class='ocrx_word' id='word_1_46' title='bbox 1404 568 1513 627; x_wconf 77' lang='grc' dir='ltr'><strong><em>ἀὐτῷ</em></strong></span> <span class='ocrx_word' id='word_1_47' title='bbox 1530 570 1700 626; x_wconf 57' lang='lat' dir='ltr'><strong>‹myst-5</strong></span> 
     </span>
     <span class='ocr_line' id='line_1_7' title="bbox 214 633 1670 695; baseline 0.001 -15"><span class='ocrx_word' id='word_1_48' title='bbox 214 655 335 681; x_wconf 83' lang='grc' dir='ltr'><strong><em>νοιτο.</em></strong></span> <span class='ocrx_word' id='word_1_49' title='bbox 404 633 425 679; x_wconf 83' lang='grc' dir='ltr'><strong>ὅ</strong></span> <span class='ocrx_word' id='word_1_50' title='bbox 456 637 499 679; x_wconf 81' lang='grc' dir='ltr'><strong><em>δὲ</em></strong></span> <span class='ocrx_word' id='word_1_51' title='bbox 526 638 656 687; x_wconf 77' lang='grc' dir='ltr'><strong><em>συνεὶς</em></strong></span> <span class='ocrx_word' id='word_1_52' title='bbox 688 641 759 692; x_wconf 79' lang='grc' dir='ltr'><strong>τῆς</strong></span> <span class='ocrx_word' id='word_1_53' title='bbox 788 641 861 678; x_wconf 80' lang='grc' dir='ltr'><strong>τοῦ</strong></span> <span class='ocrx_word' id='word_1_54' title='bbox 890 634 1109 694; x_wconf 70' lang='grc' dir='ltr'><strong><em>ἀνθρώπου</em></strong></span> <span class='ocrx_word' id='word_1_55' title='bbox 1140 637 1319 686; x_wconf 78' lang='grc' dir='ltr'><strong><em>διανοίας</em></strong></span> <span class='ocrx_word' id='word_1_56' title='bbox 1343 636 1389 678; x_wconf 80' lang='grc' dir='ltr'><strong>τὸ</strong></span> <span class='ocrx_word' id='word_1_57' title='bbox 1415 637 1488 690; x_wconf 76' lang='grc' dir='ltr'><strong>μὲν</strong></span> <span class='ocrx_word' id='word_1_58' title='bbox 1513 643 1670 695; x_wconf 84' lang='grc' dir='ltr'><strong><em>πρῶτον</em></strong></span> 
     </span>
     <span class='ocr_line' id='line_1_8' title="bbox 215 703 1673 763; baseline 0 -15"><span class='ocrx_word' id='word_1_59' title='bbox 215 706 402 748; x_wconf 78' lang='grc' dir='ltr'><strong><em>ἀπένευσε</em></strong></span> <span class='ocrx_word' id='word_1_60' title='bbox 415 737 429 757; x_wconf 85' lang='grc'>,</span> <span class='ocrx_word' id='word_1_61' title='bbox 465 704 524 760; x_wconf 84' lang='grc' dir='ltr'><strong><em>μὴ</em></strong></span> <span class='ocrx_word' id='word_1_62' title='bbox 553 704 602 747; x_wconf 77' lang='grc' dir='ltr'><strong><em>ἂν</em></strong></span> <span class='ocrx_word' id='word_1_63' title='bbox 630 710 703 760; x_wconf 82' lang='grc' dir='ltr'><strong>τῆς</strong></span> <span class='ocrx_word' id='word_1_64' title='bbox 729 704 896 760; x_wconf 79' lang='grc' dir='ltr'><strong><em>δεούσης</em></strong></span> <span class='ocrx_word' id='word_1_65' title='bbox 924 711 1055 760; x_wconf 78' lang='grc' dir='ltr'><strong><em>τυχεῖν</em></strong></span> <span class='ocrx_word' id='word_1_66' title='bbox 1081 704 1203 747; x_wconf 72' lang='grc' dir='ltr'><strong><em>αὐτὸν</em></strong></span> <span class='ocrx_word' id='word_1_67' title='bbox 1231 703 1527 762; x_wconf 75' lang='grc' dir='ltr'><strong><em>ἰσχυριζόμενος</em></strong></span> <span class='ocrx_word' id='word_1_68' title='bbox 1555 711 1673 763; x_wconf 80' lang='grc' dir='ltr'><strong><em>φιλο-</em></strong></span> 
     </span>
     <span class='ocr_line' id='line_1_9' title="bbox 216 772 1675 832; baseline 0.001 -16"><span class='ocrx_word' id='word_1_69' title='bbox 216 772 422 832; x_wconf 78' lang='grc' dir='ltr'><strong><em>φροσύνης</em></strong></span> <span class='ocrx_word' id='word_1_70' title='bbox 438 790 479 816; x_wconf 89' lang='grc' dir='ltr'><strong>τε</strong></span> <span class='ocrx_word' id='word_1_71' title='bbox 498 775 564 826; x_wconf 70' lang='grc' dir='ltr'><strong>καὶ</strong></span> <span class='ocrx_word' id='word_1_72' title='bbox 586 772 823 827; x_wconf 80' lang='grc' dir='ltr'><strong><em>δεξιώσεως,</em></strong></span> <span class='ocrx_word' id='word_1_73' title='bbox 865 774 906 816; x_wconf 76' lang='grc' dir='ltr'><strong>εἴ</strong></span> <span class='ocrx_word' id='word_1_74' title='bbox 915 791 958 830; x_wconf 88' lang='grc' dir='ltr'><strong>γε</strong></span> <span class='ocrx_word' id='word_1_75' title='bbox 983 775 1046 816; x_wconf 75' lang='grc' dir='ltr'><strong>ἐπὶ</strong></span> <span class='ocrx_word' id='word_1_76' title='bbox 1069 774 1202 828; x_wconf 82' lang='grc' dir='ltr'><strong><em>μέσων</em></strong></span> <span class='ocrx_word' id='word_1_77' title='bbox 1220 775 1419 828; x_wconf 88' lang='grc' dir='ltr'><strong><em>πολεμίων</em></strong></span> <span class='ocrx_word' id='word_1_78' title='bbox 1437 773 1562 831; x_wconf 67' lang='grc' dir='ltr'><strong><em>ἔργων</em></strong></span> <span class='ocrx_word' id='word_1_79' title='bbox 1584 777 1675 818; x_wconf 86' lang='grc' dir='ltr'><strong><em>δια-</em></strong></span> 
     </span>
     <span class='ocr_line' id='line_1_10' title="bbox 216 839 1677 901; baseline 0.001 -16"><span class='ocrx_word' id='word_1_80' title='bbox 216 845 392 901; x_wconf 76' lang='grc' dir='ltr'><strong><em>τρίβοντι</em></strong></span> <span class='ocrx_word' id='word_1_81' title='bbox 421 839 641 897; x_wconf 73' lang='grc' dir='ltr'><strong><em>ὁμιλήσειεν</em></strong></span> <span class='ocrx_word' id='word_1_82' title='bbox 671 842 800 900; x_wconf 75' lang='grc' dir='ltr'><strong><em>αὐτῷ·</em></strong></span> <span class='ocrx_word' id='word_1_83' title='bbox 839 843 1058 899; x_wconf 74' lang='grc' dir='ltr'><strong><em>ἐγκείμενον</em></strong></span> <span class='ocrx_word' id='word_1_84' title='bbox 1091 843 1131 885; x_wconf 67' lang='grc' dir='ltr'><strong><em>δ’</em></strong></span> <span class='ocrx_word' id='word_1_85' title='bbox 1158 841 1214 884; x_wconf 68' lang='grc' dir='ltr'><strong>ἔτι</strong></span> <span class='ocrx_word' id='word_1_86' title='bbox 1240 846 1395 896; x_wconf 83' lang='grc' dir='ltr'><strong><em>μᾶλλον</em></strong></span> <span class='ocrx_word' id='word_1_87' title='bbox 1423 841 1531 900; x_wconf 82' lang='grc' dir='ltr'><strong><em>ὃριόν</em></strong></span> <span class='ocrx_word' id='word_1_88' title='bbox 1554 843 1677 886; x_wconf 77' lang='grc' dir='ltr'><strong><em>αὐτὸν</em></strong></span> 
     </span>
     <span class='ocr_line' id='line_1_11' title="bbox 215 909 1730 968; baseline -0.001 -14"><span class='ocrx_word' id='word_1_89' title='bbox 215 913 283 954; x_wconf 83' lang='grc' dir='ltr'><strong>καὶ</strong></span> <span class='ocrx_word' id='word_1_90' title='bbox 302 913 391 968; x_wconf 84' lang='grc' dir='ltr'><strong><em>περὶ</em></strong></span> <span class='ocrx_word' id='word_1_91' title='bbox 410 914 490 953; x_wconf 79' lang='grc' dir='ltr'><strong>τῶν</strong></span> <span class='ocrx_word' id='word_1_92' title='bbox 510 911 642 954; x_wconf 81' lang='grc' dir='ltr'><strong><em>αὐτῶν</em></strong></span> <span class='ocrx_word' id='word_1_93' title='bbox 661 909 854 968; x_wconf 74' lang='grc' dir='ltr'><strong><em>ὁσημέραι</em></strong></span> <span class='ocrx_word' id='word_1_94' title='bbox 882 910 1105 953; x_wconf 76' lang='grc' dir='ltr'><strong><em>ἱκετεύοντα</em></strong></span> <span class='ocrx_word' id='word_1_95' title='bbox 1136 911 1291 953; x_wconf 74' lang='grc' dir='ltr'><strong><em>ἕπε’νευέ</em></strong></span> <span class='ocrx_word' id='word_1_96' title='bbox 1306 928 1346 953; x_wconf 89' lang='grc' dir='ltr'><strong>τε</strong></span> <span class='ocrx_word' id='word_1_97' title='bbox 1366 915 1416 968; x_wconf 84' lang='grc' dir='ltr'><strong>τῇ</strong></span> <span class='ocrx_word' id='word_1_98' title='bbox 1436 910 1588 966; x_wconf 78' lang='grc' dir='ltr'><strong><em>αἰτήσει</em></strong></span> <span class='ocrx_word' id='word_1_99' title='bbox 1608 914 1676 955; x_wconf 85' lang='grc' dir='ltr'><strong>καὶ</strong></span> <span class='ocrx_word' id='word_1_100' title='bbox 1686 918 1730 953; x_wconf 89' lang='grc'><strong>10</strong></span> 
     </span>
     <span class='ocr_line' id='line_1_12' title="bbox 215 974 1678 1038; baseline 0.001 -17"><span class='ocrx_word' id='word_1_101' title='bbox 215 979 324 1034; x_wconf 74' lang='grc' dir='ltr'><strong><em>ἥκειν</em></strong></span> <span class='ocrx_word' id='word_1_102' title='bbox 355 980 518 1022; x_wconf 73' lang='grc' dir='ltr'><strong><em>ἐκέλευε.</em></strong></span> <span class='ocrx_word' id='word_1_103' title='bbox 587 982 739 1036; x_wconf 74' lang='grc' dir='ltr'><strong><em>λέγεται</em></strong></span> <span class='ocrx_word' id='word_1_104' title='bbox 774 974 844 1021; x_wconf 74' lang='grc' dir='ltr'><strong><em>οὖν</em></strong></span> <span class='ocrx_word' id='word_1_105' title='bbox 874 978 933 1022; x_wconf 83' lang='grc' dir='ltr'><strong>ὅτι</strong></span> <span class='ocrx_word' id='word_1_106' title='bbox 962 978 1116 1029; x_wconf 71' lang='grc' dir='ltr'><strong><em>ἐξιόντα</em></strong></span> <span class='ocrx_word' id='word_1_107' title='bbox 1145 984 1218 1033; x_wconf 81' lang='grc' dir='ltr'><strong>τῆς</strong></span> <span class='ocrx_word' id='word_1_108' title='bbox 1244 977 1396 1030; x_wconf 85' lang='grc' dir='ltr'><strong><em>πόλεως</em></strong></span> <span class='ocrx_word' id='word_1_109' title='bbox 1424 979 1678 1038; x_wconf 82' lang='grc' dir='ltr'><strong><em>περιστάντες</em></strong></span> 
     </span>
     <span class='ocr_line' id='line_1_13' title="bbox 217 1047 1679 1105; baseline 0.001 -15"><span class='ocrx_word' id='word_1_110' title='bbox 217 1048 340 1091; x_wconf 77' lang='grc' dir='ltr'><strong><em>αὐτὸν</em></strong></span> <span class='ocrx_word' id='word_1_111' title='bbox 368 1048 406 1090; x_wconf 81' lang='grc' dir='ltr'><strong>οἳ</strong></span> <span class='ocrx_word' id='word_1_112' title='bbox 423 1048 636 1101; x_wconf 79' lang='grc' dir='ltr'><strong><em>Ἀντιοχεῖς</em></strong></span> <span class='ocrx_word' id='word_1_113' title='bbox 663 1049 818 1090; x_wconf 74' lang='grc' dir='ltr'><strong><em>ἐδέοντο</em></strong></span> <span class='ocrx_word' id='word_1_114' title='bbox 833 1080 845 1099; x_wconf 88' lang='grc'>,</span> <span class='ocrx_word' id='word_1_115' title='bbox 885 1047 993 1098; x_wconf 80' lang='grc' dir='ltr'><strong><em>ὅπως</em></strong></span> <span class='ocrx_word' id='word_1_116' title='bbox 1013 1047 1061 1090; x_wconf 80' lang='grc' dir='ltr'><strong><em>ἂν</em></strong></span> <span class='ocrx_word' id='word_1_117' title='bbox 1080 1048 1190 1105; x_wconf 74' lang='grc' dir='ltr'><strong><em>αὐτῷ</em></strong></span> <span class='ocrx_word' id='word_1_118' title='bbox 1209 1048 1359 1090; x_wconf 80' lang='grc' dir='ltr'><strong><em>’δυνατὰ</em></strong></span> <span class='ocrx_word' id='word_1_119' title='bbox 1379 1047 1489 1091; x_wconf 66' lang='grc' dir='ltr'><strong><em>ἔσται</em></strong></span> <span class='ocrx_word' id='word_1_120' title='bbox 1506 1050 1679 1104; x_wconf 74' lang='grc' dir='ltr'><strong><em>βασιλέα</em></strong></span> 
     </span>
     <span class='ocr_line' id='line_1_14' title="bbox 215 1114 1679 1174; baseline 0.001 -15"><span class='ocrx_word' id='word_1_121' title='bbox 215 1118 332 1173; x_wconf 74' lang='grc' dir='ltr'><strong><em>σφίσι</em></strong></span> <span class='ocrx_word' id='word_1_122' title='bbox 366 1114 591 1166; x_wconf 76' lang='grc' dir='ltr'><strong><em>διαλλάξαι.</em></strong></span> <span class='ocrx_word' id='word_1_123' title='bbox 659 1117 700 1158; x_wconf 78' lang='grc' dir='ltr'><strong><em>ἒν</em></strong></span> <span class='ocrx_word' id='word_1_124' title='bbox 730 1114 859 1174; x_wconf 78' lang='grc' dir='ltr'><strong><em>τούτῳ</em></strong></span> <span class='ocrx_word' id='word_1_125' title='bbox 877 1117 920 1158; x_wconf 78' lang='grc' dir='ltr'><strong><em>δὲ</em></strong></span> <span class='ocrx_word' id='word_1_126' title='bbox 935 1115 1068 1159; x_wconf 90' lang='grc' dir='ltr'><strong><em>τοιάδε</em></strong></span> <span class='ocrx_word' id='word_1_127' title='bbox 1088 1117 1176 1158; x_wconf 82' lang='grc' dir='ltr'><strong><em>τινὰ</em></strong></span> <span class='ocrx_word' id='word_1_128' title='bbox 1196 1118 1237 1166; x_wconf 80' lang='grc' dir='ltr'><strong><em>ἒς</em></strong></span> <span class='ocrx_word' id='word_1_129' title='bbox 1254 1116 1326 1171; x_wconf 80' lang='grc' dir='ltr'><strong>τὴν</strong></span> <span class='ocrx_word' id='word_1_130' title='bbox 1342 1119 1542 1170; x_wconf 77' lang='grc' dir='ltr'><strong><em>βασιλέως</em></strong></span> <span class='ocrx_word' id='word_1_131' title='bbox 1563 1119 1679 1160; x_wconf 78' lang='grc' dir='ltr'><strong><em>συνέ-</em></strong></span> 
     </span>
     <span class='ocr_line' id='line_1_15' title="bbox 218 1178 1678 1243; baseline 0 -16"><span class='ocrx_word' id='word_1_132' title='bbox 218 1201 334 1227; x_wconf 75' lang='grc' dir='ltr'><strong><em>πεσεν</em></strong></span> <span class='ocrx_word' id='word_1_133' title='bbox 355 1182 495 1238; x_wconf 74' lang='grc' dir='ltr'><strong><em>αὐλήν.</em></strong></span> <span class='ocrx_word' id='word_1_134' title='bbox 542 1178 592 1238; x_wconf 71' lang='grc' dir='ltr'><strong><em>ἦν</em></strong></span> <span class='ocrx_word' id='word_1_135' title='bbox 611 1201 671 1235; x_wconf 89' lang='grc' dir='ltr'><strong>τις</strong></span> <span class='ocrx_word' id='word_1_136' title='bbox 688 1183 1036 1242; x_wconf 67' lang='grc' dir='ltr'><strong><em>ὑπογραμματέων</em></strong></span> <span class='ocrx_word' id='word_1_137' title='bbox 1052 1186 1160 1243; x_wconf 75' lang='grc' dir='ltr'><strong><em>αὐτῷ</em></strong></span> <span class='ocrx_word' id='word_1_138' title='bbox 1183 1183 1396 1242; x_wconf 86' lang='grc' dir='ltr'><strong><em>Θεόδωρος</em></strong></span> <span class='ocrx_word' id='word_1_139' title='bbox 1412 1184 1540 1239; x_wconf 76' lang='grc' dir='ltr'><strong><em>ὄνομα</em></strong></span> <span class='ocrx_word' id='word_1_140' title='bbox 1549 1218 1562 1238; x_wconf 83' lang='grc'>,</span> <span class='ocrx_word' id='word_1_141' title='bbox 1593 1187 1678 1228; x_wconf 76' lang='grc' dir='ltr'><strong><em>ἐπί-</em></strong></span> 
     </span>
    </p>

    <p class='ocr_par' dir='ltr' id='par_1_4' title="bbox 161 1248 1738 1860">
     <span class='ocr_line' id='line_1_16' title="bbox 161 1248 1734 1310; baseline -0.002 -14"><span class='ocrx_word' id='word_1_142' title='bbox 161 1263 195 1299; x_wconf 81' lang='lat' dir='ltr'><strong>l)</strong></span> <span class='ocrx_word' id='word_1_143' title='bbox 221 1258 360 1308; x_wconf 88' lang='grc' dir='ltr'><strong><em>κλησιν</em></strong></span> <span class='ocrx_word' id='word_1_144' title='bbox 378 1250 645 1307; x_wconf 81' lang='grc' dir='ltr'><strong><em>Στυπειώτης.</em></strong></span> <span class='ocrx_word' id='word_1_145' title='bbox 699 1248 815 1303; x_wconf 68' lang='grc' dir='ltr'><strong><em>οὗτος</em></strong></span> <span class='ocrx_word' id='word_1_146' title='bbox 834 1252 855 1295; x_wconf 81' lang='grc' dir='ltr'><em>ὃ</em></span> <span class='ocrx_word' id='word_1_147' title='bbox 878 1252 1089 1310; x_wconf 81' lang='grc' dir='ltr'><strong><em>Θεόδωρος</em></strong></span> <span class='ocrx_word' id='word_1_148' title='bbox 1108 1252 1159 1295; x_wconf 88' lang='grc' dir='ltr'><strong>τά</strong></span> <span class='ocrx_word' id='word_1_149' title='bbox 1178 1271 1218 1295; x_wconf 87' lang='grc' dir='ltr'><strong>τε</strong></span> <span class='ocrx_word' id='word_1_150' title='bbox 1238 1252 1341 1295; x_wconf 77' lang='grc' dir='ltr'><strong><em>ἄλλα</em></strong></span> <span class='ocrx_word' id='word_1_151' title='bbox 1358 1253 1678 1307; x_wconf 80' lang='grc' dir='ltr'><strong><em>βασιλεῖόῗκειό-</em></strong></span> <span class='ocrx_word' id='word_1_152' title='bbox 1691 1258 1734 1293; x_wconf 86' lang='grc'><strong>15</strong></span> 
     </span>
     <span class='ocr_line' id='line_1_17' title="bbox 217 1316 1680 1380; baseline 0.001 -16"><span class='ocrx_word' id='word_1_153' title='bbox 217 1339 340 1371; x_wconf 89' lang='grc' dir='ltr'><strong><em>τατος</em></strong></span> <span class='ocrx_word' id='word_1_154' title='bbox 366 1316 437 1376; x_wconf 73' lang='grc' dir='ltr'><strong><em>ἦν,</em></strong></span> <span class='ocrx_word' id='word_1_155' title='bbox 475 1323 543 1363; x_wconf 82' lang='grc' dir='ltr'><strong>καὶ</strong></span> <span class='ocrx_word' id='word_1_156' title='bbox 570 1322 620 1375; x_wconf 87' lang='grc' dir='ltr'><strong><em>δὴ</em></strong></span> <span class='ocrx_word' id='word_1_157' title='bbox 650 1323 717 1365; x_wconf 88' lang='grc' dir='ltr'><strong>καὶ</strong></span> <span class='ocrx_word' id='word_1_158' title='bbox 745 1321 817 1376; x_wconf 78' lang='grc' dir='ltr'><strong>τὴν</strong></span> <span class='ocrx_word' id='word_1_159' title='bbox 836 1323 898 1363; x_wconf 73' lang='grc' dir='ltr'><strong>ἐπὶ</strong></span> <span class='ocrx_word' id='word_1_160' title='bbox 918 1326 991 1364; x_wconf 78' lang='grc' dir='ltr'><strong>τοῦ</strong></span> <span class='ocrx_word' id='word_1_161' title='bbox 1009 1323 1228 1364; x_wconf 84' lang='grc' dir='ltr'><strong><em>κανικλείου</em></strong></span> <span class='ocrx_word' id='word_1_162' title='bbox 1249 1323 1480 1364; x_wconf 83' lang='grc' dir='ltr'><strong><em>πεπίστευτο</em></strong></span> <span class='ocrx_word' id='word_1_163' title='bbox 1499 1327 1680 1380; x_wconf 83' lang='grc' dir='ltr'><strong><em>λειτουρ-</em></strong></span> 
     </span>
     <span class='ocr_line' id='line_1_18' title="bbox 218 1388 1680 1447; baseline 0.002 -16"><span class='ocrx_word' id='word_1_164' title='bbox 218 1391 332 1446; x_wconf 86' lang='grc' dir='ltr'><strong><em>γίαν,</em></strong></span> <span class='ocrx_word' id='word_1_165' title='bbox 373 1389 476 1432; x_wconf 78' lang='grc' dir='ltr'><strong><em>ἀλλὰ</em></strong></span> <span class='ocrx_word' id='word_1_166' title='bbox 505 1388 646 1440; x_wconf 84' lang='grc' dir='ltr'><strong><em>σκαιός</em></strong></span> <span class='ocrx_word' id='word_1_167' title='bbox 674 1408 735 1440; x_wconf 90' lang='grc' dir='ltr'><strong>τις</strong></span> <span class='ocrx_word' id='word_1_168' title='bbox 762 1392 828 1432; x_wconf 86' lang='grc' dir='ltr'><strong>καὶ</strong></span> <span class='ocrx_word' id='word_1_169' title='bbox 854 1389 1024 1440; x_wconf 77' lang='grc' dir='ltr'><strong><em>δύσνους</em></strong></span> <span class='ocrx_word' id='word_1_170' title='bbox 1049 1392 1138 1447; x_wconf 87' lang='grc' dir='ltr'><strong><em>περὶ</em></strong></span> <span class='ocrx_word' id='word_1_171' title='bbox 1168 1389 1290 1432; x_wconf 78' lang='grc' dir='ltr'><strong><em>αὐτὸν</em></strong></span> <span class='ocrx_word' id='word_1_172' title='bbox 1315 1392 1524 1447; x_wconf 70' lang='grc' dir='ltr'><strong><em>φωραθείς</em></strong></span> <span class='ocrx_word' id='word_1_173' title='bbox 1541 1409 1584 1434; x_wconf 87' lang='grc' dir='ltr'><strong>τε</strong></span> <span class='ocrx_word' id='word_1_174' title='bbox 1612 1394 1680 1434; x_wconf 88' lang='grc' dir='ltr'><strong>καὶ</strong></span> 
     </span>
     <span class='ocr_line' id='line_1_19' title="bbox 219 1456 1681 1517; baseline 0.001 -17"><span class='ocrx_word' id='word_1_175' title='bbox 219 1460 464 1514; x_wconf 68' lang='grc' dir='ltr'><strong><em>ἐξελεγχθεὶς</em></strong></span> <span class='ocrx_word' id='word_1_176' title='bbox 493 1456 627 1513; x_wconf 72' lang='grc' dir='ltr'><strong><em>ὄφεών</em></strong></span> <span class='ocrx_word' id='word_1_177' title='bbox 655 1476 695 1501; x_wconf 89' lang='grc' dir='ltr'><strong>τε</strong></span> <span class='ocrx_word' id='word_1_178' title='bbox 727 1459 860 1501; x_wconf 74' lang='grc' dir='ltr'><strong><em>αὐτῶν</em></strong></span> <span class='ocrx_word' id='word_1_179' title='bbox 887 1462 953 1502; x_wconf 87' lang='grc' dir='ltr'><strong>καὶ</strong></span> <span class='ocrx_word' id='word_1_180' title='bbox 972 1458 1149 1515; x_wconf 87' lang='grc' dir='ltr'><strong><em>γλώττης</em></strong></span> <span class='ocrx_word' id='word_1_181' title='bbox 1168 1457 1189 1500; x_wconf 82' lang='grc' dir='ltr'><strong>ὅ</strong></span> <span class='ocrx_word' id='word_1_182' title='bbox 1207 1460 1464 1513; x_wconf 84' lang='grc' dir='ltr'><strong><em>κακοδαίμων</em></strong></span> <span class='ocrx_word' id='word_1_183' title='bbox 1481 1460 1681 1517; x_wconf 68' lang='grc' dir='ltr'><strong><em>ἐστέρητο.</em></strong></span> 
     </span>
     <span class='ocr_line' id='line_1_20' title="bbox 219 1525 1680 1584; baseline 0.001 -16"><span class='ocrx_word' id='word_1_184' title='bbox 219 1525 289 1568; x_wconf 89' lang='grc' dir='ltr'><strong>τόν</strong></span> <span class='ocrx_word' id='word_1_185' title='bbox 315 1544 356 1568; x_wconf 87' lang='grc' dir='ltr'><strong>τε</strong></span> <span class='ocrx_word' id='word_1_186' title='bbox 385 1526 462 1582; x_wconf 83' lang='grc' dir='ltr'><strong>γὰρ</strong></span> <span class='ocrx_word' id='word_1_187' title='bbox 492 1531 563 1581; x_wconf 78' lang='grc' dir='ltr'><strong>τῆς</strong></span> <span class='ocrx_word' id='word_1_188' title='bbox 589 1529 691 1580; x_wconf 79' lang='grc' dir='ltr'><strong><em>ζωῆς</em></strong></span> <span class='ocrx_word' id='word_1_189' title='bbox 717 1530 845 1570; x_wconf 79' lang='grc' dir='ltr'><strong><em>αἰῶνα</em></strong></span> <span class='ocrx_word' id='word_1_190' title='bbox 875 1530 1196 1584; x_wconf 70' lang='grc' dir='ltr'><strong><em>ἕκμεμετρῆσθαι</em></strong></span> <span class='ocrx_word' id='word_1_191' title='bbox 1223 1531 1389 1581; x_wconf 81' lang='grc' dir='ltr'><strong><em>βασιλεῖ</em></strong></span> <span class='ocrx_word' id='word_1_192' title='bbox 1412 1527 1489 1582; x_wconf 74' lang='grc' dir='ltr'><strong><em>ἤδη</em></strong></span> <span class='ocrx_word' id='word_1_193' title='bbox 1521 1526 1576 1578; x_wconf 77' lang='grc' dir='ltr'><strong><em>ὡς</em></strong></span> <span class='ocrx_word' id='word_1_194' title='bbox 1601 1528 1680 1570; x_wconf 78' lang='grc' dir='ltr'><strong>ἀπὸ</strong></span> 
     </span>
     <span class='ocr_line' id='line_1_21' title="bbox 219 1594 1738 1652; baseline 0.001 -16"><span class='ocrx_word' id='word_1_195' title='bbox 219 1595 409 1650; x_wconf 86' lang='grc' dir='ltr'><strong><em>τρίποδος</em></strong></span> <span class='ocrx_word' id='word_1_196' title='bbox 429 1594 672 1650; x_wconf 80' lang='grc' dir='ltr'><strong><em>ἀπεφοίβαζε</em></strong></span> <span class='ocrx_word' id='word_1_197' title='bbox 692 1602 775 1645; x_wconf 80' lang='grc' dir='ltr'><strong><em>τοῖς</em></strong></span> <span class='ocrx_word' id='word_1_198' title='bbox 792 1599 976 1647; x_wconf 82' lang='grc' dir='ltr'><strong><em>πολλοῖς,</em></strong></span> <span class='ocrx_word' id='word_1_199' title='bbox 1015 1598 1082 1637; x_wconf 87' lang='grc' dir='ltr'><strong>καὶ</strong></span> <span class='ocrx_word' id='word_1_200' title='bbox 1097 1600 1245 1652; x_wconf 79' lang='grc' dir='ltr'><strong><em>χρῆναι</em></strong></span> <span class='ocrx_word' id='word_1_201' title='bbox 1264 1595 1369 1650; x_wconf 69' lang='grc' dir='ltr'><strong><em>ἔλεγε</em></strong></span> <span class='ocrx_word' id='word_1_202' title='bbox 1388 1596 1460 1650; x_wconf 80' lang='grc' dir='ltr'><strong>τὴν</strong></span> <span class='ocrx_word' id='word_1_203' title='bbox 1473 1594 1738 1650; x_wconf 73' lang='grc' dir='ltr'><strong><em>ῬωμαίωνΞΟ</em></strong></span> 
     </span>
     <span class='ocr_line' id='line_1_22' title="bbox 217 1662 1681 1723; baseline 0.003 -21"><span class='ocrx_word' id='word_1_204' title='bbox 217 1662 370 1717; x_wconf 82' lang='grc' dir='ltr'><strong><em>βουλὴν</em></strong></span> <span class='ocrx_word' id='word_1_205' title='bbox 408 1663 547 1716; x_wconf 76' lang='grc' dir='ltr'><strong><em>μηκέτι</em></strong></span> <span class='ocrx_word' id='word_1_206' title='bbox 583 1663 718 1723; x_wconf 66' lang='grc' dir='ltr'><strong><em>νεανία</em></strong></span> <span class='ocrx_word' id='word_1_207' title='bbox 753 1664 856 1718; x_wconf 79' lang='grc' dir='ltr'><strong><em>μηδὲ</em></strong></span> <span class='ocrx_word' id='word_1_208' title='bbox 889 1668 1108 1721; x_wconf 80' lang='grc' dir='ltr'><strong><em>σφριγῶντι</em></strong></span> <span class='ocrx_word' id='word_1_209' title='bbox 1144 1663 1218 1718; x_wconf 81' lang='grc' dir='ltr'><strong>τὴν</strong></span> <span class='ocrx_word' id='word_1_210' title='bbox 1253 1663 1380 1720; x_wconf 75' lang='grc' dir='ltr'><strong><em>ἀρχὴν</em></strong></span> <span class='ocrx_word' id='word_1_211' title='bbox 1413 1666 1681 1720; x_wconf 80' lang='grc' dir='ltr'><strong><em>παραδοῦναι,</em></strong></span> 
     </span>
     <span class='ocr_line' id='line_1_23' title="bbox 220 1729 1685 1789; baseline 0.003 -18"><span class='ocrx_word' id='word_1_212' title='bbox 220 1730 316 1772; x_wconf 72' lang='grc' dir='ltr'><strong><em>ἀλλ’</em></strong></span> <span class='ocrx_word' id='word_1_213' title='bbox 352 1730 468 1787; x_wconf 82' lang='grc' dir='ltr'><strong><em>ἀνδρὶ</em></strong></span> <span class='ocrx_word' id='word_1_214' title='bbox 497 1729 730 1787; x_wconf 87' lang='grc' dir='ltr'><strong><em>γεγηρακότι</em></strong></span> <span class='ocrx_word' id='word_1_215' title='bbox 756 1749 798 1774; x_wconf 88' lang='grc' dir='ltr'><strong>τε</strong></span> <span class='ocrx_word' id='word_1_216' title='bbox 828 1732 1006 1789; x_wconf 81' lang='grc' dir='ltr'><strong><em>ἀκριβῶς</em></strong></span> <span class='ocrx_word' id='word_1_217' title='bbox 1029 1734 1096 1774; x_wconf 84' lang='grc' dir='ltr'><strong>καὶ</strong></span> <span class='ocrx_word' id='word_1_218' title='bbox 1117 1730 1251 1788; x_wconf 74' lang='grc' dir='ltr'><strong><em>ἔξώρῳ</em></strong></span> <span class='ocrx_word' id='word_1_219' title='bbox 1270 1735 1342 1785; x_wconf 83' lang='grc' dir='ltr'><strong>τῆς</strong></span> <span class='ocrx_word' id='word_1_220' title='bbox 1359 1730 1538 1786; x_wconf 73' lang='grc' dir='ltr'><strong><em>ἧλικίας,</em></strong></span> <span class='ocrx_word' id='word_1_221' title='bbox 1576 1731 1685 1783; x_wconf 83' lang='grc' dir='ltr'><strong><em>ὅπως</em></strong></span> 
     </span>
     <span class='ocr_line' id='line_1_24' title="bbox 221 1798 1683 1860; baseline 0.002 -21"><span class='ocrx_word' id='word_1_222' title='bbox 221 1799 368 1842; x_wconf 79' lang='grc' dir='ltr'><strong><em>ἐκείνου</em></strong></span> <span class='ocrx_word' id='word_1_223' title='bbox 389 1804 447 1857; x_wconf 72' lang='grc' dir='ltr'><strong>τῷ</strong></span> <span class='ocrx_word' id='word_1_224' title='bbox 464 1798 569 1857; x_wconf 77' lang='grc' dir='ltr'><strong><em>λόγῳ</em></strong></span> <span class='ocrx_word' id='word_1_225' title='bbox 590 1799 784 1857; x_wconf 78' lang='grc' dir='ltr'><strong><em>ἄρχοντος</em></strong></span> <span class='ocrx_word' id='word_1_226' title='bbox 803 1799 858 1850; x_wconf 81' lang='grc' dir='ltr'><strong><em>ὡς</em></strong></span> <span class='ocrx_word' id='word_1_227' title='bbox 875 1802 915 1842; x_wconf 72' lang='grc' dir='ltr'><strong><em>ἐν</em></strong></span> <span class='ocrx_word' id='word_1_228' title='bbox 933 1801 1185 1860; x_wconf 67' lang='grc' dir='ltr'><strong><em>δημοκρατία</em></strong></span> <span class='ocrx_word' id='word_1_229' title='bbox 1202 1800 1254 1841; x_wconf 81' lang='grc' dir='ltr'><strong>τὰ</strong></span> <span class='ocrx_word' id='word_1_230' title='bbox 1273 1804 1344 1854; x_wconf 77' lang='grc' dir='ltr'><strong>τῆς</strong></span> <span class='ocrx_word' id='word_1_231' title='bbox 1359 1802 1559 1851; x_wconf 86' lang='grc' dir='ltr'><strong><em>πολιτείας</em></strong></span> <span class='ocrx_word' id='word_1_232' title='bbox 1576 1805 1683 1855; x_wconf 83' lang='grc' dir='ltr'><strong><em>μᾶλ-</em></strong></span> 
     </span>
    </p>
   </div>
   <div class='ocr_carea' id='block_1_3' title="bbox 315 1903 1682 1997">
    <p class='ocr_par' dir='ltr' id='par_1_5' title="bbox 315 1903 1682 1997">
     <span class='ocr_line' id='line_1_25' title="bbox 316 1903 1682 1954; baseline 0.001 -12"><span class='ocrx_word' id='word_1_233' title='bbox 316 1909 348 1942; x_wconf 85' lang='grc'><strong>1.</strong></span> <span class='ocrx_word' id='word_1_234' title='bbox 373 1903 605 1952; x_wconf 78' lang='grc' dir='ltr'><strong><em>ἐπιτάττειν]</em></strong></span> <span class='ocrx_word' id='word_1_235' title='bbox 629 1907 728 1942; x_wconf 86' lang='lat' dir='ltr'><strong>Fort.</strong></span> <span class='ocrx_word' id='word_1_236' title='bbox 752 1904 954 1941; x_wconf 77' lang='grc' dir='ltr'><strong><em>ἐπιτάττοι.</em></strong></span> <span class='ocrx_word' id='word_1_237' title='bbox 1102 1909 1136 1942; x_wconf 88' lang='grc'><strong>7.</strong></span> <span class='ocrx_word' id='word_1_238' title='bbox 1161 1904 1452 1954; x_wconf 78' lang='grc' dir='ltr'><strong><em>ἰσχυριζόμενος]</em></strong></span> <span class='ocrx_word' id='word_1_239' title='bbox 1475 1908 1563 1943; x_wconf 84' lang='lat' dir='ltr'><strong>eod.</strong></span> <span class='ocrx_word' id='word_1_240' title='bbox 1587 1908 1682 1953; x_wconf 78' lang='grc' dir='ltr'><strong><em>ἰσχυ-</em></strong></span> 
     </span>
     <span class='ocr_line' id='line_1_26' title="bbox 315 1950 1126 1997; baseline 0 -12"><span class='ocrx_word' id='word_1_241' title='bbox 315 1950 520 1996; x_wconf 82' lang='grc' dir='ltr'><strong><em>ριζόμενον.</em></strong></span> <span class='ocrx_word' id='word_1_242' title='bbox 657 1955 712 1987; x_wconf 76' lang='lat'><strong>20.</strong></span> <span class='ocrx_word' id='word_1_243' title='bbox 736 1952 890 1997; x_wconf 84' lang='grc' dir='ltr'><strong><em>χρῆναι]</em></strong></span> <span class='ocrx_word' id='word_1_244' title='bbox 916 1951 1002 1988; x_wconf 84' lang='lat' dir='ltr'><strong>eod.</strong></span> <span class='ocrx_word' id='word_1_245' title='bbox 1024 1951 1126 1996; x_wconf 84' lang='grc' dir='ltr'><strong><em>χρῆν.</em></strong></span> 
     </span>
    </p>
   </div>
   <div class='ocr_carea' id='block_1_4' title="bbox 222 2041 1685 2862">
    <p class='ocr_par' dir='ltr' id='par_1_6' title="bbox 222 2041 1685 2862">
     <span class='ocr_line' id='line_1_27' title="bbox 225 2041 1682 2091; baseline 0.001 -15"><span class='ocrx_word' id='word_1_246' title='bbox 225 2041 461 2077; x_wconf 80' lang='lat' dir='ltr'><strong>dominaretur.</strong></span> <span class='ocrx_word' id='word_1_247' title='bbox 508 2042 668 2077; x_wconf 82' lang='lat' dir='ltr'><strong>eiusmodi</strong></span> <span class='ocrx_word' id='word_1_248' title='bbox 681 2042 759 2077; x_wconf 80' lang='lat' dir='ltr'><strong>dato</strong></span> <span class='ocrx_word' id='word_1_249' title='bbox 776 2042 915 2077; x_wconf 85' lang='lat' dir='ltr'><strong>consilio</strong></span> <span class='ocrx_word' id='word_1_250' title='bbox 931 2042 1140 2077; x_wconf 77' lang='lat' dir='ltr'><strong>Antiochiam</strong></span> <span class='ocrx_word' id='word_1_251' title='bbox 1155 2042 1267 2085; x_wconf 80' lang='lat' dir='ltr'><strong>venit,</strong></span> <span class='ocrx_word' id='word_1_252' title='bbox 1296 2043 1482 2091; x_wconf 87' lang='lat' dir='ltr'><strong>habitoque</strong></span> <span class='ocrx_word' id='word_1_253' title='bbox 1497 2055 1569 2079; x_wconf 86' lang='lat' dir='ltr'><strong>cum</strong></span> <span class='ocrx_word' id='word_1_254' title='bbox 1586 2046 1682 2090; x_wconf 88' lang='lat' dir='ltr'><strong>oppi-</strong></span> 
     </span>
     <span class='ocr_line' id='line_1_28' title="bbox 225 2087 1683 2134; baseline 0.002 -14"><span class='ocrx_word' id='word_1_255' title='bbox 225 2087 322 2121; x_wconf 82' lang='lat' dir='ltr'><strong>danis</strong></span> <span class='ocrx_word' id='word_1_256' title='bbox 338 2098 490 2122; x_wconf 83' lang='lat' dir='ltr'>sermone</span> <span class='ocrx_word' id='word_1_257' title='bbox 504 2088 538 2122; x_wconf 88' lang='lat' dir='ltr'><strong>in</strong></span> <span class='ocrx_word' id='word_1_258' title='bbox 553 2089 743 2123; x_wconf 82' lang='lat' dir='ltr'><strong>memoriam</strong></span> <span class='ocrx_word' id='word_1_259' title='bbox 757 2089 798 2123; x_wconf 84' lang='lat' dir='ltr'><strong>iis</strong></span> <span class='ocrx_word' id='word_1_260' title='bbox 812 2088 1007 2129; x_wconf 82' lang='lat' dir='ltr'><strong>revocavit,</strong></span> <span class='ocrx_word' id='word_1_261' title='bbox 1035 2089 1199 2134; x_wconf 86' lang='lat' dir='ltr'><strong>quomodo</strong></span> <span class='ocrx_word' id='word_1_262' title='bbox 1226 2095 1363 2134; x_wconf 87' lang='lat' dir='ltr'><strong>propter</strong></span> <span class='ocrx_word' id='word_1_263' title='bbox 1381 2101 1498 2123; x_wconf 86' lang='lat' dir='ltr'><strong>eorum</strong></span> <span class='ocrx_word' id='word_1_264' title='bbox 1512 2090 1683 2124; x_wconf 85' lang='lat' dir='ltr'><strong>commoda</strong></span> 
     </span>
     <span class='ocr_line' id='line_1_29' title="bbox 225 2133 1683 2180; baseline 0.001 -13"><span class='ocrx_word' id='word_1_265' title='bbox 225 2144 272 2167; x_wconf 79' lang='lat' dir='ltr'><strong>ex</strong></span> <span class='ocrx_word' id='word_1_266' title='bbox 286 2133 478 2167; x_wconf 83' lang='lat' dir='ltr'><strong>Palaestina</strong></span> <span class='ocrx_word' id='word_1_267' title='bbox 493 2134 558 2167; x_wconf 86' lang='lat' dir='ltr'><strong>huc</strong></span> <span class='ocrx_word' id='word_1_268' title='bbox 575 2135 770 2169; x_wconf 80' lang='lat' dir='ltr'><strong>advenisset</strong></span> <span class='ocrx_word' id='word_1_269' title='bbox 781 2161 792 2178; x_wconf 94' lang='lat'>,</span> <span class='ocrx_word' id='word_1_270' title='bbox 818 2139 854 2168; x_wconf 87' lang='lat' dir='ltr'><strong>et</strong></span> <span class='ocrx_word' id='word_1_271' title='bbox 868 2139 1028 2180; x_wconf 81' lang='lat' dir='ltr'><strong>quantum</strong></span> <span class='ocrx_word' id='word_1_272' title='bbox 1043 2135 1106 2168; x_wconf 84' lang='lat' dir='ltr'>sibi</span> <span class='ocrx_word' id='word_1_273' title='bbox 1121 2136 1164 2168; x_wconf 87' lang='lat' dir='ltr'><strong>ob</strong></span> <span class='ocrx_word' id='word_1_274' title='bbox 1178 2135 1214 2168; x_wconf 87' lang='lat' dir='ltr'><strong>id</strong></span> <span class='ocrx_word' id='word_1_275' title='bbox 1229 2135 1335 2180; x_wconf 90' lang='lat' dir='ltr'><strong>ipsum</strong></span> <span class='ocrx_word' id='word_1_276' title='bbox 1351 2135 1521 2169; x_wconf 88' lang='lat' dir='ltr'><strong>deberent.</strong></span> <span class='ocrx_word' id='word_1_277' title='bbox 1565 2135 1606 2169; x_wconf 83' lang='lat' dir='ltr'><strong>iis</strong></span> <span class='ocrx_word' id='word_1_278' title='bbox 1620 2146 1683 2168; x_wconf 88' lang='lat' dir='ltr'><strong>an-</strong></span> 
     </span>
     <span class='ocr_line' id='line_1_30' title="bbox 224 2178 1684 2225; baseline 0.001 -14"><span class='ocrx_word' id='word_1_279' title='bbox 224 2178 405 2212; x_wconf 87' lang='lat' dir='ltr'><strong>nuentibus</strong></span> <span class='ocrx_word' id='word_1_280' title='bbox 418 2204 428 2220; x_wconf 94' lang='lat'><em>‚</em></span> <span class='ocrx_word' id='word_1_281' title='bbox 462 2190 592 2213; x_wconf 85' lang='lat' dir='ltr'><strong>rursum</strong></span> <span class='ocrx_word' id='word_1_282' title='bbox 609 2181 846 2224; x_wconf 83' lang='lat' dir='ltr'><strong>imperatorem</strong></span> <span class='ocrx_word' id='word_1_283' title='bbox 862 2181 906 2214; x_wconf 90' lang='lat' dir='ltr'><strong>de</strong></span> <span class='ocrx_word' id='word_1_284' title='bbox 922 2185 1037 2214; x_wconf 80' lang='lat' dir='ltr'><strong>mutuo</strong></span> <span class='ocrx_word' id='word_1_285' title='bbox 1054 2192 1236 2224; x_wconf 84' lang='lat' dir='ltr'><strong>congressu</strong></span> <span class='ocrx_word' id='word_1_286' title='bbox 1249 2180 1417 2215; x_wconf 85' lang='lat' dir='ltr'><strong>sollicitat.</strong></span> <span class='ocrx_word' id='word_1_287' title='bbox 1464 2185 1502 2214; x_wconf 84' lang='lat' dir='ltr'><strong>at</strong></span> <span class='ocrx_word' id='word_1_288' title='bbox 1522 2180 1577 2213; x_wconf 85' lang='lat' dir='ltr'><strong>ille</strong></span> <span class='ocrx_word' id='word_1_289' title='bbox 1601 2191 1684 2225; x_wconf 87' lang='lat' dir='ltr'><strong>per-</strong></span> 
     </span>
     <span class='ocr_line' id='line_1_31' title="bbox 222 2224 1683 2271; baseline 0.001 -12"><span class='ocrx_word' id='word_1_290' title='bbox 222 2229 342 2268; x_wconf 77' lang='lat' dir='ltr'><strong>specta</strong></span> <span class='ocrx_word' id='word_1_291' title='bbox 361 2224 500 2258; x_wconf 86' lang='lat' dir='ltr'><strong>hominis</strong></span> <span class='ocrx_word' id='word_1_292' title='bbox 521 2230 633 2258; x_wconf 87' lang='lat' dir='ltr'><strong>mente</strong></span> <span class='ocrx_word' id='word_1_293' title='bbox 649 2226 683 2258; x_wconf 92' lang='lat' dir='ltr'><strong>id</strong></span> <span class='ocrx_word' id='word_1_294' title='bbox 699 2226 839 2270; x_wconf 91' lang='lat' dir='ltr'><strong>primum</strong></span> <span class='ocrx_word' id='word_1_295' title='bbox 855 2226 982 2260; x_wconf 85' lang='lat' dir='ltr'><strong>renuit:</strong></span> <span class='ocrx_word' id='word_1_296' title='bbox 1014 2237 1123 2271; x_wconf 87' lang='lat' dir='ltr'><strong>neque</strong></span> <span class='ocrx_word' id='word_1_297' title='bbox 1142 2227 1229 2260; x_wconf 89' lang='lat' dir='ltr'><strong>enim</strong></span> <span class='ocrx_word' id='word_1_298' title='bbox 1244 2225 1454 2260; x_wconf 80' lang='lat' dir='ltr'><strong>convenienti</strong></span> <span class='ocrx_word' id='word_1_299' title='bbox 1469 2225 1563 2259; x_wconf 92' lang='lat' dir='ltr'><strong>cultu</strong></span> <span class='ocrx_word' id='word_1_300' title='bbox 1579 2231 1614 2259; x_wconf 87' lang='lat' dir='ltr'><strong>et</strong></span> <span class='ocrx_word' id='word_1_301' title='bbox 1627 2227 1683 2260; x_wconf 82' lang='lat' dir='ltr'><strong>of-</strong></span> 
     </span>
     <span class='ocr_line' id='line_1_32' title="bbox 224 2268 1683 2316; baseline 0.002 -13"><span class='ocrx_word' id='word_1_302' title='bbox 224 2268 310 2303; x_wconf 85' lang='lat' dir='ltr'><strong>ficiis</strong></span> <span class='ocrx_word' id='word_1_303' title='bbox 327 2274 504 2314; x_wconf 88' lang='lat' dir='ltr'><strong>exceptum</strong></span> <span class='ocrx_word' id='word_1_304' title='bbox 517 2269 558 2304; x_wconf 86' lang='lat' dir='ltr'><strong>iri</strong></span> <span class='ocrx_word' id='word_1_305' title='bbox 575 2271 785 2314; x_wconf 86' lang='lat' dir='ltr'><strong>affirmabat,</strong></span> <span class='ocrx_word' id='word_1_306' title='bbox 816 2271 977 2316; x_wconf 85' lang='lat' dir='ltr'><strong>siquidem</strong></span> <span class='ocrx_word' id='word_1_307' title='bbox 1002 2271 1135 2306; x_wconf 87' lang='lat' dir='ltr'><strong>interim</strong></span> <span class='ocrx_word' id='word_1_308' title='bbox 1160 2272 1237 2306; x_wconf 90' lang='lat' dir='ltr'><strong>dum</strong></span> <span class='ocrx_word' id='word_1_309' title='bbox 1251 2271 1341 2305; x_wconf 87' lang='lat' dir='ltr'><strong>inter</strong></span> <span class='ocrx_word' id='word_1_310' title='bbox 1356 2271 1481 2304; x_wconf 81' lang='lat' dir='ltr'><strong>medios</strong></span> <span class='ocrx_word' id='word_1_311' title='bbox 1496 2270 1611 2304; x_wconf 82' lang='lat' dir='ltr'><strong>hostes</strong></span> <span class='ocrx_word' id='word_1_312' title='bbox 1626 2282 1683 2306; x_wconf 75' lang='lat' dir='ltr'><strong>res</strong></span> 
     </span>
     <span class='ocr_line' id='line_1_33' title="bbox 225 2314 1683 2361; baseline 0.001 -13"><span class='ocrx_word' id='word_1_313' title='bbox 225 2314 365 2349; x_wconf 81' lang='lat' dir='ltr'><strong>bellicas</strong></span> <span class='ocrx_word' id='word_1_314' title='bbox 380 2319 525 2357; x_wconf 81' lang='lat' dir='ltr'><strong>tractat,</strong></span> <span class='ocrx_word' id='word_1_315' title='bbox 552 2315 582 2349; x_wconf 90' lang='lat' dir='ltr'><strong>is</strong></span> <span class='ocrx_word' id='word_1_316' title='bbox 595 2315 643 2348; x_wconf 73' lang='lat' dir='ltr'><strong>illi</strong></span> <span class='ocrx_word' id='word_1_317' title='bbox 659 2316 924 2360; x_wconf 83' lang='lat' dir='ltr'><strong>congrederetur</strong></span> <span class='ocrx_word' id='word_1_318' title='bbox 939 2329 980 2351; x_wconf 87' lang='lat' dir='ltr'><strong>ac</strong></span> <span class='ocrx_word' id='word_1_319' title='bbox 996 2329 1068 2351; x_wconf 89' lang='lat' dir='ltr'><strong>cum</strong></span> <span class='ocrx_word' id='word_1_320' title='bbox 1084 2329 1124 2351; x_wconf 93' lang='lat' dir='ltr'><strong>eo</strong></span> <span class='ocrx_word' id='word_1_321' title='bbox 1140 2317 1337 2361; x_wconf 87' lang='lat' dir='ltr'><strong>colloquium</strong></span> <span class='ocrx_word' id='word_1_322' title='bbox 1353 2317 1502 2350; x_wconf 86' lang='lat' dir='ltr'><strong>haberet.</strong></span> <span class='ocrx_word' id='word_1_323' title='bbox 1548 2321 1587 2349; x_wconf 88' lang='lat' dir='ltr'><strong>ut</strong></span> <span class='ocrx_word' id='word_1_324' title='bbox 1600 2327 1683 2351; x_wconf 85' lang='lat' dir='ltr'><strong>vero</strong></span> 
     </span>
     <span class='ocr_line' id='line_1_34' title="bbox 225 2360 1685 2407; baseline 0.001 -13"><span class='ocrx_word' id='word_1_325' title='bbox 225 2360 331 2404; x_wconf 82' lang='lat' dir='ltr'><strong>magis</strong></span> <span class='ocrx_word' id='word_1_326' title='bbox 346 2361 475 2395; x_wconf 85' lang='lat' dir='ltr'><strong>instare</strong></span> <span class='ocrx_word' id='word_1_327' title='bbox 492 2372 566 2395; x_wconf 92' lang='lat' dir='ltr'><strong>eum</strong></span> <span class='ocrx_word' id='word_1_328' title='bbox 581 2361 666 2394; x_wconf 86' lang='lat' dir='ltr'><strong>vidit</strong></span> <span class='ocrx_word' id='word_1_329' title='bbox 682 2366 717 2395; x_wconf 90' lang='lat' dir='ltr'><strong>et</strong></span> <span class='ocrx_word' id='word_1_330' title='bbox 732 2362 846 2395; x_wconf 85' lang='lat' dir='ltr'><strong>eadem</strong></span> <span class='ocrx_word' id='word_1_331' title='bbox 861 2362 895 2397; x_wconf 88' lang='lat' dir='ltr'><strong>in</strong></span> <span class='ocrx_word' id='word_1_332' title='bbox 910 2363 982 2396; x_wconf 87' lang='lat' dir='ltr'><strong>dies</strong></span> <span class='ocrx_word' id='word_1_333' title='bbox 998 2374 1141 2407; x_wconf 84' lang='lat' dir='ltr'><strong>rogare,</strong></span> <span class='ocrx_word' id='word_1_334' title='bbox 1170 2362 1284 2396; x_wconf 83' lang='lat' dir='ltr'><strong>annuit</strong></span> <span class='ocrx_word' id='word_1_335' title='bbox 1310 2361 1442 2395; x_wconf 83' lang='lat' dir='ltr'><strong>tandem</strong></span> <span class='ocrx_word' id='word_1_336' title='bbox 1465 2362 1621 2406; x_wconf 85' lang='lat' dir='ltr'><strong>precibus</strong></span> <span class='ocrx_word' id='word_1_337' title='bbox 1647 2366 1685 2396; x_wconf 84' lang='lat' dir='ltr'><strong>et</strong></span> 
     </span>
     <span class='ocr_line' id='line_1_35' title="bbox 224 2406 1685 2452; baseline 0.001 -13"><span class='ocrx_word' id='word_1_338' title='bbox 224 2407 343 2440; x_wconf 85' lang='lat' dir='ltr'><strong>venire</strong></span> <span class='ocrx_word' id='word_1_339' title='bbox 364 2406 473 2441; x_wconf 82' lang='lat' dir='ltr'><strong>iussit.</strong></span> <span class='ocrx_word' id='word_1_340' title='bbox 521 2406 615 2440; x_wconf 89' lang='lat' dir='ltr'><strong>aiunt</strong></span> <span class='ocrx_word' id='word_1_341' title='bbox 631 2407 714 2440; x_wconf 88' lang='lat' dir='ltr'><strong>urbe</strong></span> <span class='ocrx_word' id='word_1_342' title='bbox 730 2411 908 2441; x_wconf 85' lang='lat' dir='ltr'><strong>exeuntem</strong></span> <span class='ocrx_word' id='word_1_343' title='bbox 925 2408 1184 2443; x_wconf 77' lang='lat' dir='ltr'><strong>circumstetisse</strong></span> <span class='ocrx_word' id='word_1_344' title='bbox 1200 2407 1423 2441; x_wconf 74' lang='lat' dir='ltr'><strong>Antiochenos</strong></span> <span class='ocrx_word' id='word_1_345' title='bbox 1436 2431 1447 2447; x_wconf 90' lang='lat'>‚</span> <span class='ocrx_word' id='word_1_346' title='bbox 1476 2418 1685 2452; x_wconf 83' lang='lat' dir='ltr'><strong>rogasseque</strong></span> 
     </span>
     <span class='ocr_line' id='line_1_36' title="bbox 227 2451 1684 2496; baseline 0 -11"><span class='ocrx_word' id='word_1_347' title='bbox 227 2451 359 2486; x_wconf 78' lang='lat' dir='ltr'><strong>enixius</strong></span> <span class='ocrx_word' id='word_1_348' title='bbox 385 2457 423 2485; x_wconf 85' lang='lat' dir='ltr'><strong>ut</strong></span> <span class='ocrx_word' id='word_1_349' title='bbox 445 2453 682 2496; x_wconf 82' lang='lat' dir='ltr'><strong>imperatorem</strong></span> <span class='ocrx_word' id='word_1_350' title='bbox 697 2453 760 2487; x_wconf 87' lang='lat' dir='ltr'><strong>sibi</strong></span> <span class='ocrx_word' id='word_1_351' title='bbox 775 2453 993 2486; x_wconf 83' lang='lat' dir='ltr'><strong>reconciliare</strong></span> <span class='ocrx_word' id='word_1_352' title='bbox 1016 2454 1234 2488; x_wconf 81' lang='lat' dir='ltr'><strong>anniteretur.</strong></span> <span class='ocrx_word' id='word_1_353' title='bbox 1279 2452 1409 2486; x_wconf 81' lang='lat' dir='ltr'><strong>interea</strong></span> <span class='ocrx_word' id='word_1_354' title='bbox 1424 2455 1460 2485; x_wconf 86' lang='lat' dir='ltr'><strong>et</strong></span> <span class='ocrx_word' id='word_1_355' title='bbox 1474 2452 1557 2486; x_wconf 89' lang='lat' dir='ltr'><strong>haec</strong></span> <span class='ocrx_word' id='word_1_356' title='bbox 1569 2451 1603 2485; x_wconf 91' lang='lat' dir='ltr'><strong>in</strong></span> <span class='ocrx_word' id='word_1_357' title='bbox 1620 2453 1684 2486; x_wconf 80' lang='lat' dir='ltr'><strong>im-</strong></span> 
     </span>
     <span class='ocr_line' id='line_1_37' title="bbox 226 2497 1684 2542; baseline 0.001 -12"><span class='ocrx_word' id='word_1_358' title='bbox 226 2497 392 2542; x_wconf 85' lang='lat' dir='ltr'><strong>peratoris</strong></span> <span class='ocrx_word' id='word_1_359' title='bbox 407 2498 561 2532; x_wconf 86' lang='lat' dir='ltr'><strong>accidere</strong></span> <span class='ocrx_word' id='word_1_360' title='bbox 575 2498 714 2542; x_wconf 84' lang='lat' dir='ltr'><strong>palatio.</strong></span> <span class='ocrx_word' id='word_1_361' title='bbox 759 2498 893 2542; x_wconf 82' lang='lat' dir='ltr'><strong>quidam</strong></span> <span class='ocrx_word' id='word_1_362' title='bbox 921 2510 962 2532; x_wconf 84' lang='lat' dir='ltr'><strong>ex</strong></span> <span class='ocrx_word' id='word_1_363' title='bbox 987 2498 1075 2532; x_wconf 82' lang='lat' dir='ltr'><strong>illius</strong></span> <span class='ocrx_word' id='word_1_364' title='bbox 1093 2499 1209 2533; x_wconf 86' lang='lat' dir='ltr'><strong>scribis</strong></span> <span class='ocrx_word' id='word_1_365' title='bbox 1225 2498 1357 2532; x_wconf 86' lang='lat' dir='ltr'><strong>nomine</strong></span> <span class='ocrx_word' id='word_1_366' title='bbox 1369 2497 1570 2532; x_wconf 81' lang='lat' dir='ltr'><strong>Theodorus</strong></span> <span class='ocrx_word' id='word_1_367' title='bbox 1582 2523 1593 2538; x_wconf 83' lang='lat'><strong>‚</strong></span> <span class='ocrx_word' id='word_1_368' title='bbox 1624 2510 1684 2531; x_wconf 89' lang='lat' dir='ltr'><strong>co-</strong></span> 
     </span>
     <span class='ocr_line' id='line_1_38' title="bbox 225 2542 1684 2589; baseline 0.001 -14"><span class='ocrx_word' id='word_1_369' title='bbox 225 2548 404 2586; x_wconf 82' lang='lat' dir='ltr'><strong>gnomento</strong></span> <span class='ocrx_word' id='word_1_370' title='bbox 421 2555 503 2577; x_wconf 88' lang='lat' dir='ltr'><strong>vero</strong></span> <span class='ocrx_word' id='word_1_371' title='bbox 520 2544 701 2589; x_wconf 80' lang='lat' dir='ltr'><strong>Stypiota,</strong></span> <span class='ocrx_word' id='word_1_372' title='bbox 731 2547 802 2578; x_wconf 86' lang='lat' dir='ltr'><strong>tum</strong></span> <span class='ocrx_word' id='word_1_373' title='bbox 817 2544 897 2577; x_wconf 84' lang='lat' dir='ltr'><strong>alias</strong></span> <span class='ocrx_word' id='word_1_374' title='bbox 912 2544 977 2588; x_wconf 85' lang='lat' dir='ltr'><strong>ipsi</strong></span> <span class='ocrx_word' id='word_1_375' title='bbox 990 2544 1280 2586; x_wconf 82' lang='lat' dir='ltr'><strong>familiarissimus,</strong></span> <span class='ocrx_word' id='word_1_376' title='bbox 1310 2547 1381 2576; x_wconf 87' lang='lat' dir='ltr'><strong>tum</strong></span> <span class='ocrx_word' id='word_1_377' title='bbox 1405 2542 1503 2576; x_wconf 86' lang='lat' dir='ltr'><strong>etiam</strong></span> <span class='ocrx_word' id='word_1_378' title='bbox 1535 2542 1684 2576; x_wconf 84' lang='lat' dir='ltr'><strong>canicleo</strong></span> 
     </span>
     <span class='ocr_line' id='line_1_39' title="bbox 226 2588 1685 2643; baseline 0.001 -22"><span class='ocrx_word' id='word_1_379' title='bbox 226 2598 269 2621; x_wconf 85' lang='lat' dir='ltr'><strong>ea</strong></span> <span class='ocrx_word' id='word_1_380' title='bbox 283 2591 396 2622; x_wconf 85' lang='lat' dir='ltr'><strong>aetate</strong></span> <span class='ocrx_word' id='word_1_381' title='bbox 412 2589 645 2634; x_wconf 84' lang='lat' dir='ltr'><strong>praepositus,</strong></span> <span class='ocrx_word' id='word_1_382' title='bbox 675 2600 749 2623; x_wconf 88' lang='lat' dir='ltr'><strong>cum</strong></span> <span class='ocrx_word' id='word_1_383' title='bbox 773 2589 916 2643; x_wconf 81' lang='lat' dir='ltr'><strong>principi</strong></span> <span class='ocrx_word' id='word_1_384' title='bbox 930 2590 1124 2634; x_wconf 87' lang='lat' dir='ltr'><strong>ceteroquin</strong></span> <span class='ocrx_word' id='word_1_385' title='bbox 1138 2589 1260 2623; x_wconf 81' lang='lat' dir='ltr'><strong>infidus</strong></span> <span class='ocrx_word' id='word_1_386' title='bbox 1272 2588 1480 2633; x_wconf 80' lang='lat' dir='ltr'><strong>infestusque</strong></span> <span class='ocrx_word' id='word_1_387' title='bbox 1496 2588 1685 2633; x_wconf 78' lang='lat' dir='ltr'><strong>deprehen-</strong></span> 
     </span>
     <span class='ocr_line' id='line_1_40' title="bbox 224 2633 1684 2680; baseline -0.001 -12"><span class='ocrx_word' id='word_1_388' title='bbox 224 2642 281 2668; x_wconf 81' lang='lat' dir='ltr'><strong>sus</strong></span> <span class='ocrx_word' id='word_1_389' title='bbox 312 2645 353 2666; x_wconf 89' lang='lat' dir='ltr'><strong>ac</strong></span> <span class='ocrx_word' id='word_1_390' title='bbox 383 2635 557 2668; x_wconf 87' lang='lat' dir='ltr'><strong>convictus</strong></span> <span class='ocrx_word' id='word_1_391' title='bbox 583 2639 673 2668; x_wconf 83' lang='lat' dir='ltr'><strong>esset</strong></span> <span class='ocrx_word' id='word_1_392' title='bbox 683 2660 694 2678; x_wconf 85' lang='lat'>,</span> <span class='ocrx_word' id='word_1_393' title='bbox 725 2635 829 2668; x_wconf 82' lang='lat' dir='ltr'><strong>oculis</strong></span> <span class='ocrx_word' id='word_1_394' title='bbox 852 2646 950 2669; x_wconf 75' lang='lat' dir='ltr'><strong>miser</strong></span> <span class='ocrx_word' id='word_1_395' title='bbox 975 2639 1011 2670; x_wconf 88' lang='lat' dir='ltr'><strong>et</strong></span> <span class='ocrx_word' id='word_1_396' title='bbox 1032 2635 1144 2678; x_wconf 83' lang='lat' dir='ltr'><strong>lingua</strong></span> <span class='ocrx_word' id='word_1_397' title='bbox 1168 2635 1320 2680; x_wconf 77' lang='lat' dir='ltr'><strong>privatus</strong></span> <span class='ocrx_word' id='word_1_398' title='bbox 1342 2638 1404 2667; x_wconf 83' lang='lat' dir='ltr'><strong>est.</strong></span> <span class='ocrx_word' id='word_1_399' title='bbox 1451 2640 1605 2668; x_wconf 82' lang='lat' dir='ltr'><strong>exactum</strong></span> <span class='ocrx_word' id='word_1_400' title='bbox 1619 2633 1684 2667; x_wconf 83' lang='lat' dir='ltr'><strong>iam</strong></span> 
     </span>
     <span class='ocr_line' id='line_1_41' title="bbox 226 2678 1684 2724; baseline 0.001 -13"><span class='ocrx_word' id='word_1_401' title='bbox 226 2678 353 2723; x_wconf 86' lang='lat' dir='ltr'><strong>quippe</strong></span> <span class='ocrx_word' id='word_1_402' title='bbox 368 2690 443 2713; x_wconf 88' lang='lat' dir='ltr'><strong>esse</strong></span> <span class='ocrx_word' id='word_1_403' title='bbox 457 2680 672 2724; x_wconf 78' lang='lat' dir='ltr'><strong>imperatoris</strong></span> <span class='ocrx_word' id='word_1_404' title='bbox 686 2680 777 2714; x_wconf 84' lang='lat' dir='ltr'><strong>vitae</strong></span> <span class='ocrx_word' id='word_1_405' title='bbox 791 2681 965 2714; x_wconf 86' lang='lat' dir='ltr'><strong>terminum</strong></span> <span class='ocrx_word' id='word_1_406' title='bbox 980 2705 990 2723; x_wconf 90' lang='lat'>,</span> <span class='ocrx_word' id='word_1_407' title='bbox 1022 2681 1118 2715; x_wconf 69' lang='lat' dir='ltr'><strong>velut</strong></span> <span class='ocrx_word' id='word_1_408' title='bbox 1141 2692 1183 2714; x_wconf 85' lang='lat' dir='ltr'><strong>ex</strong></span> <span class='ocrx_word' id='word_1_409' title='bbox 1208 2678 1341 2723; x_wconf 86' lang='lat' dir='ltr'><strong>tripode</strong></span> <span class='ocrx_word' id='word_1_410' title='bbox 1356 2678 1443 2724; x_wconf 86' lang='lat' dir='ltr'><strong>apud</strong></span> <span class='ocrx_word' id='word_1_411' title='bbox 1459 2679 1580 2713; x_wconf 88' lang='lat' dir='ltr'><strong>multos</strong></span> <span class='ocrx_word' id='word_1_412' title='bbox 1594 2678 1684 2712; x_wconf 86' lang='lat' dir='ltr'><strong>vati-</strong></span> 
     </span>
     <span class='ocr_line' id='line_1_42' title="bbox 227 2723 1685 2769; baseline 0 -12"><span class='ocrx_word' id='word_1_413' title='bbox 227 2723 402 2758; x_wconf 83' lang='lat' dir='ltr'><strong>cinabatur</strong></span> <span class='ocrx_word' id='word_1_414' title='bbox 413 2750 423 2767; x_wconf 87' lang='lat'>‚</span> <span class='ocrx_word' id='word_1_415' title='bbox 451 2725 630 2769; x_wconf 82' lang='lat' dir='ltr'><strong>aiebatque</strong></span> <span class='ocrx_word' id='word_1_416' title='bbox 656 2737 722 2759; x_wconf 91' lang='lat' dir='ltr'><strong>non</strong></span> <span class='ocrx_word' id='word_1_417' title='bbox 746 2725 952 2760; x_wconf 81' lang='lat' dir='ltr'><strong>adolescenti</strong></span> <span class='ocrx_word' id='word_1_418' title='bbox 966 2729 1001 2759; x_wconf 93' lang='lat' dir='ltr'><strong>et</strong></span> <span class='ocrx_word' id='word_1_419' title='bbox 1014 2730 1138 2769; x_wconf 83' lang='lat' dir='ltr'><strong>vegeto</strong></span> <span class='ocrx_word' id='word_1_420' title='bbox 1156 2724 1421 2759; x_wconf 83' lang='lat' dir='ltr'><strong>committendum</strong></span> <span class='ocrx_word' id='word_1_421' title='bbox 1437 2724 1594 2769; x_wconf 79' lang='lat' dir='ltr'><strong>deinceps</strong></span> <span class='ocrx_word' id='word_1_422' title='bbox 1609 2723 1685 2757; x_wconf 84' lang='lat' dir='ltr'><strong>Ro-</strong></span> 
     </span>
     <span class='ocr_line' id='line_1_43' title="bbox 225 2768 1684 2816; baseline -0.001 -13"><span class='ocrx_word' id='word_1_423' title='bbox 225 2779 355 2803; x_wconf 87' lang='lat' dir='ltr'><strong>manum</strong></span> <span class='ocrx_word' id='word_1_424' title='bbox 379 2770 576 2815; x_wconf 76' lang='lat' dir='ltr'><strong>imperium,</strong></span> <span class='ocrx_word' id='word_1_425' title='bbox 605 2770 663 2804; x_wconf 74' lang='lat' dir='ltr'><strong>sed</strong></span> <span class='ocrx_word' id='word_1_426' title='bbox 693 2771 814 2805; x_wconf 85' lang='lat' dir='ltr'><strong>aetatis</strong></span> <span class='ocrx_word' id='word_1_427' title='bbox 839 2776 1025 2816; x_wconf 83' lang='lat' dir='ltr'><strong>provectae</strong></span> <span class='ocrx_word' id='word_1_428' title='bbox 1045 2770 1121 2803; x_wconf 86' lang='lat' dir='ltr'><strong>viro</strong></span> <span class='ocrx_word' id='word_1_429' title='bbox 1147 2774 1183 2804; x_wconf 90' lang='lat' dir='ltr'><strong>et</strong></span> <span class='ocrx_word' id='word_1_430' title='bbox 1201 2769 1293 2803; x_wconf 88' lang='lat' dir='ltr'><strong>senio</strong></span> <span class='ocrx_word' id='word_1_431' title='bbox 1308 2770 1372 2803; x_wconf 81' lang='lat' dir='ltr'><strong>iam</strong></span> <span class='ocrx_word' id='word_1_432' title='bbox 1389 2771 1565 2809; x_wconf 81' lang='lat' dir='ltr'><strong>confecto,</strong></span> <span class='ocrx_word' id='word_1_433' title='bbox 1596 2775 1635 2802; x_wconf 82' lang='lat' dir='ltr'><strong>ut</strong></span> <span class='ocrx_word' id='word_1_434' title='bbox 1648 2768 1684 2802; x_wconf 85' lang='lat' dir='ltr'><strong>in</strong></span> 
     </span>
     <span class='ocr_line' id='line_1_44' title="bbox 225 2814 1684 2862; baseline 0 -12"><span class='ocrx_word' id='word_1_435' title='bbox 225 2815 372 2860; x_wconf 85' lang='lat' dir='ltr'><strong>speciem</strong></span> <span class='ocrx_word' id='word_1_436' title='bbox 388 2826 430 2850; x_wconf 88' lang='lat' dir='ltr'><strong>eo</strong></span> <span class='ocrx_word' id='word_1_437' title='bbox 447 2815 630 2861; x_wconf 81' lang='lat' dir='ltr'><strong>imperante</strong></span> <span class='ocrx_word' id='word_1_438' title='bbox 645 2815 800 2861; x_wconf 78' lang='lat' dir='ltr'><strong>publicae</strong></span> <span class='ocrx_word' id='word_1_439' title='bbox 815 2827 872 2851; x_wconf 84' lang='lat' dir='ltr'><strong>res</strong></span> <span class='ocrx_word' id='word_1_440' title='bbox 888 2815 989 2851; x_wconf 84' lang='lat' dir='ltr'><strong>veluti</strong></span> <span class='ocrx_word' id='word_1_441' title='bbox 1003 2814 1154 2862; x_wconf 80' lang='lat' dir='ltr'><strong>populari</strong></span> <span class='ocrx_word' id='word_1_442' title='bbox 1178 2815 1338 2860; x_wconf 81' lang='lat' dir='ltr'><strong>regimine</strong></span> <span class='ocrx_word' id='word_1_443' title='bbox 1365 2814 1684 2850; x_wconf 77' lang='lat' dir='ltr'><strong>administrarentur.</strong></span> 
     </span>
    </p>
   </div>
  </div>
 </body>
</html>
