1878 3262
619 215 1014 266 ffls‘romARUM
1046 185 1096 272 t,
1128 217 1208 260 w.
1559 217 1650 264 161

193 327 416 389 σπαρὰχθη
442 331 510 374 καὶ
534 335 669 375 πᾶσαν
693 336 828 387 μελῶν
851 329 1064 389 παρελύθη
1085 331 1159 388 τὴν
1171 330 1356 375 ὅστωσιν.
1421 331 1655 391 ὀλοφυρμὸς

192 396 264 443 οὖν
289 401 463 456 ἐγένετο,
500 402 568 443 καὶ
602 406 741 456 σχῆμα
774 399 928 451 πόλεως
954 399 1130 456 ἁλούσης
1154 402 1281 456 ε’πεῖχε
1307 399 1396 444 τότε
1422 401 1518 452 τοὺς
1541 401 1655 445 ἔνδον

192 470 287 512 οὐδὲ
311 468 408 512 ὅσον
433 470 496 511 ἐπὶ
521 471 625 512 θέαν
650 475 723 525 τῆς
747 467 945 524 δυστήνου
966 470 1115 524 ἐκείνης
1137 469 1360 527 ἀνθρώπου
1382 471 1524 521 ἐξιέναι
1545 475 1657 529 θαρ-

193 543 379 589 σοῦντας.
446 536 502 589 ὥς
529 540 572 581 δὲ
605 541 674 581 καὶ
700 538 888 595 δευτέραν
911 538 1138 594 ἐπέρριψαν
1171 541 1239 580 καὶ
1263 539 1342 594 ἤδη
1368 539 1519 594 συχνὰς
1544 541 1654 582 ε’ποι-
1681 546 1711 581 V
1732 549 1778 583 73

159 612 311 653 ὄοῦντο
332 606 525 662 Ῥωμαῖοι
550 608 624 658 τὰς
647 605 799 662 βολάς,
835 607 1093 662 ἐκπλαγέντες
1118 605 1140 648 ὅ
1168 609 1296 662 δῆμος
1319 610 1441 651 λίθον
1463 607 1564 666 ὗπὲρ
1591 627 1658 652 κε-

194 680 331 734 φαλῆς
355 676 597 734 ε’φαντάζετο
623 677 810 728 ἕκαστος,
845 674 971 719 ἄλλον
995 673 1146 733 τρόπον
1170 678 1238 717 καὶ
1265 676 1340 730 οὐχ
1365 677 1485 735 ὅνπερ
1512 679 1551 720 οἳ
1575 683 1656 732 μῦ-
1681 688 1711 723 C

193 749 267 788 θοι
292 747 382 803 περὶ
410 744 623 788 Ταντάλου
645 748 783 803 φασίν.
852 743 950 788 ὅθεν
971 746 1038 787 καὶ
1063 748 1143 787 τιῦν
1164 748 1339 787 πολιτῶν
1358 749 1662 801 βουλευομένων

192 813 273 870 ἤδη
305 813 518 868 Ῥωμαίοις
552 812 711 857 εἰσόδου
745 820 1002 872 παραχωρεῖν
1035 812 1281 867 αῗσθόμενον
1305 813 1351 856 τὸ
1377 817 1663 871 στρατιωτικὸν

195 886 264 926 καὶ
290 882 386 926 ὅσον
411 884 474 925 ἐπὶ
499 888 580 926 τῶν
614 882 777 941 πύργων
812 883 1000 941 φυλακὴν
1034 881 1133 937 εἶχε,
1170 881 1310 940 δρόμῳ
1336 886 1475 941 πολλῷ
1500 885 1563 925 ἐπὶ
1590 886 1661 938 τὴν

143 962 188 997 10
198 950 416 1010 ἀκρόπολιν
443 951 682 1010 ἀνεχώρουν.
751 953 797 994 αἵ
819 969 860 994 τε
886 950 1008 1003 πύλαι
1035 952 1138 1009 πρὸς
1167 956 1241 994 τοῦ
1267 950 1399 1006 δήμου
1427 952 1662 995 ἀνακλιθεΐ-

194 1039 264 1064 σαι
290 1021 360 1063 τὸν
379 1019 590 1075 Ῥωμαίων
615 1022 846 1073 εἶσωδίαζον
871 1019 1058 1077 στρατόν.
1126 1020 1262 1076 ἐπειδὴ
1287 1025 1385 1076 γοῦν
1418 1023 1486 1064 καὶ
1514 1019 1664 1077 ταύτην

196 1088 218 1132 ὃ
247 1088 415 1140 Δούκας
449 1090 561 1144 ἴσχε,
610 1092 704 1145 διχῆ
737 1090 784 1133 τὸ
821 1088 1054 1146 στράτευμα
1081 1088 1243 1142 διελών,
1288 1089 1310 1131 ὃ
1334 1090 1408 1143 μὲν
1435 1089 1562 1132 αὐτοῦ
1586 1108 1664 1133 που

195 1159 310 1216 παρὰ
334 1158 407 1214 τὴν
431 1157 548 1200 πόλιν
573 1166 728 1213 κατεῖχε
754 1165 839 1209 τοΐς
863 1159 930 1200 ἐπ’
960 1157 1216 1216 ἀκροπόλεως
1239 1157 1509 1213 μαχούμενον,
1542 1159 1590 1201 τὸ
1618 1162 1644 1202 δ
1652 1159 1666 1175 ’

196 1226 297 1270 ἄλλο
336 1228 378 1277 ἐς
411 1227 620 1285 προνομὰς
656 1228 825 1283 ἔπεμψε.
904 1232 1034 1273 ταῦτα
1069 1229 1144 1282 μὲν
1178 1223 1249 1270 οὖν
1287 1230 1382 1285 τῇδε
1415 1226 1667 1286 ἐπράσσετο·

142 1305 186 1343 15
192 1295 312 1354 χώρα
339 1296 386 1338 δέ
417 1315 478 1347 τις
511 1294 916 1354 πολυανθρωποτάτῃ
952 1299 1020 1339 καὶ
1046 1297 1191 1353 εὔγεως
1198 1329 1211 1349 ,
1245 1295 1296 1352 ἢν
1320 1301 1514 1340 καλοῦσιν
1533 1296 1667 1341 Ἀλίτ-

197 1368 280 1418 ζιον
293 1398 308 1418 ,
352 1365 405 1407 τὰ
442 1367 506 1408 ἐπὶ
542 1368 769 1424 Βρεντεσίῳ
803 1365 1124 1419 συμπεπτωκότα
1157 1367 1399 1422 λογισαμένη
1426 1371 1485 1424 τῷ
1508 1372 1676 1422 βασιλεῖ

196 1432 494 1492 προσεχώρησε.
573 1436 774 1489 πολεμίων
820 1435 864 1477 δὲ
896 1435 1028 1491 ὀλίγος
1060 1435 1233 1492 στρατὸς
1266 1436 1329 1477 ἐπὶ
1364 1433 1520 1490 λόχμης
1555 1436 1664 1487 τινὸς
1683 1441 1717 1476 D

197 1509 282 1553 τοῖς
306 1503 379 1558 τὴν
393 1502 603 1557 Ῥωμαίων
623 1505 811 1558 νέμουσιν
831 1503 1118 1559 ε’λλοχήσαντες
1133 1506 1259 1546 ἵππον
1288 1506 1456 1559 (Κελτοὶ
1472 1505 1516 1546 δὲ
1528 1499 1669 1559 ἦσαν),

198 1570 408 1629 ἐπειδήπερ
435 1574 492 1623 εἷς
516 1571 642 1615 ὕπνον
663 1573 816 1623 ,αὐτοὺς
839 1574 1076 1627 ἒνεχθέντας
1101 1570 1228 1624 εἶδον,
1270 1572 1344 1627 τὴν
1365 1573 1491 1614 ἵππον
1516 1574 1670 1615 ἐκεῖθεν

143 1641 378 1698 Ξῦῆλασαν·
415 1641 511 1698 ὅπερ
535 1640 778 1692 ἀκούσαντες
793 1640 986 1696 Ῥωμαῖοι
1007 1641 1110 1698 πρὸς
1131 1646 1211 1684 τῶν
1234 1643 1276 1683 ἔκ
1298 1646 1372 1696 τῆς
1390 1644 1672 1699 χορταγωγίας

200 1709 443 1759 ἐπανιόντων
482 1711 619 1761 αὐτοῖς
663 1711 858 1767 ἀγγελθέν
881 1744 894 1763 ,
951 1711 1056 1765 ταχὺ
1108 1709 1323 1761 διώξαντες
1357 1709 1430 1765 τήν
1464 1728 1506 1753 τε
1544 1713 1671 1753 ἵππον

201 1779 404 1821 ἀνείλοντο
438 1783 574 1822 πᾶσαν
609 1782 676 1822 καὶ
710 1784 791 1823 τῶν
827 1782 1029 1834 πολεμίων
1064 1780 1160 1830 τοὺς
1193 1781 1404 1828 πλείστους
1437 1779 1671 1836 ζωγρήσαν-

203 1865 268 1897 τες
294 1845 412 1890 εἷλον.
490 1847 554 1891 ὅτε
583 1849 633 1904 δὴ
660 1851 727 1891 καὶ
755 1848 885 1905 ἄνδρα
912 1854 992 1892 τῶν
1017 1848 1196 1902 μάλιστα
1224 1850 1265 1890 ἓν
1286 1846 1534 1897 Ἰταλιώταις
1559 1849 1672 1889 δοκί-

202 1933 292 1970 μων
328 1916 509 1973 Συχέρην
542 1916 671 1971 ὄνομα
706 1915 859 1959 ἁλῶναι
898 1915 1122 1971 τετύχηκεν.
1194 1916 1289 1958 ἀλλ’
1333 1915 1445 1958 οὔπω
1480 1933 1670 1973 καταφα-

205 2096 301 2127 retur
324 2097 448 2139 caput,
473 2092 686 2138 omniumque
711 2103 789 2127 ossa
801 2093 1024 2128 membrorum
1048 2091 1326 2126 dissolverentur.
1371 2091 1452 2126 inde
1468 2095 1546 2127 orta
1563 2093 1673 2127 eiula-

206 2139 255 2172 tio
271 2166 281 2182 ,
306 2144 342 2173 et
356 2138 464 2172 veluti
480 2140 560 2173 urbs
576 2144 669 2173 esset
683 2144 784 2184 capta
795 2167 805 2184 ‚
828 2138 1034 2173 consternati
1050 2138 1221 2183 oppidani,
1245 2150 1288 2172 ne
1302 2137 1344 2172 ad
1364 2143 1581 2184 conspectum
1598 2139 1672 2184 qui-

205 2185 282 2219 dem
304 2185 448 2221 infelicis
469 2185 567 2219 istius
594 2185 741 2219 mulieris
767 2185 801 2219 in
830 2185 995 2230 publicum
1012 2184 1132 2228 egredi
1151 2184 1333 2218 audebant.
1381 2188 1420 2217 ut
1435 2189 1548 2218 autem
1563 2185 1674 2219 iactus

207 2231 316 2275 alter,
338 2242 484 2276 moxque
501 2231 611 2265 crebri
625 2231 682 2264 alii
697 2243 718 2265 a
734 2231 896 2264 Romanis
908 2231 1077 2264 iterantur
1088 2257 1099 2272 ‚
1123 2230 1301 2264 confestim
1315 2230 1473 2264 turbatur
1492 2231 1608 2276 plebs,
1635 2242 1676 2264 ae

207 2288 312 2321 supra
335 2283 440 2322 caput
461 2278 633 2312 imminere
653 2277 800 2322 lapidem
822 2277 887 2311 sibi
912 2276 1055 2321 quisque
1070 2276 1178 2310 credit
1190 2303 1200 2320 ,
1224 2276 1325 2310 aliter
1340 2276 1440 2321 plane
1455 2288 1496 2310 ac
1512 2276 1556 2310 de
1576 2277 1675 2310 Tan-

207 2323 277 2357 talo
292 2323 474 2367 loquuntur
497 2323 646 2358 fabulae.
690 2323 769 2357 inde
782 2334 856 2357 cum
872 2322 916 2356 de
927 2322 1130 2367 recipiendis
1144 2322 1180 2356 in
1196 2323 1313 2356 urbem
1328 2322 1488 2356 Romanis
1504 2322 1676 2356 delibera-

207 2372 285 2402 rent
310 2369 491 2414 oppidani,
514 2375 552 2404 ut
574 2380 646 2403 rem
669 2369 854 2403 advertere
879 2368 1092 2414 praesidiarii
1113 2368 1237 2402 milites
1253 2372 1288 2402 et
1312 2374 1480 2413 quotquot
1494 2369 1677 2402 tuebantur

207 2419 320 2449 turres
332 2443 343 2459 ,
367 2415 524 2450 celeriter
538 2416 572 2449 in
587 2416 769 2461 acropolim
786 2417 986 2459 confugere,
1010 2425 1155 2459 moxque
1170 2413 1267 2459 plebs
1282 2414 1409 2460 apertis
1423 2414 1532 2459 portis
1546 2414 1675 2448 Roma-

210 2471 271 2494 nas
288 2461 404 2505 copias
425 2461 628 2496 introduxit.
676 2463 739 2495 hac
762 2461 880 2506 itaque
898 2461 1026 2506 potitus
1041 2460 1144 2494 etiam
1160 2461 1244 2494 urbe
1258 2460 1373 2493 Ducas
1384 2485 1395 2501 ‚
1419 2459 1571 2493 exercitu
1588 2460 1675 2494 bifa-

210 2506 296 2541 riam
310 2507 441 2551 diviso,
465 2512 596 2552 partem
618 2507 717 2541 aliam
737 2518 825 2552 quae
847 2519 959 2542 arcem
975 2510 1189 2552 oppugnaret
1203 2506 1238 2539 in
1262 2506 1347 2539 urbe
1363 2505 1527 2539 continuit
1539 2533 1549 2549 ‚
1576 2505 1675 2540 aliam

211 2552 323 2586 emisit
338 2553 381 2588 ad
398 2553 654 2599 depopulandos
676 2565 790 2598 agros.
838 2553 917 2588 dum
934 2555 1022 2587 haec
1035 2552 1084 2586 ibi
1098 2557 1264 2596 geruntur
1275 2577 1286 2593 ‚
1310 2551 1406 2595 regio
1422 2551 1586 2596 quaedam
1601 2553 1675 2586 fer-

211 2597 283 2633 tilis
307 2598 492 2644 incolisque
512 2599 672 2645 copiosa,
705 2611 804 2644 quam
827 2599 1010 2634 Halitzium
1034 2603 1181 2641 vocant,
1217 2608 1291 2630 cum
1316 2608 1357 2630 ea
1383 2608 1471 2642 quae
1485 2597 1676 2631 Brundusio
1699 2624 1701 2627 .

213 2651 400 2679 evenerant
423 2646 640 2689 revolveret,
671 2646 716 2679 ad
739 2644 1133 2691 imperatoremdefecit.
1179 2643 1323 2676 hostium
1338 2643 1385 2676 ibi
1400 2643 1544 2687 exiguae
1559 2644 1677 2688 copiae

214 2688 362 2732 (Celtae
387 2696 500 2726 autem
517 2693 632 2736 erant)
659 2692 801 2726 saltibus
816 2692 974 2733 abditae,
999 2695 1034 2724 et
1055 2688 1096 2723 iis
1109 2689 1166 2735 qui
1182 2689 1408 2723 Romanorum
1433 2700 1540 2734 equos
1554 2700 1677 2734 pasce-

215 2735 298 2768 bant
310 2734 523 2781 insidiantes,
545 2749 662 2773 somno
677 2738 798 2783 sopitis
810 2738 894 2781 illis,
921 2736 1108 2782 equitatum
1123 2747 1252 2769 omnem
1269 2735 1348 2769 inde
1361 2734 1548 2769 abduxere.
1593 2734 1676 2769 illud

214 2779 311 2813 simul
332 2786 435 2826 atque
453 2788 680 2828 perceperunt
701 2784 864 2825 Romani,
889 2795 933 2818 ex
963 2783 1005 2816 iis
1030 2782 1089 2826 qui
1113 2792 1134 2815 a
1163 2781 1378 2827 pabulatione
1405 2781 1676 2822 revertebantur,

216 2826 332 2861 hostes
345 2838 444 2870 quam
459 2829 617 2864 citissime
629 2830 795 2873 insecuti,
820 2834 853 2864 et
868 2840 975 2875 equos
989 2827 1160 2873 recipiunt
1170 2855 1181 2871 ‚
1205 2833 1241 2861 et
1257 2827 1398 2861 bostium
1414 2828 1594 2872 plerosque
1624 2825 1678 2858 vi-

216 2881 279 2909 vos
301 2871 462 2916 capiunt,
485 2876 637 2922 atquein
659 2876 711 2912 his
738 2876 902 2912 illustrem
917 2875 1059 2911 maxime
1083 2874 1172 2909 inter
1184 2874 1293 2917 Italos
1311 2873 1438 2914 virum,
1461 2872 1592 2906 nomine
1608 2870 1678 2915 Sy—

269 2924 467 2959 Cinnamus.
1357 2924 1376 2960 1
1387 2923 1405 2960 1
