1878 3262
257 214 323 262 94
744 212 971 258 IOANNIS
1005 211 1236 258 CINNAMI

256 332 338 373 τῶν
361 326 664 383 τετολμημένων
689 324 852 369 Σκύθαι
880 324 1055 369 δώσουσι
1083 325 1242 377 ulatur?
1312 328 1374 372 διὸ
1399 328 1450 384 δὴ
1473 329 1519 372 τὸ
1544 330 1617 384 μὲν
1630 333 1718 371 λοι..

258 399 333 440 πὸν
358 402 430 440 τοῦ
456 394 757 453 στρατεύματος
778 396 905 438 αὐτοῦ
929 412 1006 438 που
1034 397 1101 437 καὶ
1127 396 1190 437 ἐπὶ
1215 401 1304 446 ταῖς
1329 396 1476 451 ὄχθαις
1500 398 1715 454 ἐνστρατο-

257 464 543 519 πεδευσόμενον
570 465 721 516 ἔλιπεν,
759 465 881 514 αὐτὸς
916 465 959 506 δὲ
984 468 1064 505 τῶν
1088 468 1186 506 νεῶν
1212 463 1323 506 οὔπω
1348 464 1535 523 καθάπερ
1562 467 1713 522 εἴρηται

256 535 510 591 ἀφικομένων
545 533 640 583 τοὺς
675 534 850 587 λέμβους
887 530 1076 586 ἀλλήλοις
1109 531 1309 587 ξυνόήσας
1342 535 1410 575 καὶ
1436 531 1716 591 ἁρμοσάμενος

256 604 331 645 σὺν
356 603 629 651 πεντακοσίοις
654 606 734 643 τῶν
760 601 871 657 ἀμφ’
902 601 1023 642 αὐτὸν
1048 600 1118 642 τὸν
1136 600 1292 658 Ἴστρον
1319 602 1457 656 διέβη·
1491 603 1647 656 μέλλων
1672 611 1747 647 τεό

256 673 499 728 ἐπίπροσθεν
535 671 633 712 ἰέναι
670 672 783 712 δυσὶν
810 669 947 719 ἄλλοις
972 667 1197 725 ἐντυγχάνει
1224 677 1422 723 ποταμοῖς
1445 669 1716 728 ναυσιπόροις.

257 738 312 789 ὡς
346 734 418 781 οὖν
455 739 614 793 οὐδαμῆ
651 736 869 792 λεμβάὸιον
897 739 1077 779 ἐνταῦθα
1105 739 1350 794 διεφαίνετο,
1385 733 1419 796 ᾧ
1439 736 1638 796 χρήσαιτο
1666 738 1716 781 ἄν

255 825 316 858 τις
354 809 394 858 ἐς
427 807 500 862 τὴν
534 809 777 863 περαίωσιν,
817 807 967 848 ἐκέλευε
993 813 1076 856 τοῖς
1109 808 1198 861 περὶ
1226 806 1348 848 αὐτὸν
1372 813 1457 857 τοῖς
1481 811 1560 849 τῶν
1581 808 1716 849 ἰ’ππων

257 877 436 933 οὗραιόις
460 875 511 917 τὰ
547 877 610 917 ἐπὶ
635 880 693 932 τῷ
710 875 853 932 Ἴστρῳ
887 873 1033 916 ἀκάτια
1060 873 1334 929 ξυνδήσαντας
1358 877 1414 925 εἷς
1437 875 1532 925 τοὺς
1556 871 1715 932 εἰρημέ-

209 951 240 985 C
262 961 355 995 νους
386 942 569 999 μετάγειν
603 948 683 985 τῶν
718 948 922 996 ποταμῶν.
991 937 1040 984 οὗ
1074 941 1278 998 γεγονότος
1304 943 1473 998 ἀμογητὶ
1500 944 1712 998 διέβαινον,
1727 953 1771 987 10

175 1009 181 1013 Ι
252 1011 388 1070 χῶρόν
413 1013 457 1055 τέ
480 1030 569 1054 τινα
597 1011 755 1065 δολιχὸν
777 1013 1062 1065 ὃιαμείψαντες
1088 1010 1181 1067 ἄχρι
1208 1013 1273 1052 καὶ
1301 1012 1363 1053 ε’πὶ
1390 1011 1485 1068 ὄρος
1510 1010 1716 1069 τένουὸρ-

257 1098 336 1136 μον
361 1076 514 1135 ἦλθον,
542 1079 637 1137 ὅπερ
665 1081 792 1136 ἀγχοῦ
817 1084 896 1122 τῶν
921 1083 1261 1136 Ταυροσκυθικῆς
1283 1077 1403 1136 ὁρίων
1429 1080 1570 1134 ἀνέχει.
1613 1078 1716 1122 ἔνθ-α

257 1150 304 1193 τὸ
340 1154 421 1191 τῶν
453 1152 628 1191 Σκυθῶν
665 1146 934 1204 στρατόπεδον
962 1148 1119 1204 ἀνδρῶν
1142 1146 1397 1189 παντάπασιν
1422 1147 1570 1204 ἔρημον
1595 1146 1715 1206 εὓρη-

259 1216 371 1268 κότες
393 1216 564 1275 (ᾤχοντο
589 1217 666 1273 γὰρ
690 1217 736 1258 οὗ
761 1221 897 1273 πολλῷ
918 1214 1111 1272 πρότερον
1133 1214 1333 1270 ἀπιόντες)
1357 1217 1598 1273 προσωτέρω
1611 1215 1717 1270 ἐχώ-

257 1304 369 1344 ρουν.
437 1287 519 1328 ἐπεὶ
559 1286 602 1327 δὲ
639 1285 743 1341 ἀμφὶ
779 1285 905 1339 μέσην
938 1283 1092 1340 ἡμέραν
1126 1283 1204 1338 ἤδη
1230 1279 1279 1339 ἦν
1305 1286 1372 1326 καὶ
1398 1284 1528 1334 οὐδεὶς
1553 1285 1713 1340 οὗὸαμῆ
1727 1295 1769 1330 15

258 1354 458 1408 πολεμίων
484 1354 721 1410 διεφαίνετο,
753 1351 923 1402 Σκύθας
947 1352 1041 1402 τοὺς
1066 1351 1152 1394 ὅσοι
1172 1350 1385 1405 Ῥωμαίοις
1410 1351 1717 1409 ξυνεστράτευον

257 1420 551 1477 ἀπολεξάμενος
584 1421 774 1475 βασιλεὺς
817 1419 1182 1477 ὗποστρατηγοῦντι
1230 1422 1272 1463 Γ
1270 1418 1455 1478 ιφάρδῳ,
1498 1421 1614 1478 ἀνδρὶ
1639 1437 1715 1463 πο-

256 1496 389 1546 λέμων
424 1492 596 1548 ἐμπείρῳ
632 1494 812 1541 πολλῶν,
858 1489 1004 1539 αὐτοὺς
1036 1489 1109 1543 μὲν
1134 1489 1261 1531 ὀπίσω
1286 1493 1366 1531 τῶν
1391 1490 1590 1543 πολεμίων
1615 1489 1715 1531 ἴέναι

256 1559 454 1614 ἔπεμψεν,
501 1555 864 1612 ἷχνοσκοπήσοντάς
897 1575 939 1599 τε
966 1559 1033 1598 καὶ
1059 1556 1136 1611 ὅπη
1165 1557 1317 1598 δυνατὰ
1342 1556 1454 1599 ἔσται
1478 1557 1715 1612 μαχησομέ-

255 1645 374 1679 νους,
416 1626 539 1676 αὐτὸς
571 1626 615 1668 δὲ
653 1623 819 1667 κατόπιν
855 1623 1062 1681 ἐπορεύετο
1090 1623 1385 1681 σχολαιότερον.
1451 1625 1525 1667 οὐκ
1551 1627 1607 1675 εἷς
1630 1636 1773 1679 pta-5:²0

202 1699 236 1734 D
261 1697 361 1753 κρὰν
398 1690 470 1738 οὖν
506 1692 527 1736 ὅ
562 1696 603 1735 Γ
601 1692 774 1751 ιφάρὸος
807 1700 891 1743 τοῖς
926 1694 1130 1747 πολεμίοις
1164 1690 1451 1747 ἐντετυχηκώς,
1495 1693 1629 1748 ἐπειδὴ
1655 1694 1714 1748 μὴ

256 1762 423 1821 ἐθάρρει
459 1767 508 1820 τῇ
534 1766 719 1819 συμβολῇ
748 1761 811 1818 (τὸ
837 1761 914 1819 γὰρ
939 1760 1163 1818 βαρβάρων
1189 1765 1348 1815 πλῆθος
1374 1761 1556 1817 ἀριθμοῦ
1581 1769 1714 1818 κρεῖσ-

257 1849 329 1874 σον
355 1833 466 1889 αὐτῷ’
491 1829 742 1888 κατεφάνη),
790 1830 957 1884 πέμψας
982 1831 1045 1871 ἐπὶ
1070 1829 1140 1871 τὸν
1164 1830 1335 1882 βασιλέα
1361 1828 1469 1884 ἥκειν
1495 1829 1617 1872 αὐτὸν
1642 1830 1715 1884 τὴν

257 1905 448 1955 ταχίστην
481 1901 620 1942 ἐδεῖτο.
699 1902 828 1941 ταῦτα
868 1898 1002 1952 ἐπειδὴ
1044 1898 1235 1951 βασιλεὺς
1270 1897 1464 1952 ἤκουσεν,
1517 1896 1637 1948 αὐτός
1671 1916 1714 1942 τε

351 2019 408 2053 11.
430 2013 540 2051 τένου
559 2011 694 2061 ὅρμον]
718 2015 805 2052 Duc.
829 2014 1076 2062 Τενούορμον.

258 2119 333 2153 ciue
349 2129 476 2163 poenas
502 2118 655 2153 dederint
683 2114 873 2163 Scythae'R’
918 2123 1127 2166 quapropter
1149 2118 1311 2165 reliquum
1328 2118 1495 2153 exercitus
1511 2129 1552 2153 eo
1565 2117 1654 2163 loci,
1676 2122 1714 2152 et

260 2166 304 2199 ad
322 2165 413 2209 ripas
430 2169 542 2197 castra
558 2169 716 2198 metatum
736 2165 882 2210 reliquit.
926 2166 1001 2211 ipse
1025 2166 1100 2211 quia
1119 2166 1263 2199 nondum
1277 2192 1285 2204 ‚
1309 2166 1357 2199 uti
1372 2165 1494 2198 dictum
1509 2168 1580 2206 est,
1604 2164 1713 2197 adve-

259 2214 381 2245 nerant
402 2220 527 2249 naves,
555 2210 681 2254 aptatis
710 2212 936 2255 connexisque
956 2212 1043 2245 inter
1069 2223 1106 2245 se
1131 2211 1265 2253 lembis,
1291 2222 1362 2244 cum
1376 2210 1588 2254 quingentis,
1614 2210 1713 2243 exiis

261 2256 318 2301 qui
332 2255 394 2288 sibi
410 2254 572 2296 aderant,
596 2255 719 2288 Istrum
737 2258 930 2300 superavit:
953 2269 1094 2303 cumque
1111 2257 1201 2291 ultra
1225 2257 1327 2290 vellet·
1348 2255 1555 2300 procedere,
1578 2255 1613 2288 in
1630 2255 1714 2289 duos

262 2301 346 2336 ulios
363 2300 572 2344 navigabiles
588 2300 710 2346 fluvios
725 2301 855 2337 incidit.
904 2306 942 2335 ut
956 2315 1038 2336 vero
1053 2303 1176 2336 nullum
1190 2303 1238 2335 ibi
1261 2300 1414 2347 apparuit
1430 2301 1599 2345 navigium
1610 2326 1621 2344 ‚
1644 2311 1712 2346 quo

261 2347 306 2382 ad
324 2346 553 2380 traiectionem
580 2350 733 2379 uteretur
746 2371 757 2387 ‚
789 2347 856 2379 suis
885 2347 1062 2392 imperavit
1075 2374 1083 2388 ‚
1113 2352 1152 2382 ut
1174 2347 1340 2380 actuarias
1364 2346 1499 2390 quaein
1514 2347 1602 2380 Istro
1618 2350 1715 2380 erant

261 2392 356 2438 equis
377 2392 577 2435 alligarent,
608 2396 710 2435 atque
731 2391 778 2424 ita
803 2392 845 2425 ad
872 2392 994 2426 fluvios
1013 2393 1282 2428 transveherent.
1326 2402 1393 2436 quo
1418 2392 1534 2434 sacto,
1557 2391 1647 2425 nullo
1661 2392 1716 2425 la-

260 2439 346 2472 bore
362 2437 576 2471 traiecerunt.
622 2437 697 2470 loco
714 2436 834 2470 deinde
848 2439 997 2482 spatioso
1014 2439 1223 2482 transmisso,
1248 2437 1292 2471 ad
1306 2442 1449 2470 montem
1463 2448 1570 2482 usque
1585 2434 1714 2482 (τένου

262 2481 418 2526 ὅρμον),
453 2482 510 2527 qui
536 2483 827 2526 Tauroscythicae
851 2483 975 2516 finibus
999 2484 1150 2526 adiacet,
1180 2493 1380 2530 pervenere.
1434 2482 1482 2516 ibi
1504 2494 1578 2516 cum
1604 2493 1713 2516 vacua

261 2539 398 2575 prorsus
415 2539 455 2562 ac
470 2529 605 2562 deserta
619 2528 826 2561 invenissent
841 2529 1047 2571 Scytharum
1065 2535 1175 2564 castra
1191 2532 1284 2574 (num
1308 2527 1356 2562 illi
1372 2528 1472 2572 paulo
1488 2533 1567 2562 ante
1584 2537 1621 2561 se
1635 2527 1714 2562 inde

259 2575 479 2619 receperant)
496 2573 636 2607 ulterius
657 2573 928 2619 progrediuntur.
971 2574 1078 2608 medio
1102 2580 1213 2609 autem
1228 2574 1283 2608 die
1297 2583 1370 2606 cum
1386 2584 1428 2607 ex
1446 2573 1598 2608 hostibus
1615 2584 1713 2607 nemo

259 2624 463 2665 appareret,
490 2620 661 2663 Scythes,
702 2619 759 2664 qui
794 2619 953 2653 Romanis
979 2620 1189 2662 militabant,
1221 2618 1331 2663 seligit
1351 2618 1552 2663 imperator,
1589 2624 1624 2652 et
1646 2619 1714 2652 Gi-

258 2664 384 2711 phardo
411 2665 519 2709 duce,
543 2666 616 2697 viro
641 2665 693 2698 rei
716 2664 867 2699 militaris
892 2665 1114 2711 peritissimo,
1146 2665 1271 2708 mittit,
1301 2668 1339 2697 ut
1361 2674 1382 2698 a
1406 2670 1460 2698 ter
1485 2675 1504 2698 o
1518 2664 1714 2698 insisterent

259 2710 434 2751 hostibus,
457 2714 491 2744 et
506 2710 534 2743 si
548 2710 685 2744 daretur
709 2710 863 2754 occasio,
890 2721 1007 2745 manus
1024 2715 1259 2753 consererent,
1291 2709 1366 2743 dum
1382 2709 1457 2755 ipse
1485 2714 1565 2743 ento
1578 2710 1712 2744 interea

258 2756 368 2801 gradu
397 2756 668 2800 subsequeretur.
715 2756 858 2790 nondum
880 2756 1054 2836 plurimum
1077 2759 1330 2801 consumpserat
1350 2754 1479 2789 itineris
1503 2755 1712 2800 Giphardus,

262 2801 383 2836 cumin
399 2802 514 2835 hostes
537 2801 666 2835 incidit.
712 2802 773 2835 sed
798 2813 879 2847 prae
893 2801 958 2835 ium
973 2802 1179 2835 committere
1194 2813 1261 2835 non
1277 2811 1377 2836 ausus
1392 2826 1403 2844 ‚
1428 2801 1519 2845 quod
1533 2801 1633 2845 longe
1648 2810 1712 2834 nu-

260 2847 418 2883 merosior
433 2847 653 2883 barbarorum
667 2846 733 2882 sibi
747 2847 922 2883 videretur
936 2847 1042 2891 acia,
1063 2847 1300 2893 imperatorem
1315 2858 1377 2893 per
1399 2846 1552 2892 nuutios,
1574 2850 1615 2882 ut
1629 2856 1714 2880 con-
