1878 3262
564 231 1108 279 COMMENTARIORUM
1141 231 1188 275 L.
1215 229 1251 274 1.
1321 251 1324 254 ·
1558 227 1626 276 27

163 369 239 410 ραν
271 348 582 408 πεπυργωμένην
616 347 866 405 ἑκατέρωθεν
897 341 1023 390 οὖσαν
1058 346 1098 398 ἒς
1131 346 1204 402 τὴν
1228 345 1415 404 Περσίδα
1444 349 1629 405 φοιτῶσι.

161 422 367 475 συμμίξας
389 414 460 462 οἶν
492 418 512 461 ὃ
538 417 790 473 ΖΗουχούμετ
814 421 872 475 τῷ
897 416 1044 459 ἑαυτοῦ
1066 414 1337 473 στρατεύματι
1359 415 1453 467 τοὺς
1473 420 1627 470 μισθο-
1649 425 1679 461 P
1702 425 1749 461 22

162 488 317 548 φόρους
349 487 560 546 Τούρκους
585 485 832 545 προσβάλλει
862 490 921 543 τῷ
951 490 1031 527 τῶν
1048 484 1257 542 Ἀρράβων
1280 483 1443 542 ἄρχοντι
1462 488 1630 528 Πισσα-

163 561 260 616 ρίῳ,
294 559 360 600 καὶ
383 557 481 616 ῥᾷον
503 557 624 599 αὐτὸν
645 559 982 613 κατατροποῦται.
1052 553 1286 596 ἐπανελθὼν
1305 555 1348 596 δὲ
1368 556 1424 604 εἷς
1439 554 1513 609 τὴν
1533 553 1632 596 ἔαυ-

128 632 236 670 5τοῦ
261 627 426 669 ἔσπευσε
451 628 517 668 καὶ
538 625 639 683 πρὸς
658 625 753 675 τοὺς
772 627 1047 678 πολεμοῦντας
1061 623 1212 673 Ἰνδοὺς
1235 623 1338 678 μετὰ
1360 627 1442 665 τῶν
1466 621 1631 677 ξυμμά-

158 713 244 751 χων
267 696 603 751 διαγωνίσασθαι.
638 693 967 751 παραιτουμένων
990 693 1034 734 δ’
1059 693 1215 734 ἐκείνων
1235 693 1302 734 καὶ
1321 692 1423 749 πρὸς
1441 692 1514 747 τὴν
1533 691 1630 734 ἔαυ-

159 769 242 807 'nav
263 762 584 821 ἓκλιπαρούντων
609 764 908 814 ἐξαποστέλλειν
916 794 929 814 ,
965 762 1178 815 ἀνεθείσης
1200 762 1315 817 σφίσι
1339 766 1411 815 τῆς
1433 762 1473 803 ἓν
1491 766 1543 819 τῇ
1564 778 1632 817 γε-

161 832 275 892 φύρᾳ
307 837 493 889 φυλακῆς
524 836 598 874 τοῦ
614 830 873 889 Ἀρράξιδος,
909 833 1065 886 ἐπείπερ
1091 831 1236 879 ἐκεῖνος
1259 829 1423 871 ἐνέκειτο
1446 832 1511 872 καὶ
1534 832 1630 884 βίαν

160 903 374 957 ἐπενεγκεῖν
395 900 626 956 ἐβουλεύετο
641 933 654 953 ,
690 902 891 951 δείσαντες
914 900 951 941 οἳ
979 903 1157 956 Τοῦρκοι
1177 898 1235 952 μὴ
1258 896 1430 940 πάθοιέν
1446 916 1484 940 τι
1502 898 1632 940 δεινὸν

105 980 150 1016 10
161 971 262 1027 πρὸς
281 971 531 1013 ἀποστασίαν
550 974 745 1027 χωροῦσι.
813 971 879 1011 καὶ
902 969 977 1022 τὴν
999 970 1258 1025 Καρβωνῖτιν
1278 966 1426 1023 ἔρημον
1447 966 1624 1009 ὑποδύν-
1648 973 1678 1008 Β

156 1039 321 1090 ugoni
350 1039 395 1081 τὸ
426 1039 484 1094 μὴ
517 1043 688 1096 θαρρεῖν
719 1039 843 1093 ὀλίγοι
869 1037 972 1094 πρὸς
993 1035 1195 1086 τοσαύτας
1218 1034 1630 1092 ἀντιπαρατάξασθαι

155 1106 382 1165 μυριάδας,
410 1109 564 1150 ἐκεῖθεν
587 1107 787 1165 ἐκδρομὰς
810 1105 1042 1161 ποιούμενοι
1055 1105 1106 1149 τὰ
1119 1109 1200 1148 τῶν
1213 1107 1464 1161 Σαρακηνῶν
1485 1103 1630 1163 ἐδῄουν

155 1179 223 1220 καὶ
250 1177 455 1234 ἔφθειρον.

298 1279 343 1324 8.
413 1278 740 1332 Δυσανασχετῶν
776 1275 816 1318 δ’
855 1276 918 1319 ἐπὶ
954 1282 1038 1327 τοῖς
1063 1276 1288 1333 γενομένοις
1313 1274 1334 1319 ὃ
1361 1273 1629 1331 Μουχούμετ,

105 1347 334 1405 15στρατὸν
368 1347 570 1404 ἀθροίσας
601 1347 707 1403 ἀμφὶ
742 1345 816 1396 τὰς
852 1345 975 1388 εἴκοσι
998 1345 1189 1400 χιλιάδας
1214 1347 1401 1400 ἐκπέμπει
1423 1345 1526 1387 κατὰ
1550 1349 1630 1387 τῶν

163 1415 361 1473 Τούρκων
391 1417 486 1458 δέκα
516 1414 765 1472 στρατηγοὺς
800 1414 911 1471 αὐτῷ
943 1414 1161 1469 ἐπιστήσας
1188 1419 1268 1457 τῶν
1293 1415 1359 1456 ἐπ’
1391 1415 1536 1473 ἀνδρίᾳ
1562 1415 1631 1456 καὶ

160 1486 315 1527 συνέσει
335 1485 678 1541 μαρτυρουμένων
691 1487 955 1539 Σαρακηνῶν.
1024 1483 1194 1540 ἄραντες
1213 1478 1284 1525 οὖν
1305 1477 1414 1525 οὗτοι
1435 1483 1538 1539 πρὸς
1558 1483 1632 1537 τὴν

161 1555 420 1610 Καρβωνΐτιν
442 1553 663 1609 ἠπείγοντο.
734 1552 829 1594 ἀλλ’
858 1553 1018 1594 εἷσιέναι
1042 1553 1115 1606 μὲν
1137 1552 1210 1606 τὴν
1230 1552 1379 1608 ἔρημον
1401 1551 1470 1593 διά
1495 1568 1535 1593 τε
1558 1551 1632 1606 τὴν

159 1627 235 1665 τοῦ
255 1622 404 1672 ὓδατος
423 1621 567 1664 σπάνιν
591 1623 658 1663 καὶ
680 1620 753 1676 τὴν
775 1626 939 1678 τροφῶν
962 1621 1114 1663 ἔνδειαν
1137 1621 1364 1671 ἀλυσιτελὲς
1377 1619 1474 1663 εἶναι
1490 1619 1630 1678 ᾤοντο,
1656 1627 1688 1661 C

105 1699 152 1734 20
163 1691 323 1748 ἔγγιστα
356 1692 398 1733 δὲ
430 1695 502 1733 τοῦ
537 1689 738 1745 στόματος
770 1694 842 1744 τῆς
863 1687 1014 1747 ἐρήμου
1040 1688 1456 1747 στρατοπεδεύσαντες
1477 1692 1636 1731 διεσκο-

256 1824 289 1858 1.
321 1819 631 1866 πεπυργωμένην]
665 1821 753 1856 eod.
774 1819 1055 1865 πεπωρωμένην.
1103 1819 1251 1854 correxit
1268 1820 1309 1857 P.
1446 1821 1479 1855 3.
1508 1816 1636 1863 Ἀρροξ-

251 1868 422 1948 gzclossn}
442 1867 702 1913 Βαβυλωνίων.
829 1868 915 1902 ibid.
936 1866 1151 1913 Πισσαρίῳ]
1174 1867 1262 1911 Pag.
1285 1866 1343 1909 30,
1366 1866 1409 1901 16
1432 1863 1636 1910 Πισσύριος

166 2032 223 2066 cto
251 2030 364 2065 Araxe
386 2040 451 2075 per
473 2031 608 2074 pontem
631 2027 796 2073 utrimque
818 2027 967 2061 turribus
982 2025 1142 2061 munitum
1157 2025 1191 2059 in
1206 2024 1379 2060 Persidem
1393 2027 1635 2071 pervenerunt.

166 2088 230 2111 nec
244 2087 368 2110 moram
384 2076 466 2110 fecit
482 2074 679 2108 Muchumet
693 2074 744 2107 his
759 2073 951 2107 recentibus
971 2072 1127 2106 mercede
1142 2072 1352 2106 militantium
1367 2073 1556 2106 Turcorum
1573 2082 1636 2105 au-

166 2122 255 2158 xiliis
269 2122 313 2155 ad
329 2133 406 2156 suas
422 2125 558 2155 veteres
574 2120 687 2164 copias
702 2119 865 2153 adiunctis
889 2118 1093 2162 confligendi
1116 2129 1190 2152 cum
1207 2118 1353 2151 Pissario
1370 2118 1636 2162 Babyloniorum

166 2169 319 2218 principe
329 2194 340 2211 ‚
368 2179 465 2213 quem
481 2166 580 2200 facile
594 2165 682 2199 fudit
698 2165 907 2210 fugavitque.
955 2165 1043 2198 unde
1058 2164 1168 2198 victor
1183 2164 1226 2198 ad
1243 2175 1304 2197 sua
1320 2174 1476 2198 reversus
1491 2164 1636 2208 parabat

167 2214 415 2263 expeditionem
443 2213 607 2246 adversus
631 2211 752 2252 Indos,
782 2212 843 2245 hos
866 2222 1002 2256 quoque
1025 2211 1141 2244 hostes
1157 2214 1300 2254 experta
1315 2209 1378 2243 iam
1395 2209 1523 2243 virtute
1539 2210 1635 2242 Tur-

165 2271 279 2294 corum
295 2261 507 2294 subacturum
524 2270 560 2292 se
576 2257 759 2294 confidens.
805 2269 921 2290 verum
933 2257 988 2290 his
1003 2256 1187 2301 longiorem
1205 2255 1351 2289 militiam
1370 2255 1635 2289 detrectantibus

166 2306 360 2350 remittique
375 2306 408 2339 in
425 2304 564 2350 patriam
582 2315 622 2337 ac
639 2303 750 2348 pontis
767 2314 870 2347 super
889 2306 1032 2337 Araxen:
1060 2301 1244 2336 custodiam
1259 2302 1342 2346 ipsis
1359 2301 1519 2335 committi
1533 2300 1635 2344 flagi-

167 2352 318 2385 tantibus
330 2377 341 2394 ‚
373 2352 432 2385 ubi
457 2355 574 2385 contra
600 2349 794 2382 incumbens
812 2349 1005 2383 Muchumet
1020 2360 1086 2382 non
1102 2349 1202 2392 longe
1217 2348 1337 2381 abesse
1352 2347 1531 2380 videbatur
1545 2347 1635 2379 inse-

167 2397 275 2432 renda
292 2397 327 2431 vi
339 2426 349 2442 ‚
381 2397 487 2432 Turci
503 2395 603 2429 veriti
619 2406 660 2428 ne
676 2394 756 2439 quid
773 2396 929 2428 acerbum
949 2399 1169 2439 paterentur,
1199 2393 1307 2438 palam
1331 2393 1520 2426 rebellant:
1552 2391 1634 2425 soli·-

167 2443 353 2489 tudineque
374 2443 503 2477 insessa
530 2440 769 2483 Carbonitide‚
800 2440 895 2474 ’cuius
922 2440 1062 2474 latebris
1089 2444 1123 2474 et
1146 2439 1318 2472 inaccessa
1342 2444 1462 2471 natura
1483 2438 1633 2472 locorum

167 2489 374 2537 paucitatem
399 2500 491 2522 suam
521 2500 541 2522 a
566 2492 662 2521 tanto
688 2486 965 2520 numerosioribus
981 2485 1206 2520 Muchumetis
1223 2483 1431 2525 exercitibus¹
1444 2488 1634 2528 tuerentur,

171 2535 423 2568 excursionibus
439 2534 529 2567 illinc
543 2533 669 2567 crebris
685 2532 717 2565 in
734 2532 984 2579 circumpositas
1001 2532 1247 2565 Saracenorum
1277 2530 1497 2576 erumpebant
1517 2529 1634 2575 regio-

169 2590 230 2614 nes
242 2606 252 2623 ,
274 2580 398 2626 rapinis
413 2580 584 2626 ruinisque
603 2583 721 2612 cuncta
739 2578 857 2624 passim
872 2578 974 2612 foede
987 2582 1177 2612 vastantes-

264 2660 298 2694 8.
342 2659 408 2694 His
432 2659 621 2703 indignatus
645 2657 841 2692 Muchumet
868 2657 1052 2691 exercitum
1076 2654 1196 2700 viginti
1220 2655 1326 2689 ferme
1352 2655 1488 2689 millium
1515 2658 1637 2689 contra.

173 2702 308 2737 Turoos
332 2704 434 2738 mittit
457 2705 520 2739 sub
547 2705 662 2737 decem
689 2703 826 2737 ducibus
850 2703 1054 2737 fortitudinis
1070 2714 1110 2736 ac
1126 2701 1326 2746 prudentiae
1339 2702 1428 2735 inter
1445 2702 1637 2735 Saracenos

175 2755 277 2783 notae
291 2753 515 2795 testataeque.
562 2750 596 2784 hi
612 2750 756 2794 profecti
773 2749 1023 2783 Carbonitidem
1038 2759 1156 2783 versus
1174 2759 1247 2781 cum
1262 2759 1299 2781 se
1313 2748 1538 2781 admovissent
1554 2758 1637 2791 pro-

175 2794 285 2837 xime,
315 2799 496 2839 penetrare
524 2795 558 2829 in
592 2795 698 2840 ipsam
733 2795 962 2838 solitudinem,
1005 2806 1114 2840 aquae
1144 2805 1362 2838 annonaeque
1393 2793 1496 2826 omnis
1525 2791 1637 2836 inopia

174 2839 394 2884 squallentem
408 2842 629 2885 periculosum
646 2841 712 2876 rati
725 2869 734 2884 ‚
765 2841 808 2875 ad
825 2841 894 2875 eius
909 2842 1026 2875 fauces
1036 2869 1046 2886 ‚
1080 2851 1148 2886 qua
1163 2840 1372 2874 necessarius
1388 2845 1461 2872 erat
1476 2837 1636 2871 transitus

176 2885 310 2922 munitis
327 2886 446 2920 castris
461 2898 632 2929 securam,
662 2891 701 2921 ut
722 2886 804 2933 ipsis
820 2887 1042 2932 videbantur,
1074 2892 1109 2922 et
1132 2886 1316 2931 sapientem
1331 2885 1459 2919 inibant
1477 2882 1557 2917 belli
1572 2882 1637 2916 ad·
