<?xml version="1.0" encoding="UTF-8"?>
<!DOCTYPE html PUBLIC "-//W3C//DTD XHTML 1.0 Transitional//EN"
    "http://www.w3.org/TR/xhtml1/DTD/xhtml1-transitional.dtd">
<html xmlns="http://www.w3.org/1999/xhtml" xml:lang="en" lang="en">
 <head>
  <title>
</title>
<meta http-equiv="Content-Type" content="text/html;charset=utf-8" />
  <meta name='ocr-system' content='tesseract 3.04.00' />
  <meta name='ocr-capabilities' content='ocr_page ocr_carea ocr_par ocr_line ocrx_word'/>
</head>
<body>
  <div class='ocr_page' id='page_1' title='image "./corpusscriptorum26niebuoft_0241.png"; bbox 0 0 1878 3262; ppageno 0'>
   <div class='ocr_carea' id='block_1_1' title="bbox 626 223 1624 271">
    <p class='ocr_par' dir='ltr' id='par_1_1' title="bbox 626 223 1624 271">
     <span class='ocr_line' id='line_1_1' title="bbox 626 223 1624 271; baseline 0.004 -4"><span class='ocrx_word' id='word_1_1' title='bbox 626 223 1016 269; x_wconf 84' lang='lat' dir='ltr'><strong>HISTORIARUM</strong></span> <span class='ocrx_word' id='word_1_2' title='bbox 1047 225 1097 268; x_wconf 88' lang='lat' dir='ltr'>L.</span> <span class='ocrx_word' id='word_1_3' title='bbox 1121 225 1178 268; x_wconf 85' lang='lat' dir='ltr'>V.</span> <span class='ocrx_word' id='word_1_4' title='bbox 1524 223 1624 271; x_wconf 83' lang='lat'>209</span> 
     </span>
    </p>
   </div>
   <div class='ocr_carea' id='block_1_2' title="bbox 105 331 1753 1755">
    <p class='ocr_par' dir='ltr' id='par_1_2' title="bbox 105 331 1753 1755">
     <span class='ocr_line' id='line_1_2' title="bbox 173 331 1623 394; baseline 0.001 -14"><span class='ocrx_word' id='word_1_5' title='bbox 173 344 287 394; x_wconf 83' lang='grc' dir='ltr'><em>βιτον</em></span> <span class='ocrx_word' id='word_1_6' title='bbox 306 333 534 380; x_wconf 74' lang='grc' dir='ltr'><strong><em>ἐπεκάλουν.</em></strong></span> <span class='ocrx_word' id='word_1_7' title='bbox 602 333 708 379; x_wconf 78' lang='grc' dir='ltr'><em>εἶδόν</em></span> <span class='ocrx_word' id='word_1_8' title='bbox 723 354 765 379; x_wconf 83' lang='grc' dir='ltr'>τε</span> <span class='ocrx_word' id='word_1_9' title='bbox 783 331 854 379; x_wconf 71' lang='grc' dir='ltr'>οὖν</span> <span class='ocrx_word' id='word_1_10' title='bbox 873 336 946 392; x_wconf 80' lang='grc' dir='ltr'>τὴν</span> <span class='ocrx_word' id='word_1_11' title='bbox 967 333 1090 394; x_wconf 91' lang='grc' dir='ltr'><em>κόρην</em></span> <span class='ocrx_word' id='word_1_12' title='bbox 1110 335 1150 379; x_wconf 78' lang='grc' dir='ltr'><em>οἱ</em></span> <span class='ocrx_word' id='word_1_13' title='bbox 1170 334 1398 394; x_wconf 75' lang='grc' dir='ltr'><em>ἅνδρεςκαὶ</em></span> <span class='ocrx_word' id='word_1_14' title='bbox 1415 334 1623 393; x_wconf 79' lang='grc' dir='ltr'><em>ἀγασάμε-</em></span> 
     </span>
     <span class='ocr_line' id='line_1_3' title="bbox 171 403 1621 462; baseline 0 -14"><span class='ocrx_word' id='word_1_15' title='bbox 171 423 234 453; x_wconf 82' lang='grc' dir='ltr'>νοι</span> <span class='ocrx_word' id='word_1_16' title='bbox 260 409 334 448; x_wconf 84' lang='grc' dir='ltr'>τοῦ</span> <span class='ocrx_word' id='word_1_17' title='bbox 360 404 556 458; x_wconf 80' lang='grc' dir='ltr'><em>κάλλους,</em></span> <span class='ocrx_word' id='word_1_18' title='bbox 598 405 734 460; x_wconf 73' lang='grc' dir='ltr'><em>ἐπειδὴ</em></span> <span class='ocrx_word' id='word_1_19' title='bbox 758 406 884 460; x_wconf 73' lang='grc' dir='ltr'><em>μηδὲν</em></span> <span class='ocrx_word' id='word_1_20' title='bbox 913 403 1156 460; x_wconf 73' lang='grc' dir='ltr'><em>ὄθενὸήποτε</em></span> <span class='ocrx_word' id='word_1_21' title='bbox 1173 403 1410 462; x_wconf 76' lang='grc' dir='ltr'><em>ὖπεφαίνετο</em></span> <span class='ocrx_word' id='word_1_22' title='bbox 1433 405 1531 456; x_wconf 64' lang='grc' dir='ltr'><em>τέως</em></span> <span class='ocrx_word' id='word_1_23' title='bbox 1546 407 1621 461; x_wconf 81' lang='grc' dir='ltr'><em>ε’μ-</em></span> 
     </span>
     <span class='ocr_line' id='line_1_4' title="bbox 171 471 1622 531; baseline 0.001 -16"><span class='ocrx_word' id='word_1_24' title='bbox 171 472 330 526; x_wconf 76' lang='grc' dir='ltr'><em>ποδών,</em></span> <span class='ocrx_word' id='word_1_25' title='bbox 357 474 484 528; x_wconf 76' lang='grc' dir='ltr'><em>μηδὲν</em></span> <span class='ocrx_word' id='word_1_26' title='bbox 501 472 765 531; x_wconf 74' lang='grc' dir='ltr'><strong><em>ὑπερθέμενοι</em></strong></span> <span class='ocrx_word' id='word_1_27' title='bbox 786 474 828 524; x_wconf 78' lang='grc' dir='ltr'><em>ἒς</em></span> <span class='ocrx_word' id='word_1_28' title='bbox 843 472 916 527; x_wconf 85' lang='grc' dir='ltr'>τὴν</span> <span class='ocrx_word' id='word_1_29' title='bbox 933 471 1075 529; x_wconf 78' lang='grc' dir='ltr'><em>τριήρη</em></span> <span class='ocrx_word' id='word_1_30' title='bbox 1102 471 1398 528; x_wconf 71' lang='grc' dir='ltr'><em>ε’μβιβάζουσιν.</em></span> <span class='ocrx_word' id='word_1_31' title='bbox 1465 472 1557 531; x_wconf 74' lang='grc' dir='ltr'><em>ἄρτι</em></span> <span class='ocrx_word' id='word_1_32' title='bbox 1576 475 1622 517; x_wconf 76' lang='grc' dir='ltr'>δὲ</span> 
     </span>
     <span class='ocr_line' id='line_1_5' title="bbox 171 539 1620 599; baseline 0.001 -16"><span class='ocrx_word' id='word_1_33' title='bbox 171 542 324 584; x_wconf 71' lang='grc' dir='ltr'><em>ἐκεῖθεν</em></span> <span class='ocrx_word' id='word_1_34' title='bbox 357 540 527 599; x_wconf 76' lang='grc' dir='ltr'><em>ἀφήσειν</em></span> <span class='ocrx_word' id='word_1_35' title='bbox 552 540 802 597; x_wconf 90' lang='grc' dir='ltr'><em>μελλόντων,</em></span> <span class='ocrx_word' id='word_1_36' title='bbox 836 539 947 583; x_wconf 88' lang='grc' dir='ltr'><em>νόσοι</em></span> <span class='ocrx_word' id='word_1_37' title='bbox 973 545 1135 597; x_wconf 83' lang='grc' dir='ltr'><em>βαρεῖαι</em></span> <span class='ocrx_word' id='word_1_38' title='bbox 1163 545 1216 598; x_wconf 87' lang='grc' dir='ltr'>τῇ</span> <span class='ocrx_word' id='word_1_39' title='bbox 1242 540 1341 598; x_wconf 86' lang='grc' dir='ltr'><em>κόρῃ</em></span> <span class='ocrx_word' id='word_1_40' title='bbox 1371 541 1620 597; x_wconf 74' lang='grc' dir='ltr'><em>ἓνίσκηπτον,</em></span> 
     </span>
     <span class='ocr_line' id='line_1_6' title="bbox 137 605 1619 665; baseline 0.001 -13"><span class='ocrx_word' id='word_1_41' title='bbox 137 612 238 652; x_wconf 69' lang='grc' dir='ltr'><em>ὁκαὶ</em></span> <span class='ocrx_word' id='word_1_42' title='bbox 260 605 310 665; x_wconf 78' lang='grc' dir='ltr'><em>ἦν</em></span> <span class='ocrx_word' id='word_1_43' title='bbox 331 610 372 652; x_wconf 75' lang='grc' dir='ltr'><em>ἕν</em></span> <span class='ocrx_word' id='word_1_44' title='bbox 401 617 550 660; x_wconf 76' lang='grc' dir='ltr'><em>κακοῖς.</em></span> <span class='ocrx_word' id='word_1_45' title='bbox 619 609 716 652; x_wconf 73' lang='grc' dir='ltr'><em>ὅθεν</em></span> <span class='ocrx_word' id='word_1_46' title='bbox 747 611 812 652; x_wconf 78' lang='grc' dir='ltr'>καὶ</span> <span class='ocrx_word' id='word_1_47' title='bbox 834 609 895 651; x_wconf 81' lang='grc' dir='ltr'><em>ἀεὶ</em></span> <span class='ocrx_word' id='word_1_48' title='bbox 921 610 976 658; x_wconf 77' lang='grc' dir='ltr'>εἷς</span> <span class='ocrx_word' id='word_1_49' title='bbox 991 608 1064 664; x_wconf 83' lang='grc' dir='ltr'>τὴν</span> <span class='ocrx_word' id='word_1_50' title='bbox 1091 609 1280 651; x_wconf 73' lang='grc' dir='ltr'><em>ἐπιοῦσαν</em></span> <span class='ocrx_word' id='word_1_51' title='bbox 1301 609 1619 664; x_wconf 76' lang='grc' dir='ltr'><em>ἀναβαλλόμενοι</em></span> 
     </span>
     <span class='ocr_line' id='line_1_7' title="bbox 167 675 1616 734; baseline 0.001 -14"><span class='ocrx_word' id='word_1_52' title='bbox 167 678 239 720; x_wconf 84' lang='grc' dir='ltr'>τὸν</span> <span class='ocrx_word' id='word_1_53' title='bbox 264 676 470 720; x_wconf 79' lang='grc' dir='ltr'><em>ἀπόπλουν</em></span> <span class='ocrx_word' id='word_1_54' title='bbox 501 681 587 733; x_wconf 82' lang='grc' dir='ltr'><em>εῗκῆ</em></span> <span class='ocrx_word' id='word_1_55' title='bbox 615 678 684 721; x_wconf 84' lang='grc' dir='ltr'>τὸν</span> <span class='ocrx_word' id='word_1_56' title='bbox 711 676 850 734; x_wconf 83' lang='grc' dir='ltr'><em>καιρὸν</em></span> <span class='ocrx_word' id='word_1_57' title='bbox 878 679 1026 732; x_wconf 77' lang='grc' dir='ltr'><em>διῆγον.</em></span> <span class='ocrx_word' id='word_1_58' title='bbox 1094 675 1169 718; x_wconf 75' lang='grc' dir='ltr'><em>κᾶν</em></span> <span class='ocrx_word' id='word_1_59' title='bbox 1187 676 1263 733; x_wconf 81' lang='grc' dir='ltr'>γὰρ</span> <span class='ocrx_word' id='word_1_60' title='bbox 1283 678 1350 718; x_wconf 74' lang='grc' dir='ltr'>ἐπ’</span> <span class='ocrx_word' id='word_1_61' title='bbox 1373 678 1506 733; x_wconf 78' lang='grc' dir='ltr'><em>ὀλίγον</em></span> <span class='ocrx_word' id='word_1_62' title='bbox 1525 678 1616 721; x_wconf 84' lang='grc' dir='ltr'><em>ἀνε-</em></span> 
     </span>
     <span class='ocr_line' id='line_1_8' title="bbox 166 743 1614 803; baseline 0 -14"><span class='ocrx_word' id='word_1_63' title='bbox 166 747 261 801; x_wconf 73' lang='grc' dir='ltr'><em>θείη</em></span> <span class='ocrx_word' id='word_1_64' title='bbox 279 751 359 789; x_wconf 79' lang='grc' dir='ltr'>τῶν</span> <span class='ocrx_word' id='word_1_65' title='bbox 383 746 535 789; x_wconf 78' lang='grc' dir='ltr'><em>ὀδυνῶν</em></span> <span class='ocrx_word' id='word_1_66' title='bbox 553 743 876 803; x_wconf 76' lang='grc' dir='ltr'><em>προσδοκήσιμός</em></span> <span class='ocrx_word' id='word_1_67' title='bbox 895 762 936 788; x_wconf 84' lang='grc' dir='ltr'>τε</span> <span class='ocrx_word' id='word_1_68' title='bbox 958 745 1148 787; x_wconf 72' lang='grc' dir='ltr'><em>ἀποπλεῖν</em></span> <span class='ocrx_word' id='word_1_69' title='bbox 1167 744 1331 800; x_wconf 74' lang='grc' dir='ltr'><em>γένοιτο,</em></span> <span class='ocrx_word' id='word_1_70' title='bbox 1367 746 1460 787; x_wconf 73' lang='grc' dir='ltr'><em>ἀλλ’</em></span> <span class='ocrx_word' id='word_1_71' title='bbox 1480 745 1614 803; x_wconf 80' lang='grc' dir='ltr'><em>ὥσπερ</em></span> 
     </span>
     <span class='ocr_line' id='line_1_9' title="bbox 168 811 1614 872; baseline 0 -16"><span class='ocrx_word' id='word_1_72' title='bbox 168 814 248 856; x_wconf 86' lang='grc' dir='ltr'>ἀπὸ</span> <span class='ocrx_word' id='word_1_73' title='bbox 276 816 466 872; x_wconf 82' lang='grc' dir='ltr'><em>προνοίας</em></span> <span class='ocrx_word' id='word_1_74' title='bbox 489 815 595 865; x_wconf 85' lang='grc' dir='ltr'><em>τινὸς</em></span> <span class='ocrx_word' id='word_1_75' title='bbox 626 812 930 871; x_wconf 73' lang='grc' dir='ltr'><em>ὃπισθόρμητον</em></span> <span class='ocrx_word' id='word_1_76' title='bbox 961 812 1007 855; x_wconf 84' lang='grc' dir='ltr'>τὸ</span> <span class='ocrx_word' id='word_1_77' title='bbox 1039 812 1166 855; x_wconf 78' lang='grc' dir='ltr'><em>δεινὸν</em></span> <span class='ocrx_word' id='word_1_78' title='bbox 1199 812 1266 854; x_wconf 70' lang='grc' dir='ltr'>ἐπ’</span> <span class='ocrx_word' id='word_1_79' title='bbox 1301 811 1426 866; x_wconf 70' lang='grc' dir='ltr'><em>αὐτὴν</em></span> <span class='ocrx_word' id='word_1_80' title='bbox 1456 813 1614 870; x_wconf 70' lang='grc' dir='ltr'><em>ἤρχετο,</em></span> 
     </span>
     <span class='ocr_line' id='line_1_10' title="bbox 166 880 1666 939; baseline 0 -15"><span class='ocrx_word' id='word_1_81' title='bbox 166 884 235 924; x_wconf 85' lang='grc' dir='ltr'>καὶ</span> <span class='ocrx_word' id='word_1_82' title='bbox 260 887 548 924; x_wconf 77' lang='grc' dir='ltr'><em>κατακλιθεῖσα</em></span> <span class='ocrx_word' id='word_1_83' title='bbox 577 882 734 939; x_wconf 66' lang='grc' dir='ltr'><em>ἔφριττε</em></span> <span class='ocrx_word' id='word_1_84' title='bbox 759 882 805 924; x_wconf 83' lang='grc' dir='ltr'>τὸ</span> <span class='ocrx_word' id='word_1_85' title='bbox 833 886 952 935; x_wconf 81' lang='grc' dir='ltr'><em>σῶμα</em></span> <span class='ocrx_word' id='word_1_86' title='bbox 981 882 1048 923; x_wconf 85' lang='grc' dir='ltr'>καὶ</span> <span class='ocrx_word' id='word_1_87' title='bbox 1065 882 1257 922; x_wconf 75' lang='grc' dir='ltr'><em>ε’κλονεῖτο</em></span> <span class='ocrx_word' id='word_1_88' title='bbox 1277 880 1431 930; x_wconf 71' lang='grc' dir='ltr'><em>ἐξαίσια</em></span> <span class='ocrx_word' id='word_1_89' title='bbox 1437 911 1452 932; x_wconf 91' lang='grc'><em>,</em></span> <span class='ocrx_word' id='word_1_90' title='bbox 1486 899 1609 938; x_wconf 85' lang='grc' dir='ltr'><em>πυρε-</em></span> <span class='ocrx_word' id='word_1_91' title='bbox 1634 896 1666 931; x_wconf 86' lang='lat'>1)</span> 
     </span>
     <span class='ocr_line' id='line_1_11' title="bbox 113 948 1615 1005; baseline -0.003 -11"><span class='ocrx_word' id='word_1_92' title='bbox 113 951 233 994; x_wconf 83' lang='grc' dir='ltr'><em>1Οτοί</em></span> <span class='ocrx_word' id='word_1_93' title='bbox 247 968 288 993; x_wconf 89' lang='grc' dir='ltr'>τε</span> <span class='ocrx_word' id='word_1_94' title='bbox 311 951 436 1005; x_wconf 78' lang='grc' dir='ltr'><em>αὐτὴν</em></span> <span class='ocrx_word' id='word_1_95' title='bbox 454 952 708 1005; x_wconf 77' lang='grc' dir='ltr'><em>μετεδέχοντο</em></span> <span class='ocrx_word' id='word_1_96' title='bbox 721 981 734 1002; x_wconf 87' lang='grc'><em>,</em></span> <span class='ocrx_word' id='word_1_97' title='bbox 770 948 1117 1003; x_wconf 59' lang='grc' dir='ltr'><em>καὶῦπωπιασμὸς</em></span> <span class='ocrx_word' id='word_1_98' title='bbox 1142 948 1220 1004; x_wconf 76' lang='grc' dir='ltr'>ἤδη</span> <span class='ocrx_word' id='word_1_99' title='bbox 1239 950 1305 990; x_wconf 82' lang='grc' dir='ltr'>καὶ</span> <span class='ocrx_word' id='word_1_100' title='bbox 1325 948 1501 1003; x_wconf 83' lang='grc' dir='ltr'><em>τηκεὸὠν</em></span> <span class='ocrx_word' id='word_1_101' title='bbox 1516 950 1615 1004; x_wconf 68' lang='grc' dir='ltr'><em>ε’πη-</em></span> 
     </span>
     <span class='ocr_line' id='line_1_12' title="bbox 165 1016 1614 1074; baseline -0.002 -13"><span class='ocrx_word' id='word_1_102' title='bbox 165 1018 367 1061; x_wconf 74' lang='grc' dir='ltr'><em>κολούθει.</em></span> <span class='ocrx_word' id='word_1_103' title='bbox 436 1021 502 1060; x_wconf 82' lang='grc' dir='ltr'>καὶ</span> <span class='ocrx_word' id='word_1_104' title='bbox 521 1019 566 1061; x_wconf 86' lang='grc' dir='ltr'>τὸ</span> <span class='ocrx_word' id='word_1_105' title='bbox 588 1024 659 1073; x_wconf 80' lang='grc' dir='ltr'>τῆς</span> <span class='ocrx_word' id='word_1_106' title='bbox 681 1017 816 1072; x_wconf 70' lang='grc' dir='ltr'><em>ὅψεως</em></span> <span class='ocrx_word' id='word_1_107' title='bbox 836 1017 964 1068; x_wconf 72' lang='grc' dir='ltr'><em>ἄνθος</em></span> <span class='ocrx_word' id='word_1_108' title='bbox 980 1016 1121 1074; x_wconf 76' lang='grc' dir='ltr'><em>χάριέν</em></span> <span class='ocrx_word' id='word_1_109' title='bbox 1137 1035 1174 1060; x_wconf 91' lang='grc' dir='ltr'>τι</span> <span class='ocrx_word' id='word_1_110' title='bbox 1188 1024 1422 1073; x_wconf 81' lang='grc' dir='ltr'><em>μαρμαΐρον</em></span> <span class='ocrx_word' id='word_1_111' title='bbox 1438 1016 1487 1058; x_wconf 82' lang='grc' dir='ltr'>τὰ</span> <span class='ocrx_word' id='word_1_112' title='bbox 1511 1016 1614 1073; x_wconf 72' lang='grc' dir='ltr'><em>πρό·</em></span> 
     </span>
     <span class='ocr_line' id='line_1_13' title="bbox 164 1084 1614 1143; baseline -0.001 -14"><span class='ocrx_word' id='word_1_113' title='bbox 164 1105 262 1143; x_wconf 74' lang='grc' dir='ltr'><em>τερα</em></span> <span class='ocrx_word' id='word_1_114' title='bbox 279 1087 487 1141; x_wconf 75' lang='grc' dir='ltr'><em>ἠλλοιοῦτο</em></span> <span class='ocrx_word' id='word_1_115' title='bbox 506 1087 609 1129; x_wconf 80' lang='grc' dir='ltr'><em>κατὰ</em></span> <span class='ocrx_word' id='word_1_116' title='bbox 623 1086 756 1143; x_wconf 80' lang='grc' dir='ltr'><em>βραχὺ</em></span> <span class='ocrx_word' id='word_1_117' title='bbox 778 1088 844 1128; x_wconf 81' lang='grc' dir='ltr'>καὶ</span> <span class='ocrx_word' id='word_1_118' title='bbox 864 1087 1112 1141; x_wconf 77' lang='grc' dir='ltr'><em>ἔστυγνοῦτο.</em></span> <span class='ocrx_word' id='word_1_119' title='bbox 1165 1085 1261 1128; x_wconf 74' lang='grc' dir='ltr'><em>ῗδών</em></span> <span class='ocrx_word' id='word_1_120' title='bbox 1279 1085 1328 1127; x_wconf 75' lang='grc' dir='ltr'><em>ἄν</em></span> <span class='ocrx_word' id='word_1_121' title='bbox 1346 1102 1406 1134; x_wconf 85' lang='grc' dir='ltr'>τις</span> <span class='ocrx_word' id='word_1_122' title='bbox 1429 1084 1614 1142; x_wconf 78' lang='grc' dir='ltr'><em>δακρύων</em></span> 
     </span>
     <span class='ocr_line' id='line_1_14' title="bbox 164 1151 1614 1211; baseline -0.001 -15"><span class='ocrx_word' id='word_1_123' title='bbox 164 1153 349 1210; x_wconf 71' lang='grc' dir='ltr'><em>ἐπλήσθη</em></span> <span class='ocrx_word' id='word_1_124' title='bbox 381 1153 614 1209; x_wconf 80' lang='grc' dir='ltr'><em>τηλικούτου</em></span> <span class='ocrx_word' id='word_1_125' title='bbox 647 1158 838 1208; x_wconf 79' lang='grc' dir='ltr'><em>λειμῶνος</em></span> <span class='ocrx_word' id='word_1_126' title='bbox 877 1154 1011 1211; x_wconf 62' lang='grc' dir='ltr'><em>ἔξωρα</em></span> <span class='ocrx_word' id='word_1_127' title='bbox 1045 1155 1274 1211; x_wconf 72' lang='grc' dir='ltr'><em>φθίνοντος.</em></span> <span class='ocrx_word' id='word_1_128' title='bbox 1352 1152 1456 1195; x_wconf 77' lang='grc' dir='ltr'><em>οὕτω</em></span> <span class='ocrx_word' id='word_1_129' title='bbox 1487 1154 1561 1206; x_wconf 75' lang='grc' dir='ltr'><em>μὲν</em></span> <span class='ocrx_word' id='word_1_130' title='bbox 1586 1151 1614 1207; x_wconf 77' lang='grc' dir='ltr'><strong><em>ἦ</em></strong></span> 
     </span>
     <span class='ocr_line' id='line_1_15' title="bbox 164 1221 1614 1279; baseline -0.001 -15"><span class='ocrx_word' id='word_1_131' title='bbox 164 1221 263 1279; x_wconf 84' lang='grc' dir='ltr'><em>κόρη</em></span> <span class='ocrx_word' id='word_1_132' title='bbox 289 1227 422 1272; x_wconf 81' lang='grc' dir='ltr'><em>κακῶς</em></span> <span class='ocrx_word' id='word_1_133' title='bbox 440 1221 538 1277; x_wconf 75' lang='grc' dir='ltr'><em>εἶχεν</em></span> <span class='ocrx_word' id='word_1_134' title='bbox 560 1223 624 1265; x_wconf 72' lang='grc' dir='ltr'>ἐπ’</span> <span class='ocrx_word' id='word_1_135' title='bbox 645 1223 755 1264; x_wconf 70' lang='grc' dir='ltr'><em>οἴκου</em></span> <span class='ocrx_word' id='word_1_136' title='bbox 779 1225 1063 1278; x_wconf 75' lang='grc' dir='ltr'><em>διατρίβουσα·</em></span> <span class='ocrx_word' id='word_1_137' title='bbox 1098 1224 1133 1264; x_wconf 86' lang='grc' dir='ltr'><em>εἷ</em></span> <span class='ocrx_word' id='word_1_138' title='bbox 1164 1222 1210 1264; x_wconf 79' lang='grc' dir='ltr'>ὁέ</span> <span class='ocrx_word' id='word_1_139' title='bbox 1223 1238 1317 1263; x_wconf 87' lang='grc' dir='ltr'><em>ποτε</em></span> <span class='ocrx_word' id='word_1_140' title='bbox 1340 1222 1406 1262; x_wconf 82' lang='grc' dir='ltr'>καὶ</span> <span class='ocrx_word' id='word_1_141' title='bbox 1425 1221 1497 1275; x_wconf 84' lang='grc' dir='ltr'>τὴν</span> <span class='ocrx_word' id='word_1_142' title='bbox 1515 1225 1614 1263; x_wconf 82' lang='grc' dir='ltr'><em>ναῦν</em></span> 
     </span>
     <span class='ocr_line' id='line_1_16' title="bbox 110 1289 1613 1349; baseline 0 -19"><span class='ocrx_word' id='word_1_143' title='bbox 110 1294 154 1330; x_wconf 85' lang='grc'>15</span> <span class='ocrx_word' id='word_1_144' title='bbox 166 1291 339 1346; x_wconf 81' lang='grc' dir='ltr'><em>ἀναβαίη</em></span> <span class='ocrx_word' id='word_1_145' title='bbox 369 1292 436 1332; x_wconf 81' lang='grc' dir='ltr'>καὶ</span> <span class='ocrx_word' id='word_1_146' title='bbox 466 1291 585 1349; x_wconf 78' lang='grc' dir='ltr'><em>ὀλίγῳ</em></span> <span class='ocrx_word' id='word_1_147' title='bbox 618 1289 850 1347; x_wconf 85' lang='grc' dir='ltr'><em>Τριπόλεως</em></span> <span class='ocrx_word' id='word_1_148' title='bbox 870 1291 1063 1344; x_wconf 76' lang='grc' dir='ltr'><em>ἀναθείη,</em></span> <span class='ocrx_word' id='word_1_149' title='bbox 1108 1291 1287 1331; x_wconf 65' lang='grc' dir='ltr'><em>ἐνταῦθα</em></span> <span class='ocrx_word' id='word_1_150' title='bbox 1317 1291 1482 1339; x_wconf 78' lang='grc' dir='ltr'><em>διπλοῦς</em></span> <span class='ocrx_word' id='word_1_151' title='bbox 1508 1290 1613 1331; x_wconf 79' lang='grc' dir='ltr'><em>ἐπω-</em></span> 
     </span>
     <span class='ocr_line' id='line_1_17' title="bbox 158 1352 1614 1416; baseline -0.001 -16"><span class='ocrx_word' id='word_1_152' title='bbox 158 1357 278 1416; x_wconf 77' lang='grc' dir='ltr'><em>ρύετο</em></span> <span class='ocrx_word' id='word_1_153' title='bbox 307 1359 477 1401; x_wconf 79' lang='grc' dir='ltr'><em>κλύδων.</em></span> <span class='ocrx_word' id='word_1_154' title='bbox 546 1360 613 1401; x_wconf 83' lang='grc' dir='ltr'>καὶ</span> <span class='ocrx_word' id='word_1_155' title='bbox 631 1360 676 1401; x_wconf 84' lang='grc' dir='ltr'>τὸ</span> <span class='ocrx_word' id='word_1_156' title='bbox 695 1360 767 1413; x_wconf 71' lang='grc' dir='ltr'><em>μὲν</em></span> <span class='ocrx_word' id='word_1_157' title='bbox 794 1358 950 1415; x_wconf 71' lang='grc' dir='ltr'><em>σκάφος</em></span> <span class='ocrx_word' id='word_1_158' title='bbox 969 1357 1068 1412; x_wconf 73' lang='grc' dir='ltr'><em>εἶχεν</em></span> <span class='ocrx_word' id='word_1_159' title='bbox 1094 1356 1120 1412; x_wconf 76' lang='grc' dir='ltr'>ἡ</span> <span class='ocrx_word' id='word_1_160' title='bbox 1146 1359 1341 1414; x_wconf 87' lang='grc' dir='ltr'><em>Τρίπολις</em></span> <span class='ocrx_word' id='word_1_161' title='bbox 1358 1352 1504 1409; x_wconf 70' lang='grc' dir='ltr'><em>αὖθις,</em></span> <span class='ocrx_word' id='word_1_162' title='bbox 1540 1357 1614 1407; x_wconf 81' lang='grc' dir='ltr'>τὰς</span> 
     </span>
     <span class='ocr_line' id='line_1_18' title="bbox 162 1425 1753 1484; baseline -0.002 -15"><span class='ocrx_word' id='word_1_163' title='bbox 162 1428 206 1469; x_wconf 72' lang='grc' dir='ltr'>δὲ</span> <span class='ocrx_word' id='word_1_164' title='bbox 222 1425 365 1477; x_wconf 85' lang='grc' dir='ltr'><em>νόσους</em></span> <span class='ocrx_word' id='word_1_165' title='bbox 384 1428 508 1482; x_wconf 74' lang='grc' dir='ltr'><em>ἐκείνη</em></span> <span class='ocrx_word' id='word_1_166' title='bbox 529 1427 575 1469; x_wconf 81' lang='grc' dir='ltr'><em>οὗ</em></span> <span class='ocrx_word' id='word_1_167' title='bbox 597 1431 734 1484; x_wconf 73' lang='grc' dir='ltr'><em>πολλῷ</em></span> <span class='ocrx_word' id='word_1_168' title='bbox 751 1425 900 1482; x_wconf 76' lang='grc' dir='ltr'><em>ταύτης</em></span> <span class='ocrx_word' id='word_1_169' title='bbox 926 1427 1240 1483; x_wconf 75' lang='grc' dir='ltr'><em>ἀπολειφθείσας</em></span> <span class='ocrx_word' id='word_1_170' title='bbox 1266 1427 1418 1479; x_wconf 71' lang='grc' dir='ltr'><em>ἐδέχετο</em></span> <span class='ocrx_word' id='word_1_171' title='bbox 1439 1427 1609 1478; x_wconf 86' lang='grc' dir='ltr'><em>μείζους.</em></span> <span class='ocrx_word' id='word_1_172' title='bbox 1631 1431 1661 1466; x_wconf 89' lang='grc' dir='ltr'>Ρ</span> <span class='ocrx_word' id='word_1_173' title='bbox 1686 1431 1753 1467; x_wconf 76' lang='grc'>122</span> 
     </span>
     <span class='ocr_line' id='line_1_19' title="bbox 160 1488 1614 1551; baseline -0.002 -14"><span class='ocrx_word' id='word_1_174' title='bbox 160 1500 279 1537; x_wconf 78' lang='grc' dir='ltr'><em>τοῦτο</em></span> <span class='ocrx_word' id='word_1_175' title='bbox 296 1493 488 1545; x_wconf 77' lang='grc' dir='ltr'><em>πολλάκις</em></span> <span class='ocrx_word' id='word_1_176' title='bbox 508 1495 729 1551; x_wconf 78' lang='grc' dir='ltr'><em>ἔπιγεγονὸς</em></span> <span class='ocrx_word' id='word_1_177' title='bbox 750 1498 805 1546; x_wconf 81' lang='grc' dir='ltr'>εἷς</span> <span class='ocrx_word' id='word_1_178' title='bbox 825 1493 1070 1551; x_wconf 78' lang='grc' dir='ltr'><em>ἀπεράντους</em></span> <span class='ocrx_word' id='word_1_179' title='bbox 1089 1494 1158 1536; x_wconf 82' lang='grc' dir='ltr'>τὸν</span> <span class='ocrx_word' id='word_1_180' title='bbox 1172 1494 1504 1550; x_wconf 75' lang='grc' dir='ltr'><em>Κοντοστέφανον</em></span> <span class='ocrx_word' id='word_1_181' title='bbox 1521 1488 1614 1548; x_wconf 71' lang='grc' dir='ltr'><em>ἦγεν</em></span> 
     </span>
     <span class='ocr_line' id='line_1_20' title="bbox 160 1561 1611 1618; baseline -0.001 -13"><span class='ocrx_word' id='word_1_182' title='bbox 160 1564 326 1613; x_wconf 69' lang='grc' dir='ltr'><em>ἐννοίας.</em></span> <span class='ocrx_word' id='word_1_183' title='bbox 392 1566 524 1605; x_wconf 86' lang='grc' dir='ltr'><em>τοίνυν</em></span> <span class='ocrx_word' id='word_1_184' title='bbox 546 1566 612 1606; x_wconf 81' lang='grc' dir='ltr'>καὶ</span> <span class='ocrx_word' id='word_1_185' title='bbox 630 1562 842 1618; x_wconf 80' lang='grc' dir='ltr'><em>ἀσχάλλων</em></span> <span class='ocrx_word' id='word_1_186' title='bbox 863 1561 918 1612; x_wconf 81' lang='grc' dir='ltr'><em>ὡς</em></span> <span class='ocrx_word' id='word_1_187' title='bbox 940 1563 984 1604; x_wconf 85' lang='grc' dir='ltr'>τὸ</span> <span class='ocrx_word' id='word_1_188' title='bbox 1005 1562 1109 1612; x_wconf 78' lang='grc' dir='ltr'><em>εῗκός</em></span> <span class='ocrx_word' id='word_1_189' title='bbox 1128 1562 1268 1604; x_wconf 75' lang='grc' dir='ltr'><em>ἄλλοτε</em></span> <span class='ocrx_word' id='word_1_190' title='bbox 1292 1561 1439 1610; x_wconf 77' lang='grc' dir='ltr'><em>ἄλλους</em></span> <span class='ocrx_word' id='word_1_191' title='bbox 1458 1561 1611 1603; x_wconf 87' lang='grc' dir='ltr'><em>ἀναπο-</em></span> 
     </span>
     <span class='ocr_line' id='line_1_21' title="bbox 105 1628 1612 1688; baseline -0.001 -16"><span class='ocrx_word' id='word_1_192' title='bbox 105 1635 241 1674; x_wconf 71' lang='grc' dir='ltr'><em>ΞΟλῶν</em></span> <span class='ocrx_word' id='word_1_193' title='bbox 258 1632 472 1688; x_wconf 74' lang='grc' dir='ltr'><em>λογισμοὺς</em></span> <span class='ocrx_word' id='word_1_194' title='bbox 486 1633 597 1682; x_wconf 77' lang='grc' dir='ltr'><em>τέλος</em></span> <span class='ocrx_word' id='word_1_195' title='bbox 623 1633 689 1674; x_wconf 75' lang='grc' dir='ltr'><em>ε’πί</em></span> <span class='ocrx_word' id='word_1_196' title='bbox 715 1650 804 1674; x_wconf 85' lang='grc' dir='ltr'><em>τινα</em></span> <span class='ocrx_word' id='word_1_197' title='bbox 833 1636 912 1674; x_wconf 82' lang='grc' dir='ltr'>τῶν</span> <span class='ocrx_word' id='word_1_198' title='bbox 939 1632 1118 1673; x_wconf 69' lang='grc' dir='ltr'><em>ἐνταῦθα</em></span> <span class='ocrx_word' id='word_1_199' title='bbox 1138 1634 1237 1672; x_wconf 80' lang='grc' dir='ltr'><em>νεῶν</em></span> <span class='ocrx_word' id='word_1_200' title='bbox 1256 1628 1472 1686; x_wconf 73' lang='grc' dir='ltr'><em>παρελθὼν</em></span> <span class='ocrx_word' id='word_1_201' title='bbox 1493 1630 1612 1671; x_wconf 75' lang='grc' dir='ltr'><em>ἐπυν-</em></span> 
     </span>
     <span class='ocr_line' id='line_1_22' title="bbox 158 1697 1614 1755; baseline -0.003 -13"><span class='ocrx_word' id='word_1_202' title='bbox 158 1699 306 1742; x_wconf 74' lang='grc' dir='ltr'><em>θάνετο</em></span> <span class='ocrx_word' id='word_1_203' title='bbox 327 1702 360 1742; x_wconf 83' lang='grc' dir='ltr'><em>εἲ</em></span> <span class='ocrx_word' id='word_1_204' title='bbox 375 1705 539 1754; x_wconf 83' lang='grc' dir='ltr'><em>βασιλεῖ</em></span> <span class='ocrx_word' id='word_1_205' title='bbox 558 1700 631 1755; x_wconf 82' lang='grc' dir='ltr'>τὴν</span> <span class='ocrx_word' id='word_1_206' title='bbox 653 1703 779 1742; x_wconf 80' lang='grc' dir='ltr'><em>παῖδα</em></span> <span class='ocrx_word' id='word_1_207' title='bbox 799 1703 1118 1755; x_wconf 75' lang='grc' dir='ltr'><em>κατεγγυηθῆναι</em></span> <span class='ocrx_word' id='word_1_208' title='bbox 1146 1697 1290 1755; x_wconf 80' lang='grc' dir='ltr'><em>χρεών.</em></span> <span class='ocrx_word' id='word_1_209' title='bbox 1359 1697 1484 1739; x_wconf 83' lang='grc' dir='ltr'><em>ἀνειλε</em></span> <span class='ocrx_word' id='word_1_210' title='bbox 1502 1698 1549 1739; x_wconf 73' lang='grc' dir='ltr'>δέ</span> <span class='ocrx_word' id='word_1_211' title='bbox 1575 1697 1614 1739; x_wconf 81' lang='grc' dir='ltr'><em>οἶ</em></span> 
     </span>
    </p>
   </div>
   <div class='ocr_carea' id='block_1_3' title="bbox 520 1767 579 1783">
    <p class='ocr_par' dir='ltr' id='par_1_3' title="bbox 520 1767 579 1783">
     <span class='ocr_line' id='line_1_23' title="bbox 520 1767 579 1783; baseline -0.017 0"><span class='ocrx_word' id='word_1_212' title='bbox 520 1767 579 1783; x_wconf 69' lang='lat' dir='ltr'>tt&lt;</span> 
     </span>
    </p>
   </div>
   <div class='ocr_carea' id='block_1_4' title="bbox 160 1760 1612 1825">
    <p class='ocr_par' dir='ltr' id='par_1_4' title="bbox 160 1760 1612 1825">
     <span class='ocr_line' id='line_1_24' title="bbox 160 1760 1612 1825; baseline -0.002 -15"><span class='ocrx_word' id='word_1_213' title='bbox 160 1767 206 1810; x_wconf 81' lang='grc' dir='ltr'>τὸ</span> <span class='ocrx_word' id='word_1_214' title='bbox 225 1768 329 1824; x_wconf 75' lang='grc' dir='ltr'><em>ἱερὸν</em></span> <span class='ocrx_word' id='word_1_215' title='bbox 347 1772 514 1811; x_wconf 71' lang='grc' dir='ltr'><em>πυθεΐον</em></span> <span class='ocrx_word' id='word_1_216' title='bbox 562 1786 583 1811; x_wconf 92' lang='grc' dir='ltr'><em>ο</em></span> <span class='ocrx_word' id='word_1_217' title='bbox 601 1770 674 1822; x_wconf 78' lang='grc' dir='ltr'><em>μὲν</em></span> <span class='ocrx_word' id='word_1_218' title='bbox 691 1767 821 1825; x_wconf 80' lang='grc' dir='ltr'><em>γάμος</em></span> <span class='ocrx_word' id='word_1_219' title='bbox 841 1769 1009 1823; x_wconf 72' lang='grc' dir='ltr'><em>ἕτοιμος,</em></span> <span class='ocrx_word' id='word_1_220' title='bbox 1044 1768 1082 1810; x_wconf 81' lang='grc' dir='ltr'><em>οἱ</em></span> <span class='ocrx_word' id='word_1_221' title='bbox 1101 1767 1145 1809; x_wconf 72' lang='grc' dir='ltr'>δὲ</span> <span class='ocrx_word' id='word_1_222' title='bbox 1165 1766 1393 1822; x_wconf 76' lang='grc' dir='ltr'><em>κεκλημένοι</em></span> <span class='ocrx_word' id='word_1_223' title='bbox 1413 1765 1485 1807; x_wconf 80' lang='grc' dir='ltr'>οὐκ</span> <span class='ocrx_word' id='word_1_224' title='bbox 1507 1760 1612 1820; x_wconf 67' lang='grc' dir='ltr'><em>ἦσαν</em></span> 
     </span>
    </p>
   </div>
   <div class='ocr_carea' id='block_1_5' title="bbox 251 1900 1610 1996">
    <p class='ocr_par' dir='ltr' id='par_1_5' title="bbox 251 1900 1610 1996">
     <span class='ocr_line' id='line_1_25' title="bbox 254 1900 1610 1950; baseline -0.003 -7"><span class='ocrx_word' id='word_1_225' title='bbox 254 1908 309 1943; x_wconf 82' lang='lat'>14.</span> <span class='ocrx_word' id='word_1_226' title='bbox 331 1906 452 1950; x_wconf 85' lang='grc' dir='ltr'><em>ναῦν]</em></span> <span class='ocrx_word' id='word_1_227' title='bbox 489 1907 545 1940; x_wconf 86' lang='lat' dir='ltr'>Ita</span> <span class='ocrx_word' id='word_1_228' title='bbox 565 1906 706 1941; x_wconf 89' lang='lat' dir='ltr'>Tollius.</span> <span class='ocrx_word' id='word_1_229' title='bbox 746 1906 831 1940; x_wconf 77' lang='lat' dir='ltr'>eod.</span> <span class='ocrx_word' id='word_1_230' title='bbox 854 1905 941 1940; x_wconf 81' lang='grc' dir='ltr'><em>ναῢ.</em></span> <span class='ocrx_word' id='word_1_231' title='bbox 967 1905 1028 1939; x_wconf 88' lang='lat' dir='ltr'>cfr.</span> <span class='ocrx_word' id='word_1_232' title='bbox 1059 1916 1094 1950; x_wconf 90' lang='lat' dir='ltr'>p.</span> <span class='ocrx_word' id='word_1_233' title='bbox 1110 1905 1166 1946; x_wconf 86' lang='lat'>99,</span> <span class='ocrx_word' id='word_1_234' title='bbox 1184 1904 1238 1938; x_wconf 84' lang='lat'>14.</span> <span class='ocrx_word' id='word_1_235' title='bbox 1347 1904 1402 1939; x_wconf 80' lang='lat'>15.</span> <span class='ocrx_word' id='word_1_236' title='bbox 1426 1900 1610 1949; x_wconf 73' lang='grc' dir='ltr'><em>ἀναθείη]</em></span> 
     </span>
     <span class='ocr_line' id='line_1_26' title="bbox 251 1948 1369 1996; baseline -0.003 -9"><span class='ocrx_word' id='word_1_237' title='bbox 251 1952 350 1988; x_wconf 83' lang='lat' dir='ltr'>Fert.</span> <span class='ocrx_word' id='word_1_238' title='bbox 375 1950 567 1996; x_wconf 74' lang='grc' dir='ltr'><em>ἀναχθείη.</em></span> <span class='ocrx_word' id='word_1_239' title='bbox 701 1953 757 1987; x_wconf 71' lang='lat'>22.</span> <span class='ocrx_word' id='word_1_240' title='bbox 781 1948 801 1986; x_wconf 87' lang='grc' dir='ltr'>ὁ</span> <span class='ocrx_word' id='word_1_241' title='bbox 823 1949 890 1995; x_wconf 77' lang='grc' dir='ltr'><em>μὲν</em></span> <span class='ocrx_word' id='word_1_242' title='bbox 913 1949 1053 1995; x_wconf 76' lang='grc' dir='ltr'><em>γάμος]</em></span> <span class='ocrx_word' id='word_1_243' title='bbox 1078 1950 1242 1984; x_wconf 80' lang='lat' dir='ltr'>Matthae.</span> <span class='ocrx_word' id='word_1_244' title='bbox 1263 1949 1320 1994; x_wconf 74' lang='lat'>22,</span> <span class='ocrx_word' id='word_1_245' title='bbox 1336 1951 1369 1984; x_wconf 92' lang='grc'>8.</span> 
     </span>
    </p>
   </div>
   <div class='ocr_carea' id='block_1_6' title="bbox 156 2071 1612 2891">
    <p class='ocr_par' dir='ltr' id='par_1_6' title="bbox 156 2071 1612 2891">
     <span class='ocr_line' id='line_1_27' title="bbox 160 2071 1611 2120; baseline -0.003 -10"><span class='ocrx_word' id='word_1_246' title='bbox 160 2078 217 2111; x_wconf 86' lang='lat' dir='ltr'>tur</span> <span class='ocrx_word' id='word_1_247' title='bbox 230 2075 393 2120; x_wconf 82' lang='lat' dir='ltr'>virginem</span> <span class='ocrx_word' id='word_1_248' title='bbox 408 2085 615 2119; x_wconf 84' lang='lat' dir='ltr'><strong>conspexere</strong></span> <span class='ocrx_word' id='word_1_249' title='bbox 629 2073 753 2118; x_wconf 80' lang='lat' dir='ltr'>legati,</span> <span class='ocrx_word' id='word_1_250' title='bbox 776 2073 888 2108; x_wconf 85' lang='lat' dir='ltr'>statim</span> <span class='ocrx_word' id='word_1_251' title='bbox 911 2072 953 2107; x_wconf 87' lang='lat' dir='ltr'>iis</span> <span class='ocrx_word' id='word_1_252' title='bbox 967 2073 1077 2107; x_wconf 85' lang='lat' dir='ltr'>forma</span> <span class='ocrx_word' id='word_1_253' title='bbox 1092 2071 1223 2107; x_wconf 84' lang='lat' dir='ltr'>arrisit:</span> <span class='ocrx_word' id='word_1_254' title='bbox 1248 2082 1388 2117; x_wconf 89' lang='lat' dir='ltr'>cumque</span> <span class='ocrx_word' id='word_1_255' title='bbox 1403 2071 1541 2106; x_wconf 84' lang='lat' dir='ltr'>obstare</span> <span class='ocrx_word' id='word_1_256' title='bbox 1555 2071 1611 2105; x_wconf 86' lang='lat' dir='ltr'>ni-</span> 
     </span>
     <span class='ocr_line' id='line_1_28' title="bbox 158 2117 1610 2164; baseline -0.004 -7"><span class='ocrx_word' id='word_1_257' title='bbox 158 2123 206 2157; x_wconf 84' lang='lat' dir='ltr'>hil</span> <span class='ocrx_word' id='word_1_258' title='bbox 222 2122 405 2164; x_wconf 83' lang='lat' dir='ltr'>videretur,</span> <span class='ocrx_word' id='word_1_259' title='bbox 429 2121 520 2154; x_wconf 90' lang='lat' dir='ltr'>nulla</span> <span class='ocrx_word' id='word_1_260' title='bbox 536 2131 627 2154; x_wconf 88' lang='lat' dir='ltr'>mora</span> <span class='ocrx_word' id='word_1_261' title='bbox 643 2131 715 2154; x_wconf 88' lang='lat' dir='ltr'>eam</span> <span class='ocrx_word' id='word_1_262' title='bbox 733 2120 766 2154; x_wconf 87' lang='lat' dir='ltr'>in</span> <span class='ocrx_word' id='word_1_263' title='bbox 782 2120 947 2153; x_wconf 78' lang='lat' dir='ltr'>triremem</span> <span class='ocrx_word' id='word_1_264' title='bbox 963 2118 1137 2152; x_wconf 84' lang='lat' dir='ltr'>immisere.</span> <span class='ocrx_word' id='word_1_265' title='bbox 1182 2129 1298 2151; x_wconf 84' lang='lat' dir='ltr'>verum</span> <span class='ocrx_word' id='word_1_266' title='bbox 1314 2129 1388 2151; x_wconf 90' lang='lat' dir='ltr'>cum</span> <span class='ocrx_word' id='word_1_267' title='bbox 1402 2117 1480 2151; x_wconf 86' lang='lat' dir='ltr'>inde</span> <span class='ocrx_word' id='word_1_268' title='bbox 1495 2119 1610 2151; x_wconf 80' lang='lat' dir='ltr'><strong>essent</strong></span> 
     </span>
     <span class='ocr_line' id='line_1_29' title="bbox 158 2162 1608 2211; baseline -0.004 -9"><span class='ocrx_word' id='word_1_269' title='bbox 158 2167 348 2211; x_wconf 82' lang='lat' dir='ltr'>excessuri,</span> <span class='ocrx_word' id='word_1_270' title='bbox 380 2166 589 2211; x_wconf 85' lang='lat' dir='ltr'>gravioribus</span> <span class='ocrx_word' id='word_1_271' title='bbox 612 2165 734 2199; x_wconf 84' lang='lat' dir='ltr'>morbis</span> <span class='ocrx_word' id='word_1_272' title='bbox 757 2171 914 2209; x_wconf 83' lang='lat' dir='ltr'>correpta</span> <span class='ocrx_word' id='word_1_273' title='bbox 935 2164 1031 2208; x_wconf 88' lang='lat' dir='ltr'>virgo</span> <span class='ocrx_word' id='word_1_274' title='bbox 1056 2164 1143 2198; x_wconf 91' lang='lat' dir='ltr'>male</span> <span class='ocrx_word' id='word_1_275' title='bbox 1162 2164 1287 2198; x_wconf 78' lang='lat' dir='ltr'>habuit.</span> <span class='ocrx_word' id='word_1_276' title='bbox 1343 2163 1431 2197; x_wconf 89' lang='lat' dir='ltr'>unde</span> <span class='ocrx_word' id='word_1_277' title='bbox 1458 2163 1560 2197; x_wconf 81' lang='lat' dir='ltr'>dilata</span> <span class='ocrx_word' id='word_1_278' title='bbox 1573 2162 1608 2196; x_wconf 85' lang='lat' dir='ltr'>in</span> 
     </span>
     <span class='ocr_line' id='line_1_30' title="bbox 158 2208 1610 2254; baseline -0.004 -7"><span class='ocrx_word' id='word_1_279' title='bbox 158 2213 233 2246; x_wconf 86' lang='lat' dir='ltr'>dies</span> <span class='ocrx_word' id='word_1_280' title='bbox 253 2213 402 2247; x_wconf 87' lang='lat' dir='ltr'>abitione</span> <span class='ocrx_word' id='word_1_281' title='bbox 413 2238 423 2254; x_wconf 90' lang='lat'>,</span> <span class='ocrx_word' id='word_1_282' title='bbox 456 2213 583 2245; x_wconf 83' lang='lat' dir='ltr'>frustra</span> <span class='ocrx_word' id='word_1_283' title='bbox 604 2211 651 2244; x_wconf 89' lang='lat' dir='ltr'>ibi</span> <span class='ocrx_word' id='word_1_284' title='bbox 667 2212 906 2244; x_wconf 82' lang='lat' dir='ltr'>consumebant</span> <span class='ocrx_word' id='word_1_285' title='bbox 919 2214 1059 2254; x_wconf 90' lang='lat' dir='ltr'>tempus.</span> <span class='ocrx_word' id='word_1_286' title='bbox 1106 2209 1231 2254; x_wconf 85' lang='lat' dir='ltr'>quippe</span> <span class='ocrx_word' id='word_1_287' title='bbox 1248 2209 1278 2243; x_wconf 86' lang='lat' dir='ltr'>si</span> <span class='ocrx_word' id='word_1_288' title='bbox 1293 2209 1460 2254; x_wconf 87' lang='lat' dir='ltr'>paululum</span> <span class='ocrx_word' id='word_1_289' title='bbox 1476 2219 1496 2241; x_wconf 87' lang='lat' dir='ltr'>a</span> <span class='ocrx_word' id='word_1_290' title='bbox 1511 2208 1610 2242; x_wconf 92' lang='lat' dir='ltr'>dolo-</span> 
     </span>
     <span class='ocr_line' id='line_1_31' title="bbox 156 2254 1608 2302; baseline -0.004 -9"><span class='ocrx_word' id='word_1_291' title='bbox 156 2259 251 2293; x_wconf 77' lang='lat' dir='ltr'>ribus</span> <span class='ocrx_word' id='word_1_292' title='bbox 276 2262 439 2302; x_wconf 86' lang='lat' dir='ltr'>vacaret,</span> <span class='ocrx_word' id='word_1_293' title='bbox 462 2262 564 2302; x_wconf 86' lang='lat' dir='ltr'>atque</span> <span class='ocrx_word' id='word_1_294' title='bbox 587 2256 669 2290; x_wconf 85' lang='lat' dir='ltr'>adeo</span> <span class='ocrx_word' id='word_1_295' title='bbox 694 2257 735 2290; x_wconf 85' lang='lat' dir='ltr'>ad</span> <span class='ocrx_word' id='word_1_296' title='bbox 759 2256 824 2289; x_wconf 89' lang='lat' dir='ltr'>iter</span> <span class='ocrx_word' id='word_1_297' title='bbox 853 2255 1089 2300; x_wconf 83' lang='lat' dir='ltr'>capessendum</span> <span class='ocrx_word' id='word_1_298' title='bbox 1111 2255 1282 2288; x_wconf 84' lang='lat' dir='ltr'>videretur</span> <span class='ocrx_word' id='word_1_299' title='bbox 1308 2255 1450 2295; x_wconf 80' lang='lat' dir='ltr'>idonea,</span> <span class='ocrx_word' id='word_1_300' title='bbox 1482 2254 1608 2295; x_wconf 89' lang='lat' dir='ltr'>statim,</span> 
     </span>
     <span class='ocr_line' id='line_1_32' title="bbox 158 2300 1608 2349; baseline -0.004 -11"><span class='ocrx_word' id='word_1_301' title='bbox 158 2304 273 2338; x_wconf 85' lang='lat' dir='ltr'>nescio</span> <span class='ocrx_word' id='word_1_302' title='bbox 290 2315 355 2349; x_wconf 93' lang='lat' dir='ltr'>quo</span> <span class='ocrx_word' id='word_1_303' title='bbox 371 2305 456 2347; x_wconf 84' lang='lat' dir='ltr'>sato,</span> <span class='ocrx_word' id='word_1_304' title='bbox 478 2303 566 2336; x_wconf 89' lang='lat' dir='ltr'>illam</span> <span class='ocrx_word' id='word_1_305' title='bbox 582 2313 709 2336; x_wconf 86' lang='lat' dir='ltr'>rursum</span> <span class='ocrx_word' id='word_1_306' title='bbox 734 2301 915 2335; x_wconf 84' lang='lat' dir='ltr'>invadebat</span> <span class='ocrx_word' id='word_1_307' title='bbox 930 2301 1075 2344; x_wconf 84' lang='lat' dir='ltr'>morbus,</span> <span class='ocrx_word' id='word_1_308' title='bbox 1098 2300 1145 2334; x_wconf 85' lang='lat' dir='ltr'>ita</span> <span class='ocrx_word' id='word_1_309' title='bbox 1160 2305 1198 2334; x_wconf 89' lang='lat' dir='ltr'>ut</span> <span class='ocrx_word' id='word_1_310' title='bbox 1212 2300 1301 2334; x_wconf 88' lang='lat' dir='ltr'>lecto</span> <span class='ocrx_word' id='word_1_311' title='bbox 1318 2300 1518 2334; x_wconf 81' lang='lat' dir='ltr'>decumbens</span> <span class='ocrx_word' id='word_1_312' title='bbox 1539 2303 1608 2333; x_wconf 81' lang='lat' dir='ltr'>toto</span> 
     </span>
     <span class='ocr_line' id='line_1_33' title="bbox 158 2345 1612 2394; baseline -0.004 -11"><span class='ocrx_word' id='word_1_313' title='bbox 158 2361 300 2394; x_wconf 86' lang='lat' dir='ltr'>corpore</span> <span class='ocrx_word' id='word_1_314' title='bbox 315 2351 494 2393; x_wconf 77' lang='lat' dir='ltr'>fremeret,</span> <span class='ocrx_word' id='word_1_315' title='bbox 523 2348 741 2392; x_wconf 83' lang='lat' dir='ltr'>graviterque</span> <span class='ocrx_word' id='word_1_316' title='bbox 756 2347 1012 2381; x_wconf 84' lang='lat' dir='ltr'>convelleretur.</span> <span class='ocrx_word' id='word_1_317' title='bbox 1058 2346 1100 2379; x_wconf 85' lang='lat' dir='ltr'>ad</span> <span class='ocrx_word' id='word_1_318' title='bbox 1115 2346 1199 2380; x_wconf 84' lang='lat' dir='ltr'>haec</span> <span class='ocrx_word' id='word_1_319' title='bbox 1213 2346 1417 2390; x_wconf 83' lang='lat' dir='ltr'>sequebatur</span> <span class='ocrx_word' id='word_1_320' title='bbox 1432 2345 1550 2386; x_wconf 82' lang='lat' dir='ltr'>febris,</span> <span class='ocrx_word' id='word_1_321' title='bbox 1573 2347 1612 2378; x_wconf 89' lang='lat' dir='ltr'>et</span> 
     </span>
     <span class='ocr_line' id='line_1_34' title="bbox 158 2390 1610 2438; baseline -0.005 -9"><span class='ocrx_word' id='word_1_322' title='bbox 158 2395 246 2429; x_wconf 88' lang='lat' dir='ltr'>livor</span> <span class='ocrx_word' id='word_1_323' title='bbox 269 2399 305 2428; x_wconf 92' lang='lat' dir='ltr'>et</span> <span class='ocrx_word' id='word_1_324' title='bbox 326 2396 443 2428; x_wconf 88' lang='lat' dir='ltr'>tabes:</span> <span class='ocrx_word' id='word_1_325' title='bbox 470 2394 653 2438; x_wconf 86' lang='lat' dir='ltr'>vultusque</span> <span class='ocrx_word' id='word_1_326' title='bbox 675 2394 782 2435; x_wconf 88' lang='lat' dir='ltr'>nitor,</span> <span class='ocrx_word' id='word_1_327' title='bbox 807 2393 864 2437; x_wconf 91' lang='lat' dir='ltr'>qui</span> <span class='ocrx_word' id='word_1_328' title='bbox 885 2397 986 2426; x_wconf 87' lang='lat' dir='ltr'>antea</span> <span class='ocrx_word' id='word_1_329' title='bbox 1007 2391 1125 2436; x_wconf 83' lang='lat' dir='ltr'>gratiis</span> <span class='ocrx_word' id='word_1_330' title='bbox 1157 2392 1378 2432; x_wconf 82' lang='lat' dir='ltr'>coruscabat,</span> <span class='ocrx_word' id='word_1_331' title='bbox 1409 2390 1610 2424; x_wconf 81' lang='lat' dir='ltr'>immutaba-</span> 
     </span>
     <span class='ocr_line' id='line_1_35' title="bbox 158 2437 1610 2480; baseline -0.006 -6"><span class='ocrx_word' id='word_1_332' title='bbox 158 2445 215 2474; x_wconf 86' lang='lat' dir='ltr'>tur</span> <span class='ocrx_word' id='word_1_333' title='bbox 228 2441 346 2474; x_wconf 80' lang='lat' dir='ltr'>sensim</span> <span class='ocrx_word' id='word_1_334' title='bbox 363 2446 396 2474; x_wconf 87' lang='lat' dir='ltr'>et</span> <span class='ocrx_word' id='word_1_335' title='bbox 411 2440 668 2473; x_wconf 84' lang='lat' dir='ltr'>obscurabatur.</span> <span class='ocrx_word' id='word_1_336' title='bbox 716 2450 787 2472; x_wconf 89' lang='lat' dir='ltr'>eam</span> <span class='ocrx_word' id='word_1_337' title='bbox 806 2437 950 2472; x_wconf 86' lang='lat' dir='ltr'>intuenti</span> <span class='ocrx_word' id='word_1_338' title='bbox 964 2437 1204 2472; x_wconf 88' lang='lat' dir='ltr'>oboriebantur</span> <span class='ocrx_word' id='word_1_339' title='bbox 1218 2437 1399 2480; x_wconf 88' lang='lat' dir='ltr'>lacrymae,</span> <span class='ocrx_word' id='word_1_340' title='bbox 1423 2441 1492 2468; x_wconf 84' lang='lat' dir='ltr'>tam</span> <span class='ocrx_word' id='word_1_341' title='bbox 1508 2446 1610 2479; x_wconf 87' lang='lat' dir='ltr'>prae-</span> 
     </span>
     <span class='ocr_line' id='line_1_36' title="bbox 159 2479 1610 2530; baseline -0.005 -11"><span class='ocrx_word' id='word_1_342' title='bbox 159 2486 250 2519; x_wconf 86' lang='lat' dir='ltr'>claro</span> <span class='ocrx_word' id='word_1_343' title='bbox 267 2485 518 2530; x_wconf 84' lang='lat' dir='ltr'>pulchritudinis</span> <span class='ocrx_word' id='word_1_344' title='bbox 533 2485 619 2518; x_wconf 90' lang='lat' dir='ltr'>flore</span> <span class='ocrx_word' id='word_1_345' title='bbox 643 2484 873 2529; x_wconf 79' lang='lat' dir='ltr'>intempestive</span> <span class='ocrx_word' id='word_1_346' title='bbox 894 2488 1070 2529; x_wconf 88' lang='lat' dir='ltr'>pereunte.</span> <span class='ocrx_word' id='word_1_347' title='bbox 1117 2483 1166 2516; x_wconf 86' lang='lat' dir='ltr'>his</span> <span class='ocrx_word' id='word_1_348' title='bbox 1182 2482 1295 2527; x_wconf 86' lang='lat' dir='ltr'>puella</span> <span class='ocrx_word' id='word_1_349' title='bbox 1319 2482 1413 2515; x_wconf 87' lang='lat' dir='ltr'>malis</span> <span class='ocrx_word' id='word_1_350' title='bbox 1430 2480 1518 2513; x_wconf 89' lang='lat' dir='ltr'>domi</span> <span class='ocrx_word' id='word_1_351' title='bbox 1533 2479 1610 2513; x_wconf 85' lang='lat' dir='ltr'>affi-</span> 
     </span>
     <span class='ocr_line' id='line_1_37' title="bbox 159 2525 1611 2575; baseline -0.006 -10"><span class='ocrx_word' id='word_1_352' title='bbox 159 2530 318 2565; x_wconf 81' lang='lat' dir='ltr'>ciebatur.</span> <span class='ocrx_word' id='word_1_353' title='bbox 365 2531 395 2565; x_wconf 89' lang='lat' dir='ltr'>si</span> <span class='ocrx_word' id='word_1_354' title='bbox 419 2542 501 2565; x_wconf 83' lang='lat' dir='ltr'>vero</span> <span class='ocrx_word' id='word_1_355' title='bbox 527 2530 702 2575; x_wconf 83' lang='lat' dir='ltr'>aliquando</span> <span class='ocrx_word' id='word_1_356' title='bbox 719 2540 834 2563; x_wconf 84' lang='lat' dir='ltr'>navem</span> <span class='ocrx_word' id='word_1_357' title='bbox 849 2529 1104 2573; x_wconf 83' lang='lat' dir='ltr'>ingrederetur,</span> <span class='ocrx_word' id='word_1_358' title='bbox 1137 2527 1371 2572; x_wconf 84' lang='lat' dir='ltr'>paululumque</span> <span class='ocrx_word' id='word_1_359' title='bbox 1386 2525 1611 2559; x_wconf 84' lang='lat' dir='ltr'>abduceretur</span> 
     </span>
     <span class='ocr_line' id='line_1_38' title="bbox 159 2570 1608 2621; baseline -0.004 -11"><span class='ocrx_word' id='word_1_360' title='bbox 159 2587 180 2609; x_wconf 84' lang='lat' dir='ltr'>a</span> <span class='ocrx_word' id='word_1_361' title='bbox 196 2576 327 2621; x_wconf 80' lang='lat' dir='ltr'>Tripoli</span> <span class='ocrx_word' id='word_1_362' title='bbox 339 2604 350 2620; x_wconf 81' lang='lat'>,</span> <span class='ocrx_word' id='word_1_363' title='bbox 372 2581 443 2610; x_wconf 91' lang='lat' dir='ltr'>tum</span> <span class='ocrx_word' id='word_1_364' title='bbox 458 2588 541 2610; x_wconf 87' lang='lat' dir='ltr'>vero</span> <span class='ocrx_word' id='word_1_365' title='bbox 559 2576 660 2621; x_wconf 90' lang='lat' dir='ltr'>duplo</span> <span class='ocrx_word' id='word_1_366' title='bbox 675 2575 779 2608; x_wconf 85' lang='lat' dir='ltr'>maior</span> <span class='ocrx_word' id='word_1_367' title='bbox 794 2575 992 2608; x_wconf 82' lang='lat' dir='ltr'>infremebat</span> <span class='ocrx_word' id='word_1_368' title='bbox 1006 2574 1113 2607; x_wconf 92' lang='lat' dir='ltr'>morbi</span> <span class='ocrx_word' id='word_1_369' title='bbox 1127 2573 1262 2614; x_wconf 85' lang='lat' dir='ltr'>fluctus,</span> <span class='ocrx_word' id='word_1_370' title='bbox 1287 2582 1474 2615; x_wconf 84' lang='lat' dir='ltr'>navemque</span> <span class='ocrx_word' id='word_1_371' title='bbox 1487 2570 1608 2604; x_wconf 85' lang='lat' dir='ltr'>iterum</span> 
     </span>
     <span class='ocr_line' id='line_1_39' title="bbox 157 2615 1610 2662; baseline -0.003 -9"><span class='ocrx_word' id='word_1_372' title='bbox 157 2620 193 2654; x_wconf 87' lang='lat' dir='ltr'>in</span> <span class='ocrx_word' id='word_1_373' title='bbox 208 2622 320 2656; x_wconf 89' lang='lat' dir='ltr'>urbem</span> <span class='ocrx_word' id='word_1_374' title='bbox 334 2622 446 2655; x_wconf 88' lang='lat' dir='ltr'>redire</span> <span class='ocrx_word' id='word_1_375' title='bbox 461 2633 599 2656; x_wconf 87' lang='lat' dir='ltr'>necesse</span> <span class='ocrx_word' id='word_1_376' title='bbox 616 2626 698 2661; x_wconf 84' lang='lat' dir='ltr'>erat,</span> <span class='ocrx_word' id='word_1_377' title='bbox 715 2632 756 2654; x_wconf 87' lang='lat' dir='ltr'>ac</span> <span class='ocrx_word' id='word_1_378' title='bbox 768 2620 825 2654; x_wconf 88' lang='lat' dir='ltr'>illa</span> <span class='ocrx_word' id='word_1_379' title='bbox 839 2620 945 2654; x_wconf 88' lang='lat' dir='ltr'>morbi</span> <span class='ocrx_word' id='word_1_380' title='bbox 962 2619 1005 2653; x_wconf 82' lang='lat' dir='ltr'>ad</span> <span class='ocrx_word' id='word_1_381' title='bbox 1022 2620 1126 2652; x_wconf 82' lang='lat' dir='ltr'>breve</span> <span class='ocrx_word' id='word_1_382' title='bbox 1141 2623 1270 2662; x_wconf 87' lang='lat' dir='ltr'>tempus</span> <span class='ocrx_word' id='word_1_383' title='bbox 1285 2616 1464 2650; x_wconf 87' lang='lat' dir='ltr'>intermissi</span> <span class='ocrx_word' id='word_1_384' title='bbox 1478 2615 1610 2649; x_wconf 85' lang='lat' dir='ltr'>acriore</span> 
     </span>
     <span class='ocr_line' id='line_1_40' title="bbox 157 2660 1608 2712; baseline -0.004 -13"><span class='ocrx_word' id='word_1_385' title='bbox 157 2665 283 2710; x_wconf 85' lang='lat' dir='ltr'>impetu</span> <span class='ocrx_word' id='word_1_386' title='bbox 298 2667 550 2712; x_wconf 81' lang='lat' dir='ltr'>corripiebatur.</span> <span class='ocrx_word' id='word_1_387' title='bbox 596 2667 631 2700; x_wconf 89' lang='lat' dir='ltr'>id</span> <span class='ocrx_word' id='word_1_388' title='bbox 658 2678 731 2700; x_wconf 91' lang='lat' dir='ltr'>cum</span> <span class='ocrx_word' id='word_1_389' title='bbox 757 2666 905 2699; x_wconf 88' lang='lat' dir='ltr'>crebrius</span> <span class='ocrx_word' id='word_1_390' title='bbox 931 2664 1102 2706; x_wconf 90' lang='lat' dir='ltr'>eveniret,</span> <span class='ocrx_word' id='word_1_391' title='bbox 1127 2663 1436 2706; x_wconf 83' lang='lat' dir='ltr'>Contostephanum</span> <span class='ocrx_word' id='word_1_392' title='bbox 1452 2661 1486 2695; x_wconf 92' lang='lat' dir='ltr'>in</span> <span class='ocrx_word' id='word_1_393' title='bbox 1501 2660 1608 2694; x_wconf 86' lang='lat' dir='ltr'>ambi-</span> 
     </span>
     <span class='ocr_line' id='line_1_41' title="bbox 158 2706 1608 2758; baseline -0.003 -15"><span class='ocrx_word' id='word_1_394' title='bbox 158 2722 244 2754; x_wconf 78' lang='lat' dir='ltr'>guas</span> <span class='ocrx_word' id='word_1_395' title='bbox 257 2711 466 2758; x_wconf 76' lang='lat' dir='ltr'>incertusque</span> <span class='ocrx_word' id='word_1_396' title='bbox 481 2713 705 2757; x_wconf 79' lang='lat' dir='ltr'>cogitationes</span> <span class='ocrx_word' id='word_1_397' title='bbox 721 2711 873 2745; x_wconf 86' lang='lat' dir='ltr'>coniecit.</span> <span class='ocrx_word' id='word_1_398' title='bbox 920 2721 961 2744; x_wconf 89' lang='lat' dir='ltr'>ea</span> <span class='ocrx_word' id='word_1_399' title='bbox 976 2709 1080 2754; x_wconf 85' lang='lat' dir='ltr'>igitur</span> <span class='ocrx_word' id='word_1_400' title='bbox 1095 2713 1235 2754; x_wconf 87' lang='lat' dir='ltr'>propter</span> <span class='ocrx_word' id='word_1_401' title='bbox 1249 2708 1358 2742; x_wconf 84' lang='lat' dir='ltr'>animo</span> <span class='ocrx_word' id='word_1_402' title='bbox 1374 2707 1521 2740; x_wconf 88' lang='lat' dir='ltr'>incertus</span> <span class='ocrx_word' id='word_1_403' title='bbox 1545 2706 1608 2739; x_wconf 91' lang='lat' dir='ltr'>du-</span> 
     </span>
     <span class='ocr_line' id='line_1_42' title="bbox 159 2751 1607 2801; baseline -0.004 -11"><span class='ocrx_word' id='word_1_404' title='bbox 159 2756 300 2800; x_wconf 84' lang='lat' dir='ltr'>biusque</span> <span class='ocrx_word' id='word_1_405' title='bbox 325 2768 391 2801; x_wconf 91' lang='lat' dir='ltr'>quo</span> <span class='ocrx_word' id='word_1_406' title='bbox 413 2759 541 2792; x_wconf 90' lang='lat' dir='ltr'>demum</span> <span class='ocrx_word' id='word_1_407' title='bbox 561 2758 756 2799; x_wconf 81' lang='lat' dir='ltr'>inclinaret,</span> <span class='ocrx_word' id='word_1_408' title='bbox 791 2756 924 2790; x_wconf 86' lang='lat' dir='ltr'>tandem</span> <span class='ocrx_word' id='word_1_409' title='bbox 947 2756 981 2790; x_wconf 90' lang='lat' dir='ltr'>in</span> <span class='ocrx_word' id='word_1_410' title='bbox 1006 2754 1173 2799; x_wconf 85' lang='lat' dir='ltr'>quoddam</span> <span class='ocrx_word' id='word_1_411' title='bbox 1196 2754 1243 2788; x_wconf 89' lang='lat' dir='ltr'>ibi</span> <span class='ocrx_word' id='word_1_412' title='bbox 1257 2753 1413 2798; x_wconf 86' lang='lat' dir='ltr'>templum</span> <span class='ocrx_word' id='word_1_413' title='bbox 1430 2751 1607 2793; x_wconf 81' lang='lat' dir='ltr'>accedens,</span> 
     </span>
     <span class='ocr_line' id='line_1_43' title="bbox 158 2797 1606 2846; baseline -0.004 -11"><span class='ocrx_word' id='word_1_414' title='bbox 158 2801 346 2835; x_wconf 84' lang='lat' dir='ltr'>sciscitatus</span> <span class='ocrx_word' id='word_1_415' title='bbox 361 2806 433 2846; x_wconf 86' lang='lat' dir='ltr'>est,</span> <span class='ocrx_word' id='word_1_416' title='bbox 454 2814 497 2837; x_wconf 86' lang='lat' dir='ltr'>an</span> <span class='ocrx_word' id='word_1_417' title='bbox 513 2803 670 2838; x_wconf 86' lang='lat' dir='ltr'>ducturus</span> <span class='ocrx_word' id='word_1_418' title='bbox 687 2806 776 2837; x_wconf 84' lang='lat' dir='ltr'>esset</span> <span class='ocrx_word' id='word_1_419' title='bbox 790 2802 952 2846; x_wconf 83' lang='lat' dir='ltr'>virginem</span> <span class='ocrx_word' id='word_1_420' title='bbox 966 2802 1052 2834; x_wconf 86' lang='lat' dir='ltr'>hanc</span> <span class='ocrx_word' id='word_1_421' title='bbox 1075 2799 1229 2845; x_wconf 87' lang='lat' dir='ltr'>princeps</span> <span class='ocrx_word' id='word_1_422' title='bbox 1242 2826 1252 2843; x_wconf 87' lang='lat'><strong><em>‚</em></strong></span> <span class='ocrx_word' id='word_1_423' title='bbox 1273 2799 1377 2843; x_wconf 90' lang='lat' dir='ltr'>idque</span> <span class='ocrx_word' id='word_1_424' title='bbox 1391 2798 1471 2831; x_wconf 79' lang='lat' dir='ltr'>fatis</span> <span class='ocrx_word' id='word_1_425' title='bbox 1487 2797 1606 2829; x_wconf 89' lang='lat' dir='ltr'>decre-</span> 
     </span>
     <span class='ocr_line' id='line_1_44' title="bbox 158 2843 1606 2891; baseline -0.005 -10"><span class='ocrx_word' id='word_1_426' title='bbox 158 2851 228 2881; x_wconf 90' lang='lat' dir='ltr'>tum</span> <span class='ocrx_word' id='word_1_427' title='bbox 243 2852 352 2881; x_wconf 86' lang='lat' dir='ltr'>esset:</span> <span class='ocrx_word' id='word_1_428' title='bbox 383 2847 449 2883; x_wconf 80' lang='lat' dir='ltr'>hoc</span> <span class='ocrx_word' id='word_1_429' title='bbox 467 2860 551 2885; x_wconf 83' lang='lat' dir='ltr'>vero</span> <span class='ocrx_word' id='word_1_430' title='bbox 568 2850 599 2885; x_wconf 88' lang='lat' dir='ltr'>ei</span> <span class='ocrx_word' id='word_1_431' title='bbox 620 2849 736 2885; x_wconf 86' lang='lat' dir='ltr'>retulit</span> <span class='ocrx_word' id='word_1_432' title='bbox 762 2859 892 2885; x_wconf 85' lang='lat' dir='ltr'>sacrum</span> <span class='ocrx_word' id='word_1_433' title='bbox 916 2846 1085 2883; x_wconf 84' lang='lat' dir='ltr'>oraculum</span> <span class='ocrx_word' id='word_1_434' title='bbox 1115 2845 1283 2891; x_wconf 82' lang='lat' dir='ltr'>“nuptiae</span> <span class='ocrx_word' id='word_1_435' title='bbox 1299 2843 1430 2889; x_wconf 84' lang='lat' dir='ltr'>quidem</span> <span class='ocrx_word' id='word_1_436' title='bbox 1454 2846 1606 2888; x_wconf 83' lang='lat' dir='ltr'>paratae,</span> 
     </span>
    </p>
   </div>
   <div class='ocr_carea' id='block_1_7' title="bbox 213 2895 1335 2934">
    <p class='ocr_par' dir='ltr' id='par_1_7' title="bbox 213 2895 1335 2934">
     <span class='ocr_line' id='line_1_45' title="bbox 213 2895 1335 2934; baseline 0.001 -2"><span class='ocrx_word' id='word_1_437' title='bbox 213 2899 406 2934; x_wconf 75' lang='lat' dir='ltr'>Cinnamus.</span> <span class='ocrx_word' id='word_1_438' title='bbox 1285 2895 1335 2933; x_wconf 81' lang='lat'>14</span> 
     </span>
    </p>
   </div>
  </div>
 </body>
</html>
