1878 3262
252 220 351 266 316
702 211 907 260 CAROLI
938 210 1019 260 DU
1046 209 1264 261 'FRESNE

249 330 392 369 batum
419 334 542 376 esset,
573 328 659 365 eius
691 328 863 379 ignavia
885 333 923 365 et
946 328 1111 364 incuria
1131 326 1339 366 vastatam
1361 343 1389 367 a
1410 330 1615 381 ,Balgaria
1637 343 1713 367 no-

249 394 377 424 stram
398 385 618 436 regionem,
641 385 796 435 pul-ms·
815 391 873 421 est
895 383 1064 424 ducam.
1121 383 1275 434 ignavia
1294 385 1397 423 enim
1417 387 1555 437 culpae
1577 386 1714 436 aequi-'-

246 447 435 494 paratur‚
465 453 538 478 nec
567 440 713 479 minori
743 440 884 492 dignus
911 447 970 480 est
997 453 1125 492 poena
1157 440 1226 490 qui
1257 441 1498 481 commissam
1523 442 1596 481 sibi
1615 453 1714 495 pro-

246 498 420 537 vinciam
438 503 508 535 aut
528 509 657 536 arcem
676 511 758 535 non
778 503 939 547 tuetur,
970 510 1088 548 quam
1110 497 1177 547 qui
1198 510 1269 549 per
1287 497 1550 548 proditionem
1572 499 1615 537 in
1637 498 1714 537 ho-

248 555 368 592 stium
397 560 636 606 potestatem
665 554 804 595 tradit.
861 555 939 593 Leo
969 554 1012 592 in
1041 555 1150 593 Tact.
1175 566 1207 592 e.
1225 556 1250 595 8
1273 552 1316 606 §-
1339 557 1409 596 16:
1444 555 1561 604 εἴτις
1586 553 1714 605 πόλιν,

245 607 276 661 ἢ
307 607 483 679 κάστρον
508 611 738 660 πιστευθεὶς
757 611 815 659 εἰς
819 607 1130 681 παραφυλακὴν
1154 626 1270 651 τουτο
1292 607 1512 663 προδώσει,
1544 607 1573 665 ἦ
1595 611 1716 666 χωρις

247 663 427 721 ἀνάγκης
445 670 499 723 τῇ
521 665 601 724 ζαίῃ
620 663 904 719 συντεινούσης
925 663 1196 720 οἷναχωρήσει,
1228 665 1450 720 δυνάμενος
1470 670 1586 708 ’τοῦτο
1608 669 1715 709 ἐκδι-

246 727 389 777 κῆσαι,
417 727 617 782 κεφαλικῇ
637 725 806 780 τιμωρίᾳ
825 723 1129 778 υποβαλλέσθω.
1159 723 1261 761 adde
1282 725 1397 775 Leges
1416 724 1603 763 Militares
1621 724 1715 763 Rufi

247 794 283 821 c.
305 783 373 823 36.
416 787 459 819 et
477 794 569 819 sane
589 794 679 819 cum
698 766 907 820 femineam
926 781 1127 819 mollitiem
1146 780 1272 832 sapiat
1285 781 1461 833 ignavia,
1487 781 1577 819 iure
1599 782 1716 846 egisse

246 837 410 877 videtur
435 838 598 876 Ioannes
622 837 868 888 Comnmus,
899 838 967 890 qui
994 838 1092 876 stola
1115 843 1155 874 et
1172 843 1282 875 veste
1301 838 1483 876 muliebri
1498 839 1630 877 virum
1648 837 1716 875 i'n-

246 900 374 933 ertem
399 900 439 932 et
465 895 653 947 ignavum
681 895 871 934 induerit.
927 895 1057 934 tradit
1080 894 1266 933 Nicetas
1255 908 1297 932 m
1313 894 1417 933 Man.
1435 894 1462 934 l.
1482 896 1508 935 6
1533 908 1571 933 n.
1591 897 1617 936 8
1638 907 1714 946 pa-

246 963 339 991 rum
361 951 553 1000 abfuisse,
583 951 679 1003 quin
701 951 860 990 Manuel
880 951 1096 1004 imperator
1115 951 1388 989 Andronicum
1409 951 1618 1002 Angelum,
1646 950 1715 1002 qui

247 1008 386 1046 'furcis
417 1009 607 1057 Graecos,
638 1008 780 1058 quibus
809 1015 1014 1060 praeerat,
1045 1008 1250 1060 aggressis,
1281 1007 1394 1059 turpi
1423 1008 1515 1058 fuga
1541 1007 1715 1059 dilapsus

247 1065 403 1113 fuerat,
432 1065 614 1103 muliebri
642 1063 783 1103 habitu
804 1078 875 1117 per
892 1066 1031 1103 urbem
1058 1064 1303 1103 circumduci
1322 1065 1487 1103 iuberet.
1545 1063 1600 1102 sic
1621 1064 1714 1102 olim

249 1122 361 1160 Irene
386 1121 620 1173 imperatrix
642 1121 798 1159 Narseti
822 1122 989 1173 patricio
1015 1122 1148 1160 Italiae
1176 1123 1394 1173 praesecto,
1419 1121 1488 1172 qui
1513 1120 1652 1159 fiscum
1673 1125 1715 1159 et

247 1177 435 1230 pecunias
456 1178 632 1230 publicas
648 1178 759 1216 bellis
777 1178 1052 1229 ingruentibus
1070 1179 1202 1230 inepte
1221 1178 1499 1229 dissipaverat,
1528 1178 1659 1216 susum
1676 1182 1715 1215 et

249 1235 381 1274 colum
398 1234 524 1284 misit,
553 1231 650 1286 λάβε
667 1237 811 1284 ταῦτα,
841 1235 1043 1285 inquiens,
1074 1232 1100 1274 ἃ
1122 1234 1187 1274 καὶ
1209 1230 1368 1287 ἁρμόζει
1386 1245 1472 1275 σοι·
1503 1230 1652 1286 νήθειν
1670 1245 1714 1274 σε

248 1289 326 1358 γοέρ
347 1293 498 1343 μᾶλλον
517 1288 782 1345 ἐκρίναμεν,
762 1307 788 1343 η
807 1290 908 1344 μετοὶ
921 1288 1059 1332 όπλων
1076 1307 1131 1338 ως
1150 1288 1280 1343 ἄνδρα
1298 1291 1511 1331 διεκδικεῖν
1526 1289 1595 1330 καὶ
1612 1291 1716 1330 διευ-

247 1345 395 1389 θύνειν
415 1347 484 1388 καὶ
505 1346 796 1401 υπερπολεμεῖν
811 1347 1021 1400 Ῥωμαίων
1034 1377 1044 1397 ,
1076 1347 1183 1399 apud
1205 1347 1509 1385 Constantinum
1529 1346 1714 1398 Porphy-

245 1419 331 1456 rog.
353 1405 403 1442 de
420 1404 576 1447 Admin.
599 1405 696 1457 Imp.
753 1405 810 1442 sic
832 1406 955 1443 etiam
982 1403 1215 1443 Hormisdas
1240 1405 1447 1442 Persarum
1469 1415 1567 1451 rex,
1608 1403 1716 1454 apud

246 1462 502 1500 Simocattam
531 1461 557 1500 l.
575 1464 600 1503 3
634 1475 667 1504 c.
689 1464 733 1510 8,
763 1461 979 1500 Varamum
1004 1461 1252 1499 exercituum
1279 1460 1526 1499 Persicorum
1560 1459 1714 1510 ducem,

245 1519 314 1569 qui
342 1519 490 1570 praelio
516 1523 657 1556 contra
681 1519 880 1556 Romanos
905 1518 1004 1556 inito
1034 1518 1184 1555 cladem
1204 1531 1340 1569 passus
1360 1522 1466 1565 erat,
1498 1511 1716 1568 αἰσχίσταις

244 1572 392 1643 ’ὕβρεσι
417 1573 678 1643 ἐξουθένησε,
709 1575 935 1627 γυναικείας
966 1574 1145 1626 ἐσθῆτας
1167 1573 1325 1614 ε’τταθλα
1345 1576 1417 1624 τῆς
1438 1569 1602 1621 αδοξίας
1618 1576 1715 1624 κλη-

244 1626 465 1685 ροδοτήσας
484 1626 606 1686 αυτῷ.
663 1631 722 1669 ita
747 1630 996 1679 Muchumet‚
1027 1631 1256 1679 Persarum,
1282 1642 1352 1668 seu
1371 1631 1595 1667 Turcorum
1619 1630 1714 1667 Sul-

242 1694 382 1737 tanus,
419 1688 563 1725 milites
590 1687 658 1738 qui
687 1688 789 1725 male
817 1693 1094 1739 pugnaverant
1121 1687 1164 1724 in
1191 1687 1314 1725 altero
1340 1692 1481 1724 contra
1514 1686 1715 1723 Romanos

241 1745 389 1797 praelio
401 1776 412 1794 ‚
442 1750 481 1782 et
499 1744 681 1784 hosti-bus
699 1750 808 1796 terga
832 1744 1026 1782 dederant
1041 1772 1054 1792 ,
1081 1743 1255 1781 minatus
1274 1749 1334 1781 est
1354 1741 1611 1793 ignominiose
1627 1749 1716 1780 tra-

100 1804 130 1838 P
154 1803 221 1839 432
245 1802 464 1840 ducturum
490 1814 531 1839 se
556 1801 813 1840 muliebribus
842 1801 893 1838 ad
915 1800 1133 1838 ludibrium
1151 1800 1258 1837 stolis
1272 1799 1456 1848 indutos,
1487 1799 1716 1851 γυναικείας

242 1856 606 1911 περιβεβλημένους
629 1856 792 1908 στολάς,
825 1857 933 1910 apud
955 1857 1199 1909 Bryennium
1219 1856 1244 1896 l.
1273 1860 1291 1898 1
1315 1869 1347 1895 c.
1369 1858 1410 1898 8.
1467 1855 1522 1893 sic
1547 1855 1715 1906 denique

242 1914 411 1954 ΜὶοῙιεὲὶ
441 1914 692 1966 Palaeologus
727 1928 839 1963 suot-3,
878 1913 948 1964 qui
974 1914 1075 1952 male
1101 1912 1255 1951 Aenum
1286 1925 1414 1951 arcem
1442 1911 1714 1962 defenderant,

246 1971 491 2025 γυναικείαις
522 1967 724 2023 ἀτιμώσας
754 1974 932 2019 στολαῖς,
968 1967 1048 2011 nimi
1076 1982 1296 2021 προσωπου
1324 1969 1468 2017 ἐποίει,
1499 1968 1607 2020 apud
1637 1969 1713 2006 Pa-

248 2028 327 2080 chy
316 2029 518 2067 mereml.
537 2031 561 2070 3
582 2042 617 2067 c.
639 2027 707 2071 25.
765 2027 858 2068 vide
877 2029 1069 2069 Savaron
1091 2026 1186 2064 adl.
1208 2029 1231 2069 1
1250 2026 1386 2064 Sidon.
1406 2025 1518 2078 epist.
1536 2026 1575 2066 8-

359 2121 400 2159 p.
422 2110 473 2149 13
491 2121 532 2150 v,
554 2109 592 2149 9.
651 2102 771 2160 ὀλίγῳ
799 2104 842 2148 δὲ
864 2103 1055 2161 ὕστερον]
1086 2106 1241 2144 Nicetas
1264 2119 1304 2143 n.
1330 2104 1396 2147 15.

359 2199 402 2225 v.
430 2189 492 2228 19.
552 2181 693 2226 εἰκόνα
714 2188 785 2236 τῆς
808 2182 1035 2237 θεοτόκου]
1072 2185 1229 2223 Ioannis
1255 2183 1502 2235 triumphum
1529 2188 1712 2220 accurate

246 2242 475 2294 exsequitur
492 2241 659 2280 Nicetes.
718 2247 758 2279 at
784 2242 894 2292 quod
916 2242 1030 2280 addit
1048 2242 1261 2280 Cinnamus
1282 2241 1510 2290 neutiquam
1533 2244 1624 2291 post
1645 2239 1713 2277 lu-

245 2299 406 2339 stiniani
425 2305 466 2337 et
484 2298 658 2336 Heraclii
677 2303 857 2349 tempora
877 2299 1068 2337 eiusmodi
1086 2305 1194 2336 actos
1212 2296 1548 2347 Constantinopoli
1565 2295 1712 2333 trium-

244 2357 371 2409 phos,
402 2355 443 2394 in
468 2355 610 2406 quibus
632 2354 816 2393 videlicet
835 2356 1070 2407 praecipuus
1091 2353 1328 2406 deiparentia
1350 2352 1507 2404 imagini
1525 2352 1656 2390 cultus
1672 2359 1713 2391 et

244 2415 356 2452 locus
386 2412 503 2451 datus
531 2412 671 2460 suerit,
699 2410 810 2450 haud
838 2425 951 2462 aegre
973 2412 1169 2450 refellitur
1197 2423 1248 2448 ex
1276 2409 1443 2460 Scylitze
1469 2413 1510 2446 et
1539 2410 1708 2458 Zonara,

246 2470 496 2508 tradentibus
519 2468 705 2507 Ioannem
726 2468 953 2517 Zimiscmn,
983 2468 1148 2506 devictis
1166 2466 1359 2517 Bulgaris,
1387 2465 1443 2503 ita
1460 2464 1711 2517 triumphum

246 2527 426 2577 duxisse,
453 2532 502 2564 ut
527 2532 655 2564 totam
680 2537 815 2563 rerum
845 2525 946 2564 bene
966 2531 1161 2576 gestarum
1179 2523 1338 2574 gloriam
1359 2521 1541 2572 deiparae
1557 2521 1710 2560 adscri-

245 2583 389 2636 pserit,
421 2584 532 2621 cuius
563 2582 768 2633 imaginem
792 2582 834 2620 in
861 2595 984 2620 cuiru
1012 2582 1242 2619 collocatam
1273 2579 1353 2631 ipse
1378 2578 1609 2617 subsecutus
1632 2584 1710 2617 est:

247 2639 292 2682 ἐν
316 2638 359 2680 δὲ
377 2655 431 2679 τω
457 2636 602 2691 ἅρματι
622 2654 694 2686 τας
703 2636 988 2707 Βουλγαρικας
1006 2637 1096 2686 θεις
1115 2640 1196 2678 τῶν
1221 2633 1415 2688 βασιλέων
1445 2631 1609 2685 στολας,
1640 2634 1710 2676 καὶ

250 2694 415 2738 ανωθεν
445 2711 598 2736 τουτων
634 2692 767 2736 εἰκόνα
793 2699 867 2748 τῆς
895 2691 1164 2759 θεομήτορος,
1205 2708 1260 2740 ως
1286 2688 1523 2744 πολιουχου,
1553 2700 1710 2745 προποό

249 2749 440 2804 ρευεσθαι
472 2751 616 2792 ἑαυτοῦ
643 2748 818 2801 ἐταξατο.
874 2752 917 2790 id
943 2752 1071 2802 ipsum
1101 2755 1235 2802 postea
1257 2748 1454 2787 imitatum
1475 2749 1709 2807 Μαιιιιὲὶοω,

251 2809 450 2850 debellatis
463 2808 733 2858 Pannonibus,
764 2809 890 2847 tradit
911 2808 1065 2846 Nicetas
1083 2807 1108 2845 l.
1129 2807 1154 2849 5
1175 2819 1213 2844 ιι.
1230 2808 1270 2847 8.

364 2891 404 2930 Ρ.
431 2877 480 2920 14
503 2890 542 2918 v.
559 2879 598 2919 3.
662 2873 891 2929 Τανισμὰν]
923 2874 1021 2915 Vide
1041 2879 1123 2913 not.
1141 2872 1192 2912 ad
1213 2872 1348 2912 Annae
1370 2887 1408 2925 p.
1429 2872 1520 2916 365.
