1878 3262
249 243 312 289 58
742 240 967 285 IOANNIS
1005 240 1237 284 GINNAMI

245 361 476 413 παραμενεῖ.
545 355 580 397 εἲ
599 353 640 396 δ’
662 349 715 396 αὖ
733 351 963 396 τοῦνάντιον
982 351 1202 396 ὁποσονοῦν
1219 351 1315 409 ἡμῖν
1333 350 1517 409 ἀλλήλων
1536 352 1706 411 ἀποδιῃ-

245 429 400 482 ρῆσθαι
427 425 607 477 συμβαίη
619 455 631 474 ,
669 423 812 464 αὐτίκα
839 422 921 464 ἴστε
942 421 1002 464 ὅτι
1021 422 1071 476 δὴ
1091 422 1316 479 εὐχείρωτοι
1333 429 1418 473 τοῖς
1434 424 1598 480 ἐχθροῖς
1614 422 1708 465 ἐσό-

243 497 368 546 μεθα.
437 490 624 548 καθάπερ
654 492 731 548 γὰρ
754 490 1091 547 πολιορκουμένης
1107 488 1260 540 πόλεως
1277 491 1428 548 πλευρὰ
1447 493 1706 549 διαρραγεῒσα

243 561 435 617 εὖέφοδον
453 560 578 614 αὐτὴν
597 566 680 609 τοῖς
697 559 899 613 πολεμίοις
917 565 1039 610 ποιεῖ,
1077 557 1182 601 οὕτω
1211 559 1262 613 δὴ
1288 559 1356 601 καὶ
1380 559 1443 601 ἐπὶ
1470 563 1550 603 τῶν
1578 576 1705 615 στρα-

240 629 419 670 τοπέδων
438 627 529 681 ἔχει.
571 628 706 681 ἀμέλει
725 629 792 670 καὶ
809 626 953 670 τούτου
972 629 1085 669 ἕνεκα
1104 625 1214 680 λόχοι
1233 629 1300 669 καὶ
1318 625 1580 683 παρατάξεις,
1610 627 1700 670 ὖπί-
1713 639 1735 674 5

239 698 363 738 ’σθιαί
378 714 419 738 τε
437 698 504 738 καὶ
523 695 769 752 ἓμπρόσθιαι
789 694 991 753 φάλαγγες
1003 728 1016 747 ,
1052 696 1103 737 τὰ
1133 694 1243 745 δεξιά
1269 712 1311 738 τε
1338 697 1404 737 καὶ
1424 694 1610 749 εὐώνυμα
1625 700 1706 738 τῶν

240 763 439 821 κεράτων,
476 765 712 818 ἶσοστοιχίαι
738 782 780 808 τε
807 766 874 807 καὶ
901 762 1090 819 σχήματα
1109 762 1370 820 παρατάξεων
1387 770 1471 813 τοῖς
1488 762 1614 810 πάλαι
1633 763 1705 805 ἀν-

239 831 425 889 θρώποις
442 831 700 888 ἐπινενόηται.
751 831 866 884 πόλις
882 831 959 889 γάρ
978 851 1038 882 τις
1055 834 1121 874 καὶ
1141 832 1186 874 τὸ
1205 830 1476 889 στρατόπεδόν
1491 833 1588 875 ἔστι.
1638 833 1706 874 καὶ

188 946 220 979 D
246 903 311 943 ὁέἴ
322 902 394 956 μὲν
413 901 515 958 αὐτῇ
534 906 670 944 πυλῶν
681 934 692 952 ,
731 903 796 944 δεῖ
808 903 851 943 δὲ
868 905 1048 957 πλευρῶν
1061 933 1074 952 ,
1111 903 1176 943 δεῖ
1188 901 1231 943 δὲ
1249 899 1440 957 τάφρων,
1476 902 1544 943 καὶ
1574 898 1707 954 πάσης

123 992 154 1024 V
177 994 222 1027 25
246 969 371 1024 ἄλλης
395 968 555 1012 πόλεσιν
583 969 856 1026 ἀναλογούσης
875 970 1134 1020 ἀκολουθίας.
1198 969 1280 1025 χρὴ
1298 970 1430 1011 τοίνυν
1447 967 1552 1011 οὕτω
1570 986 1705 1024 παρα-
1717 974 1762 1009 10

243 1036 524 1080 σκευάσασθαι
560 1040 626 1080 καὶ
661 1037 783 1093 ἡμᾶς.
850 1037 906 1080 ἔτι
931 1038 1008 1094 γὰρ
1038 1040 1126 1095 περὶ
1154 1037 1280 1091 μέσην
1307 1053 1385 1078 που
1413 1036 1485 1091 τὴν
1513 1038 1707 1090 πολεμίαν

241 1107 359 1159 ἐσμὲν
377 1108 443 1148 καὶ
461 1111 540 1148 τῶν
552 1105 777 1161 Ῥωμαΐὸος
792 1106 954 1163 μακρὰν
972 1104 1302 1160 ἀποπλανώμεθα
1320 1103 1482 1162 ὅρίων.”
1526 1109 1706 1147 τοσαῦτα

242 1175 363 1216 εῗπιὺν
398 1173 596 1225 συντάξας
628 1192 670 1217 τε
707 1175 812 1217 κατὰ
838 1173 989 1229 κόσμον
1015 1176 1062 1216 τὸ
1091 1173 1321 1230 στράτευμα
1336 1173 1442 1215 εὐθὺ
1460 1177 1532 1227 τῆς
1549 1175 1704 1227 λίμνης,

241 1242 291 1297 ἣν
320 1241 444 1285 πάλαι
470 1244 544 1297 μὲν
572 1247 646 1285 τοῦ
673 1246 860 1299 Σκληροῦ
887 1243 991 1285 κατὰ
1020 1243 1063 1285 δὲ
1087 1242 1182 1292 τοὺς
1199 1246 1269 1284 νῦν
1282 1239 1454 1298 χρόνους
1471 1245 1544 1283 τοῦ
1559 1244 1705 1297 Πουγ,

240 1309 364 1366 γούση
396 1315 612 1363 καλοῦσιν,
649 1309 748 1353 ὁδοῦ
776 1311 915 1365 εἴχετο.
983 1312 1066 1353 ἐπεὶ
1098 1311 1136 1352 δ’
1159 1312 1201 1352 ἓν
1218 1316 1307 1360 ταῖς
1324 1307 1506 1352 πεὸιάσιν
1522 1308 1600 1364 ἤδη
1619 1310 1703 1364 ἔγέ-
1715 1314 1758 1349 15

238 1383 326 1421 νετο
344 1382 411 1421 καὶ
430 1384 501 1434 τῆς
518 1380 715 1436 προτέρας
733 1379 999 1436 στενοχωρίας
1015 1380 1056 1421 ἓν
1073 1376 1289 1436 εὐρυχώρῳ
1311 1378 1556 1420 καθίσταται
1574 1376 1705 1435 τούτῳ

233 1447 283 1490 τὸ
311 1447 566 1505 στράτευμα,
602 1446 748 1490 κελεύει
775 1452 856 1490 τῶν
882 1451 1140 1504 στρατιωτῶν
1164 1464 1240 1489 τινι
1266 1446 1370 1502 με’γα
1387 1463 1426 1488 τι
1451 1448 1520 1488 καὶ
1537 1443 1704 1496 ἰξάκου-

236 1532 333 1558 στον
363 1515 626 1574 ἀνακραγόντι
652 1519 828 1573 Περσῶν
849 1533 939 1558 τινα
974 1516 1153 1558 καλέσαι.
1223 1512 1245 1556 ὃ
1272 1515 1346 1569 μὲν
1363 1508 1435 1556 οὖν
1452 1514 1557 1557 κατὰ
1574 1513 1620 1556 τὸ
1636 1531 1703 1556 κε-

237 1586 407 1626 λευσθὲν
424 1586 558 1627 ἐποίει.
593 1583 798 1641 προσιόντι
819 1585 862 1626 δὲ
878 1589 936 1641 τῷ
953 1585 1096 1640 Πέρσῃ
1109 1582 1268 1625 “saffra
1285 1582 1386 1639 πρὸς
1402 1581 1472 1625 τὸν
1494 1581 1702 1625 σουλτὰν”

113 1659 142 1692 Ρ
166 1659 211 1694 33
233 1653 424 1706 βασιλεὺς
459 1652 537 1710 ἔφη
567 1651 785 1708 ι(ἀγγελεῖς.
851 1650 1043 1706 βασιλεύς
1077 1668 1142 1694 σοι
1177 1651 1302 1706 μέγας
1327 1654 1458 1693 ταῦτα
1485 1651 1760 1692 ἐπιστέλλειὲθ

237 1722 297 1763 δι’
326 1722 439 1775 ἐμοῦ.
505 1719 654 1775 ἥκομεν
681 1719 774 1776 ἄχρι
804 1722 871 1762 καὶ
899 1722 954 1770 εἷς
975 1718 1139 1762 Ἰκόνιον
1157 1716 1269 1765 αὐτό.
1338 1716 1610 1775 περιήλθομεν
1628 1735 1702 1760 σου

237 1790 310 1844 τὴν
333 1788 474 1846 χώραν
498 1787 813 1843 μετελεύσεσθαί
827 1805 870 1830 σε
889 1792 962 1842 τῆς
978 1790 1019 1838 ἔς
1036 1788 1109 1842 τὴν
1125 1785 1322 1843 ἡμετέραν
1338 1787 1549 1840 βασιλείαν
1567 1785 1703 1843 ἆμαρ-

237 1857 360 1908 midos
393 1857 571 1912 μάλιστα
606 1854 956 1913 προθυμούμενοι..
1018 1856 1068 1899 σὺ
1099 1856 1142 1898 δ’
1173 1853 1384 1912 ἀνεχώρεις
1410 1855 1470 1897 ἀεὶ
1488 1855 1592 1898 κατὰ
1609 1854 1704 1904 τοὺς

330 1967 385 2001 16.
408 1963 471 1999 καὶ
493 1965 582 2010 τῆς]
608 1964 709 1999 Fort.
730 1963 794 1998 καὶ
818 1960 903 1998 ἀντὶ
925 1963 992 2008 τῆς
1014 1962 1071 1997 vel
1092 1959 1132 1997 ἐκ
1154 1962 1233 2007 τῆς.

238 2055 392 2090 mittetur
418 2055 462 2089 ad
486 2060 642 2100 posteros
664 2054 805 2099 gloriam
832 2057 1083 2089 consecuturos.
1129 2057 1249 2089 contra
1266 2053 1295 2088 si
1310 2054 1366 2088 vel
1380 2053 1546 2088 minimum
1568 2051 1702 2087 ordines

238 2101 327 2136 solvi
357 2101 537 2144 contigerit
566 2112 694 2145 nosque
725 2102 768 2134 ab
794 2100 938 2134 invicem
958 2100 1125 2143 disiungi,
1152 2111 1215 2145 pro
1231 2104 1324 2134 certo
1339 2101 1464 2134 habete
1477 2110 1539 2133 nos
1551 2098 1653 2132 facile
1665 2098 1700 2132 in

240 2147 386 2181 hostium
401 2151 564 2180 venturos
589 2150 793 2191 potestatem
823 2177 827 2181 Α
851 2146 1127 2190 quemadmodum
1144 2146 1230 2180 enim
1245 2145 1391 2180 effracta
1405 2146 1564 2179 obsessae
1579 2143 1700 2177 civita-

240 2192 284 2226 tis
299 2193 405 2226 latera
420 2191 545 2225 aditum
563 2192 833 2235 expugnantibus
856 2191 987 2225 facilem
1015 2192 1179 2235 praebent
1191 2217 1199 2231 ‚
1230 2191 1279 2225 ita
1293 2203 1332 2225 se
1345 2203 1400 2225 res
1415 2191 1519 2225 habet
1529 2190 1563 2223 in
1577 2189 1700 2224 castris

240 2243 275 2271 et
288 2238 324 2271 in
340 2237 508 2283 explicato
525 2238 687 2270 exercitu.
737 2248 847 2281 neque
871 2248 971 2281 porro
987 2237 1082 2271 aliam
1098 2238 1141 2271 ob
1158 2249 1291 2271 causam
1306 2235 1406 2282 prisci
1420 2236 1523 2269 duces
1536 2235 1700 2268 invenere

238 2283 374 2318 insidias
386 2310 394 2324 ,
430 2282 514 2316 aciei
535 2282 787 2316 instructionem
803 2308 813 2324 ‚
846 2283 986 2326 primam
1000 2283 1057 2316 vel
1072 2286 1272 2328 postremam
1286 2283 1410 2322 aciem,
1441 2280 1563 2315 dextra
1578 2286 1637 2315 aut
1651 2281 1699 2314 si-

238 2329 344 2363 nistra
371 2339 516 2365 cornua.
545 2328 705 2372 aequales
727 2327 878 2360 ordinum
894 2328 1020 2369 series,
1051 2329 1259 2372 formamque
1274 2326 1492 2371 explicandae
1505 2326 1600 2360 aciei.
1647 2330 1701 2361 est

237 2375 325 2408 enim
338 2374 444 2407 instar
458 2373 549 2406 urbis
564 2373 753 2407 exercitus:
788 2372 840 2405 cui
860 2378 896 2406 et
909 2374 1017 2417 portis
1033 2385 1119 2419 opus
1134 2378 1169 2407 et
1182 2373 1333 2407 turribus
1348 2377 1386 2406 et
1398 2372 1560 2406 lateribus
1573 2376 1610 2406 et
1625 2372 1699 2406 fos-

236 2420 281 2454 sis
297 2424 331 2454 et
347 2419 471 2453 ceteris
485 2430 572 2463 quae
587 2418 631 2452 ad
647 2418 777 2452 urbium
803 2428 881 2451 usus
906 2420 1098 2453 necessaria
1119 2422 1310 2453 occurrunt.
1354 2418 1440 2452 haec
1463 2418 1567 2460 igitur
1589 2418 1698 2452 omnia

236 2478 258 2499 a
272 2466 369 2499 nobis
383 2464 580 2510 apparanda
596 2469 694 2505 sunt,
723 2463 781 2508 qui
802 2463 835 2496 in
861 2463 968 2497 medio
984 2464 1049 2497 soli
1065 2464 1194 2498 hostilis
1208 2474 1382 2499 versamur
1397 2475 1418 2498 a
1431 2463 1555 2496 finibus
1573 2463 1697 2497 Roma.-

236 2511 287 2544 nis
319 2511 421 2553 longo
446 2510 624 2544 intervallo
650 2508 851 2554 disparati.”
896 2509 981 2542 haec
996 2515 1172 2554 postquam
1188 2514 1241 2544 est
1256 2509 1400 2548 effatus,
1430 2508 1496 2542 rite
1511 2508 1697 2553 composita

234 2556 455 2599 ordinataque
478 2555 552 2589 acie
563 2582 573 2598 ‚
603 2556 644 2589 ad
675 2554 829 2599 paludem
839 2579 848 2596 ,
878 2565 977 2599 quam
993 2554 1071 2588 olim
1087 2560 1222 2589 veteres
1236 2555 1344 2589 Scleri
1359 2566 1446 2588 nunc
1458 2565 1540 2587 vero
1555 2554 1696 2598 Pungu-

235 2613 295 2636 sae
310 2606 454 2642 vocant,
486 2605 580 2635 recta
594 2602 662 2635 iter
677 2600 830 2634 intendit.
877 2611 1018 2644 cumque
1032 2600 1067 2634 in
1082 2606 1238 2645 patentes
1252 2611 1386 2646 campos
1401 2599 1629 2645 pervenisset,
1661 2603 1697 2634 et

236 2647 362 2681 relictis
388 2647 546 2680 montium
565 2646 748 2690 angustiis,
778 2646 812 2679 in
826 2651 987 2690 porrecta
1001 2646 1138 2690 planitie
1152 2647 1350 2680 collocasset
1365 2645 1548 2679 exercitum
1561 2670 1573 2687 ,
1602 2645 1697 2679 militi

236 2693 367 2727 cuidam
395 2692 558 2737 imperat,
586 2697 623 2725 ut
653 2691 765 2725 altiori
796 2697 954 2725 contenta
979 2702 1066 2725 voce
1089 2692 1229 2726 Persam
1254 2691 1398 2736 aliquem
1424 2691 1619 2724 advocaret.
1666 2691 1695 2725 is

235 2739 327 2772 iussa
350 2737 538 2782 exequitur.
585 2737 760 2771 accedenti
775 2736 904 2771 Persae
933 2736 1081 2770 “haec'’
1110 2737 1217 2782 inquit
1230 2737 1387 2782 princeps
1416 2738 1440 2754 “
1453 2736 1595 2770 Sultano
1610 2747 1696 2770 nun—

236 2783 346 2818 tiabis.
392 2784 475 2817 haec
491 2783 551 2816 tibi
567 2794 629 2828 per
643 2794 695 2816 me
710 2782 879 2826 significat
893 2793 1032 2826 magnus
1046 2782 1238 2827 imperator.
1283 2782 1328 2816 ad
1353 2783 1460 2826 ipsum
1485 2792 1592 2826 usque
1615 2782 1695 2816 Ico-

235 2829 324 2863 nium
356 2829 526 2863 venimus:
557 2828 729 2873 regionem
760 2833 850 2861 tuam
880 2828 1121 2872 percurrimus,
1150 2839 1278 2862 summo
1308 2828 1430 2862 ardore
1451 2831 1510 2861 tua
1531 2828 1695 2862 adversus

235 2875 442 2910 maiestatem
467 2878 616 2909 nostram
637 2878 778 2921 peccata
793 2873 1002 2910 vindicaturi.
1047 2877 1084 2908 tu
1099 2885 1183 2908 vero
1198 2875 1419 2920 profugorum
1434 2884 1527 2908 more
1544 2873 1627 2908 alias
1640 2879 1694 2908 at-
