1878 3262
599 191 990 236 HISTORIARUM
1022 192 1071 235 L.
1097 190 1154 235 Π.
1342 206 1346 212 ’
1537 187 1602 235 45

151 323 230 351 των
255 305 370 348 οὐδὲν
393 300 512 360 ἦττον
537 307 604 347 καὶ
629 303 748 347 πάλιν
783 308 1015 348 κλονεῖσθαι
1048 305 1275 364 συνέβαινεν
1300 302 1408 355 ἅπαξ
1431 321 1604 359 πεπονη-

152 376 222 425 κὸς
245 375 291 417 τὸ
317 373 613 431 στρατιωτικόν.
683 373 787 416 ἀλλὰ
809 371 1024 428 βασιλεύς,
1050 368 1100 427 ἦν
1123 373 1200 429 γὰρ
1227 371 1419 423 ὀξύτατος
1441 373 1487 415 τὸ
1514 374 1602 415 δέον
1627 379 1656 413 Β

153 441 279 500 εὗρεῖν
303 445 371 485 καὶ
395 441 784 496 καταστοχάσασθαι
805 446 879 484 τοῦ
902 442 1100 497 πρακτέου
1127 440 1383 492 δεξιώτατος,
1409 441 1506 497 ἔγνω
1519 443 1606 483 ἐπι-

151 514 263 562 νοίας
286 515 441 565 μᾶλλον
464 511 491 566 ἢ
518 510 654 566 ι’σχύος
678 512 858 554 ἐνταῦθα
877 508 1038 566 χρῄζειν
1063 508 1108 550 τὸ
1134 515 1315 564 πρᾶγμα.
1357 510 1501 552 αὐτίκα
1521 512 1608 552 τοί-

116 588 220 624 5νυν
244 584 325 622 τῶν
350 597 439 622 τινα
465 583 720 636 στρατιωτῶν
745 579 941 629 καλέσας,
977 576 1278 631 Βεμπιτζιώτην
1301 579 1375 631 μὲν
1400 580 1604 633 ἐπικεκλη-

147 648 285 702 με’νον’
305 646 458 698 πόλεως
495 649 539 689 δὲ
577 645 813 703 ὡρμημένον
843 647 1078 703 Ἀδριανοῦ,
1116 645 1266 687 ἐκέλευε
1291 646 1336 687 τὸ
1364 645 1511 703 κράνος
1533 651 1607 698 τῆς

149 720 328 773 κεφαλῆς
353 715 603 769 ἀποθέμενον
627 713 826 772 μετέωρόν
850 732 892 758 τε
919 714 1018 756 αὐτὸ
1043 714 1106 755 ἐπὶ
1132 718 1204 767 τῆς
1224 713 1360 770 χειρὸς
1382 714 1607 769 πανταχόσε

150 786 426 841 περιδινοῦντα
464 784 538 838 τὴν
562 788 634 826 τοῦ
659 784 832 826 σουλτὰν
858 785 982 837 δῆθεν
1008 783 1070 824 ἐπὶ
1096 786 1169 824 τοῦ
1193 780 1493 838 στρατεύματος
1518 786 1608 830 δια-

150 851 442 909 κηρυκεύεσθαι
482 852 644 894 ἅλωσιν.
713 846 761 894 οὗ
784 850 989 907 γεγονότος
1013 849 1270 907 ἀνεθάρσησέ
1291 868 1333 893 τε
1359 856 1610 907 παραχρῆμα

98 921 196 968 loro
216 919 439 975 Ῥωμαϊκὸν
465 923 531 962 καὶ
556 920 652 970 τοὺς
676 920 876 970 ἐναντίους
901 922 1076 976 ἰσχυρῶς
1101 919 1347 975 ἐγκειμένους
1385 918 1609 963 ἀπεώσατο.

151 988 256 1031 οὕτω
294 987 486 1039 πολλάκις
520 986 564 1030 (ἓν
599 987 806 1043 βούλευμα
846 988 1008 1030 συνετὸν
1034 986 1134 1044 ὑπὲρ
1160 991 1453 1044 μυριοπληθεῖς
1478 987 1606 1044 ὤνησε

147 1064 311 1114 χεῖρας,
351 1059 417 1099 καὶ
443 1057 591 1114 ἀνδρὸς
615 1055 703 1107 ἑνὸς
729 1057 849 1114 ἀρετὴ
876 1061 1036 1099 πολλῶν
1062 1057 1242 1098 ἀσπίδων
1267 1058 1521 1114 δυνατωτέρα
1544 1059 1607 1113 γί-

149 1143 271 1168 νεται.
339 1125 443 1167 ἀλλὰ
477 1124 565 1167 τότε
597 1126 671 1179 μὲν
704 1126 838 1180 ἐπειδὴ
874 1123 1044 1179 τάχιστα
1070 1125 1142 1175 ντὶ-’ξ
1166 1125 1338 1180 ἐγένετο,
1378 1126 1503 1167 αὐτοῦ
1527 1143 1606 1168 που

148 1194 385 1248 ηὐλίσαντο·
424 1193 579 1251 ὄρθρου
607 1195 650 1236 δὲ
676 1193 779 1250 ἄρας
804 1195 955 1237 ἐκεῖθεν
980 1193 1081 1250 πρὸς
1108 1194 1257 1251 Ἰκονίῳ
1295 1194 1607 1251 ἐστρατοπεδεύ-

98 1273 140 1310 15
150 1278 263 1304 σατο.
331 1260 387 1313 ὥς
424 1263 467 1305 δὲ
503 1261 635 1320 κύκλῳ
673 1263 895 1319 περιελθὼν
920 1262 992 1304 οὐκ
1017 1263 1208 1319 εὗέφοδον
1234 1260 1331 1304 εἶναι
1358 1263 1456 1305 αὐτὸ
1485 1281 1602 1306 κατε-
1625 1267 1656 1302 C

148 1329 249 1382 νόει,
283 1329 310 1386 ῆ
336 1347 377 1373 τε
405 1329 543 1388 φήμη,
570 1330 597 1386 ἢ
622 1331 720 1385 ἔθνη
746 1331 798 1373 τὰ
823 1330 923 1388 πρὸς
948 1329 1094 1372 δύοντα
1119 1330 1232 1384 ἥλιον
1257 1331 1299 1380 ἐξ
1324 1332 1432 1373 ε’θῶν
1456 1333 1606 1374 ἐπανα-

149 1397 301 1441 στάντα
326 1403 406 1440 τῶν
430 1401 608 1456 πατρίων
632 1400 694 1441 ἐπὶ
719 1398 793 1453 τὴν
811 1398 1020 1453 Ῥωμαίων
1044 1401 1279 1453 παμπληθεὶ
1306 1398 1448 1454 ἐμήνυε
1489 1401 1608 1458 φέρε-

149 1471 277 1519 σθαι,
316 1465 486 1522 ἑκάστης
522 1467 690 1522 ηὔξανεν
727 1466 901 1524 ἡμέρας,
939 1472 1014 1510 τοῦ
1033 1460 1120 1521 ιμὲν
1153 1471 1376 1524 πολιορκεῖν
1401 1469 1609 1523 ἀπέσχετο,

145 1534 296 1592 χρόνον
322 1552 364 1577 τε
390 1537 568 1586 πλείονος
592 1538 659 1578 καὶ
684 1538 864 1590 μείζονος
888 1535 1014 1590 ἄλλης
1037 1535 1063 1591 ἢ
1089 1535 1184 1578 κατ’
1214 1537 1363 1591 ἐκείνην
1389 1539 1516 1591 δῆθεν
1540 1555 1610 1580 νο-

94 1606 273 1657 Ξομίσας
297 1608 575 1660 παρασκευῆς,
615 1603 778 1661 δῃώσας
803 1605 846 1646 δὲ
871 1606 938 1646 καὶ
965 1605 1185 1662 ἀφανισμῷ
1209 1604 1261 1646 τὰ
1287 1606 1329 1646 ἓν
1354 1607 1447 1648 ποσὶ
1473 1624 1610 1662 παρα-

151 1673 247 1722 δοὺς
271 1673 422 1715 ἐκεῖθεν
447 1672 686 1727 ἀπήλαυνεν.
722 1671 786 1715 ὅτε
813 1673 863 1728 δὴ
890 1673 1042 1729 λέγεται
1070 1671 1125 1722 ὡς
1149 1680 1233 1722 τοῖς
1258 1673 1336 1730 πρὸ
1363 1679 1435 1729 τῆς
1459 1673 1612 1725 πόλεως

149 1742 323 1796 Περσῶν
346 1738 492 1797 τάφοις
516 1741 645 1783 πολλὰ
669 1746 743 1783 τοῦ
762 1740 988 1795 Ῥωμαϊκοῦ
1012 1743 1294 1797 ἐνυβρίσαντος
1319 1741 1464 1785 ἕκθετά
1477 1761 1518 1786 τε
1532 1748 1612 1786 τῶν

131 1806 349 1862 ’σωμάτων
374 1807 430 1858 ὡς
453 1813 618 1851 πλεῖστα
643 1808 926 1864 πεποιηκότος,
954 1807 975 1852 ὃ
1003 1810 1046 1852 δὲ
1073 1810 1166 1851 οὐδ’
1191 1811 1232 1851 ἓν
1252 1810 1509 1865 τηλικαύταις
1520 1829 1613 1853 και-

243 1905 298 1938 11.
324 1898 422 1938 οὕτω
446 1901 642 1947 πολλάκις]
666 1903 848 1948 Expressit
868 1903 1042 1949 Euripidis
1065 1904 1277 1938 sententiam.
1314 1905 1403 1940 Vide
1425 1906 1612 1941 stobaeum

243 1949 338 1983 Flor.
370 1950 424 1982 54.
458 1960 493 1993 p.
526 1949 602 1983 205.
636 1954 672 1983 et
701 1949 931 1993 Nicephorum
962 1951 1111 1993 Bryenn.
1137 1961 1171 1994 p.
1199 1952 1277 1985 102.
1303 1951 1344 1985 C.
1485 1954 1539 1988 16.
1574 1950 1612 1997 ἐξ

242 1992 364 2038 ἐθῶν]
389 1995 486 2028 Fort.
511 1991 632 2040 ἠθῶν.
772 1996 827 2029 19.
852 1995 993 2039 δῆθεν]
1017 1995 1114 2030 Fort.
1138 1995 1299 2030 δεῖσθαι.

151 2086 372 2120 conturbatur
401 2084 501 2118 acies.
547 2087 583 2118 at
606 2085 787 2129 imperator
808 2084 916 2119 animo
935 2085 1241 2131 perspicacissimus
1257 2086 1338 2121 etin
1352 2087 1453 2123 rebus
1468 2087 1611 2123 investi-

150 2131 270 2175 gaudis
286 2130 537 2172 solertissimus,
568 2131 707 2164 consilio
724 2131 834 2175 potius
850 2142 950 2176 quam
965 2132 1063 2166 armis
1077 2143 1146 2166 rem
1161 2137 1233 2166 tum
1248 2145 1349 2177 egere
1364 2134 1612 2169 animadvertit.

151 2178 318 2211 advocato
343 2176 447 2220 igitur
470 2176 644 2210 cuidamre
666 2176 845 2218 militibus,
880 2177 1010 2211 nomine
1032 2178 1291 2222 Bempitziotae‚
1322 2179 1380 2223 qui
1393 2179 1613 2225 Adriauopoli

152 2222 314 2256 oriundus
330 2227 402 2256 erat
413 2248 423 2263 ,
454 2222 550 2255 iussit
565 2227 602 2255 ut
617 2222 784 2266 demptam
799 2222 910 2267 capite
923 2223 1074 2266 galeam,
1104 2230 1141 2257 et
1160 2225 1310 2258 manibus
1326 2226 1358 2258 in
1375 2226 1478 2259 altum
1493 2227 1610 2260 subla-

151 2272 221 2306 tam
251 2268 482 2301 circumferret
511 2268 657 2312 ubique,
688 2273 890 2312 captumque
914 2280 990 2302 esse
1016 2269 1191 2303 Sultanum
1212 2281 1333 2314 magna
1349 2282 1411 2314 per
1425 2272 1610 2306 exercitum

151 2325 239 2347 voce
253 2313 488 2358 proclamaret.
535 2313 570 2346 id
586 2313 831 2358 strategematis
843 2314 1066 2348 Romanorum
1081 2316 1249 2361 extemplo
1266 2316 1455 2350 sublevavit
1470 2318 1611 2361 animos,

152 2359 288 2404 vimque
313 2359 456 2392 hostium
482 2358 592 2399 acrius
617 2359 839 2393 insistentium
853 2360 989 2394 retudit.
1035 2360 1083 2394 ita
1102 2372 1206 2406 saepe
1220 2363 1404 2396 numerosis
1419 2363 1524 2407 copiis
1541 2363 1610 2397 uti-

152 2405 216 2438 lius
240 2404 305 2438 fuit
328 2404 500 2438 consilium
525 2404 691 2449 prudens,
721 2405 852 2449 virique
872 2406 969 2439 unius
991 2405 1100 2439 virtus
1117 2407 1299 2452 clipeorum
1314 2409 1436 2443 robore
1453 2409 1610 2442 validior.

154 2455 192 2484 at
215 2449 396 2484 deficiente
420 2450 494 2494 die,
524 2451 570 2484 ibi
597 2455 841 2495 pernoctatum.
885 2451 964 2485 inde
984 2452 1090 2496 primo
1106 2464 1202 2486 mane
1218 2453 1390 2497 profectus
1404 2453 1446 2487 ad
1463 2454 1611 2493 Iconium

157 2501 269 2529 castra
284 2495 415 2540 posuit,
442 2495 530 2540 quod
547 2508 621 2529 cum
637 2496 784 2540 undique
799 2497 1011 2542 explorasset
1024 2498 1183 2542 adituque
1197 2498 1285 2532 haud
1300 2499 1400 2532 facile
1414 2510 1490 2533 esse
1505 2500 1611 2534 vidis-

154 2545 226 2583 set,
255 2552 391 2575 rumore
414 2540 457 2574 ad
482 2542 567 2574 haec
587 2541 854 2576 increbrescente
868 2543 902 2576 in
918 2543 1010 2587 dies,
1044 2543 1237 2578 Occidentis
1256 2545 1398 2588 populos
1414 2545 1533 2590 patriis
1548 2558 1610 2580 ex·

0 2603 13 2639 ι
155 2585 239 2620 citos
268 2587 404 2620 sedibus
430 2587 560 2630 ingenti
589 2587 800 2622 multitudine
835 2589 879 2622 ad
907 2589 993 2622 fines
1030 2589 1255 2622 Romanorum
1292 2591 1520 2634 contendere,
1564 2593 1609 2626 ab

157 2632 404 2675 oppugnatione
453 2632 584 2676 quidem
622 2633 751 2666 destitit
791 2633 941 2679 longiore
985 2638 1138 2679 tempore
1181 2640 1218 2668 et
1262 2636 1386 2669 maiore
1430 2642 1609 2682 apparatu,

155 2686 255 2718 quam
290 2677 348 2721 qui
385 2677 524 2719 aderat,
567 2689 652 2723 opus
681 2678 742 2712 sibi
769 2680 842 2712 sore
870 2680 1154 2720 animadvertens3
1196 2679 1256 2714 sed
1286 2681 1394 2715 obviis
1423 2682 1610 2728 quibusque

154 2719 299 2755 incensis
322 2727 358 2756 et
380 2722 522 2767 perditis
546 2724 699 2757 recessit.
746 2724 861 2759 ferunt
879 2730 949 2759 tum
969 2725 1127 2759 militibus
1143 2725 1302 2760 Romanis
1316 2727 1416 2761 foede
1432 2740 1474 2762 ac
1490 2734 1610 2762 contu-

156 2764 293 2800 meliose
313 2767 491 2802 Persarum
514 2769 624 2814 posita
642 2769 738 2804 iuxta
754 2771 867 2805 urbem
882 2772 1038 2816 sepulcra
1053 2772 1300 2814 tractantibus,
1331 2785 1394 2807 nec
1418 2784 1483 2808 non
1503 2786 1545 2808 ex
1571 2774 1612 2807 iis

156 2811 264 2845 multa
282 2813 522 2848 refodieutibus
545 2815 710 2850 cadavera
721 2841 733 2859 ,
761 2816 946 2863 principem
961 2828 1002 2851 eo
1019 2816 1202 2853 difficilium
1217 2822 1406 2864 temporum
1428 2823 1608 2861 momento,
