1878 3262
535 195 1098 240 'COMMENTARIORUM
1131 198 1179 240 L.
1205 195 1284 240 IV.
1562 196 1655 243 151

206 306 409 350 ὁπλιτικοῦ
428 310 576 361 παντὸς
598 315 670 366 τῆς
693 314 951 368 παρεμβολῆς
971 311 1146 363 ἐξελθὼν
1168 310 1224 363 εἷς
1246 328 1333 354 τινα
1356 313 1562 369 συνηρεφῆ
1587 307 1658 354 τό·

203 393 278 419 πον
300 375 479 432 εἱστήκει.

337 490 414 534 22.
477 490 527 534 Ὁ
556 493 600 534 δὲ
631 491 864 547 Βασιλάκης
892 491 1006 547 ἐγγὺς
1035 496 1107 546 τῆς
1138 496 1398 548 παρεμβολῆς
1431 490 1652 548 γενόμενος,

200 557 282 599 ἐπεὶ
302 557 451 613 ταύτην
475 560 588 617 παρὰ
611 565 691 603 τῶν
713 562 824 603 ι’δίων
848 562 1136 615 σκυλευομένην
1164 559 1272 617 ἑώρα
1282 592 1295 611 ,
1331 561 1454 611 αὐτὸς
1481 561 1554 616 τὴν
1579 564 1654 602 τοῦ

165 627 434 679 5ὸομεστίκου
458 628 606 683 σκηνὴν
633 629 874 683 καταλαβὼν
898 626 1023 671 ἐδόκει
1044 628 1089 670 τὸ
1113 633 1193 671 πᾶν
1215 629 1401 683 ἦνυκέναι
1425 630 1492 671 καὶ
1523 629 1650 670 αὐτοῦ’
1673 629 1702 663 Ρ
1729 630 1793 664 100

196 711 273 736 που
295 700 437 738 τοῦτον
458 701 700 750 καταλαβεῖν
720 699 785 739 καὶ
807 699 992 753 ζωγρείαν
1014 702 1179 751 ποιῆσαι
1198 699 1264 739 καὶ
1289 698 1526 753 ἀγαγέσθαι.
1594 695 1651 746 ὥς

196 763 241 804 δὲ
263 763 336 817 τὴν
355 762 451 818 ὅλην
469 765 748 822 περιαθρήσας
768 766 910 808 οὐδένα
934 767 968 808 εἴ
987 765 1046 818 μὴ
1068 766 1137 807 τὸν
1154 766 1334 820 μοναχὸν
1356 765 1463 822 ἑώρα
1487 766 1553 807 καὶ
1575 765 1648 819 τὴν

194 829 450 874 ἀνάπτουσαν
483 832 700 887 λαμπάδα,
746 832 818 876 ὕπ’
853 834 1083 885 ἀλαζονείας
1115 834 1307 889 ἐπαρθείς
1341 850 1440 890 φησι
1473 831 1499 848 “
1512 837 1593 874 ποῦ
1625 831 1646 874 ὃ

191 898 422 955 τραυλός,·”
460 903 526 943 καὶ
554 903 631 959 γὰρ
665 903 737 944 οὐκ
760 903 936 958 ἀκριβῶς
956 900 1172 958 κατώρθου
1195 901 1241 944 τὸ
1264 901 1335 958 ῥῶ.
1398 900 1424 916 “
1438 900 1649 956 ἕξαγάγετέ

139 976 259 1020 1ομοι
284 972 426 1010 τοῦτον
447 964 569 1012 ὧδε.”
639 976 712 1013 τοῦ
735 971 779 1012 δὲ
795 970 988 1027 ῥηθέντος
1006 975 1190 1024 μοναχοῦ
1211 968 1420 1023 ἐνωμότως
1438 969 1645 1025 ἀπαρνου-

187 1037 309 1090 μένου
340 1037 398 1090 μὴ
424 1038 567 1080 εἰδέναι
593 1040 637 1081 τί
658 1040 832 1095 γέγονεν,
867 1039 1105 1093 ἀπατᾶσθαι
1134 1040 1303 1091 νομίζων
1327 1035 1405 1079 {md
1432 1054 1474 1079 τε
1503 1040 1646 1089 θυμοῦ

186 1101 265 1145 ὖπό
299 1121 341 1146 τε
370 1111 504 1162 χαρᾶς
537 1105 659 1156 ἁλοὺς
687 1109 840 1162 γέλωτα
866 1106 1111 1163 Σαρδόνιον,
1157 1107 1262 1148 κατὰ
1296 1106 1369 1160 τὴν
1407 1106 1642 1161 παροιμίαν,

186 1173 300 1227 ἐγέλα
320 1175 386 1214 καὶ
407 1182 490 1224 τοῖς
505 1173 578 1216 ὑπ’
601 1175 723 1217 αὐτὸν
741 1176 813 1229 τὴν
832 1176 980 1230 σκηνὴν
997 1179 1307 1229 κατατμηθῆναι
1324 1174 1487 1215 ἐκέλευε,
1542 1171 1638 1214 τού-
1662 1175 1691 1208 Β

184 1257 255 1282 του
285 1241 490 1296 γεγονότος
518 1244 724 1286 ἐπέταττεν
751 1242 830 1284 ὑπὸ
854 1244 926 1298 τὴν
948 1245 1076 1286 κλίσιν
1098 1248 1170 1285 τοῦ
1197 1243 1432 1295 δομεστίκου
1461 1239 1640 1283 κατακύ-

131 1315 173 1350 15
183 1321 346 1362 ψαντας
366 1310 570 1364 ἀναζητεῖν
590 1314 624 1353 εἲ
646 1312 771 1353 αὐτοῦ’
791 1328 868 1352 που
889 1313 1117 1367 κέκρυπται.
1153 1308 1207 1360 ὡς
1228 1311 1270 1352 δὲ
1291 1310 1474 1362 οὐδαμοῦ
1492 1313 1639 1364 παρῆν,

183 1377 234 1418 τὰ
251 1379 371 1419 ἐκεῖσε
395 1377 586 1432 ἱστάμενα
603 1378 771 1433 κιβώτια
791 1383 1078 1435 περιτραπῆναι
1091 1379 1253 1421 ἐκέλευε.
1296 1382 1477 1420 τοιοῦτον
1488 1375 1638 1433 ὖπερη-

183 1447 327 1500 φανεία
344 1445 389 1487 τὸ
414 1452 589 1503 φρονοῦν
610 1452 683 1502 τῆς
703 1452 841 1502 ψυχῆς
856 1445 1084 1489 παντάπασι
1107 1449 1435 1504 διαφθείρουσα]
1469 1446 1637 1486 ἀπελπί-

181 1528 258 1563 σας
279 1508 350 1555 οῧν
367 1516 433 1555 καὶ
451 1517 507 1564 εἰς
529 1515 758 1557 τούναντίον
779 1517 943 1572 τραπεὶς
977 1518 996 1569 (
1004 1517 1270 1569 μετεβέβλητο
1294 1514 1371 1569 γὰρ
1394 1513 1505 1570 αὐτῷ
1526 1530 1636 1566 τηνι-

180 1586 308 1624 καῦτα
330 1585 386 1632 εἷς
404 1582 532 1638 λύπην
552 1581 577 1638 ἦ
595 1585 735 1640 χαρὰ)
770 1582 960 1637 συχνάκις
977 1586 1106 1625 παίων
1125 1584 1194 1626 τὸν
1213 1581 1345 1637 μηρόν
1363 1597 1486 1638 φησιν
1513 1578 1640 1621 “abac
1691 1612 1694 1615 »

123 1659 271 1704 Ξθμοι,
304 1649 513 1706 ἠπάτημαι
541 1653 654 1707 παρὰ
674 1657 747 1694 τοῦ
770 1651 988 1708 τραυλοῦ.”
1058 1652 1115 1706 μὴ
1139 1651 1239 1705 ἔχων
1256 1651 1333 1706 γὰρ
1351 1648 1483 1706 ἕτερόν
1499 1665 1538 1690 τι
1559 1666 1634 1690 κα-

267 1789 595 1869 Ξᾶῑτξριαθρήσας]
620 1791 663 1825 V.
686 1791 966 1835 περιαθροίσας.
1105 1792 1138 1825 8.
1161 1788 1423 1833 οἷνάπτουσαν]
1447 1785 1632 1831 almvm?-

176 1971 264 2005 quae
277 1960 350 2005 ipse
366 1970 438 1993 cum
455 1958 619 1992 universis
633 1959 769 1992 armatis
785 1957 903 1992 castris
920 1957 1033 1991 exiens
1049 1956 1082 1990 in
1098 1946 1272 2001 quemdam
1286 1957 1476 1991 umbrosum
1488 1959 1524 1990 et
1535 1955 1630 1990 silvis

175 2012 300 2040 tectum
316 2005 478 2039 successit
492 2006 598 2038 locum
613 2032 622 2048 ,
652 2005 765 2049 ibique
781 2003 942 2037 constitit.

265 2098 320 2131 22.
368 2097 414 2129 At
433 2094 602 2129 Basilaces
618 2106 691 2128 cum
706 2095 796 2127 intra
809 2093 883 2137 ipsa
899 2096 1009 2127 castra
1023 2095 1236 2137 penetrasset
1250 2089 1355 2127 Alexii
1365 2119 1375 2135 ,
1396 2103 1485 2138 quae
1499 2093 1625 2137 passim

173 2154 194 2177 a
208 2141 277 2176 suis
293 2141 390 2186 diripi
407 2141 561 2181 videbat,
591 2140 624 2172 in
642 2139 891 2173 tabernaculum
908 2138 1020 2172 Alexii
1036 2137 1243 2183 procedens,
1270 2139 1431 2184 sperabat
1448 2148 1627 2171 successu-

173 2199 246 2222 rum
268 2187 360 2232 quod
381 2187 556 2230 transfuga
580 2185 794 2229 promiserat,
826 2189 861 2217 et
875 2184 983 2230 ipsum
997 2185 1113 2228 utique
1128 2183 1280 2217 Alexium
1295 2184 1409 2217 vivum
1424 2183 1470 2217 ibi
1486 2183 1625 2228 capien—

174 2234 263 2267 dum.
311 2238 348 2266 ut
374 2238 484 2265 autem
510 2230 613 2264 oculis
641 2230 895 2275 circumquaque
923 2230 1029 2263 versis
1055 2229 1217 2263 neminem
1231 2229 1279 2263 ibi
1293 2229 1434 2263 videbat
1449 2229 1510 2262 nisi
1525 2239 1625 2272 quem

173 2279 244 2312 dixi
262 2279 454 2312 monachum
471 2280 506 2311 et
521 2276 707 2320 lampadem
722 2286 894 2309 accensam
904 2301 914 2315 ‚
929 2275 1104 2309 insolentia
1119 2275 1225 2309 elatus
1240 2275 1381 2308 clamat:
1400 2275 1489 2308 “ubi
1503 2274 1623 2307 balbus

173 2323 282 2358 est2‘’
309 2324 415 2368 (nam
425 2322 563 2357 Alexius
578 2322 711 2365 linguae
726 2325 847 2355 natura
862 2321 1045 2365 pinguioris
1060 2321 1207 2354 caninam
1222 2321 1354 2354 literam
1371 2319 1528 2365 expedite
1541 2330 1623 2363 pro-

172 2369 324 2403 nuntiare
338 2381 404 2403 non
419 2368 580 2413 poterat)
597 2367 755 2401 “educite
769 2366 848 2400 mihi
861 2366 951 2400 illum
967 2366 1068 2401 huc.’'
1091 2365 1255 2400 monacho
1268 2377 1351 2399 vero
1366 2366 1465 2399 etiam
1482 2375 1555 2397 cum
1570 2364 1623 2396 iu-

171 2419 324 2448 ramento
340 2419 486 2458 negante
500 2414 584 2447 scire
598 2423 674 2446 sese
689 2412 768 2458 quid
785 2416 874 2446 esset
889 2424 929 2446 eo
943 2414 1068 2447 factum
1080 2438 1090 2454 ‚
1120 2413 1228 2446 verba
1254 2410 1318 2444 sibi
1339 2411 1413 2444 dari
1428 2409 1623 2443 existimans

172 2471 214 2493 ac
228 2461 324 2494 varie
339 2461 414 2494 binc
427 2460 478 2493 ira
494 2459 570 2492 inde
586 2458 710 2502 gaudio
726 2462 862 2503 captus,
891 2458 996 2492 risum
1023 2463 1061 2491 ut
1086 2461 1138 2491 est
1151 2458 1185 2490 in
1200 2456 1389 2502 par-oemio,
1418 2454 1622 2488 Sardonium

170 2505 312 2541 ridebat.
357 2506 487 2539 interim
511 2504 589 2538 dum
604 2504 626 2537 ii
641 2515 725 2548 quos
739 2503 885 2538 ducebat
907 2502 1157 2537 tabernaculum
1170 2503 1265 2536 iussu
1279 2501 1350 2535 eius
1365 2500 1543 2535 concidunt
1558 2510 1621 2533 va-

170 2554 326 2595 stantque
337 2576 348 2591 ‚
377 2563 445 2585 non
458 2550 642 2584 desistebat
656 2551 784 2583 hostem
800 2560 963 2593 quaerere
976 2575 986 2591 ‚
1017 2549 1102 2582 adeo
1116 2554 1155 2581 ut
1170 2547 1270 2581 etiam
1285 2548 1348 2580 sub
1363 2547 1486 2580 lectum
1502 2545 1622 2590 explo-

170 2596 238 2629 rari
250 2596 400 2640 iuberet,
430 2597 459 2631 si
472 2597 564 2630 forte
578 2595 624 2629 ibi
639 2606 789 2629 mussans
804 2595 1019 2629 delitesceret
1034 2594 1181 2628 Alexius.
1229 2596 1265 2627 et
1280 2604 1355 2626 cum
1370 2603 1413 2626 ne
1426 2592 1473 2626 ibi
1488 2591 1620 2635 quidem

171 2651 400 2686 compareret,
430 2643 534 2676 cistas
559 2641 660 2675 etiam
686 2645 721 2674 et
743 2651 864 2687 capsas
888 2639 1110 2685 resupinaret.
1154 2643 1224 2672 tam
1248 2637 1409 2671 vaecordi
1432 2636 1621 2683 pertinacia

169 2686 308 2720 insanae
334 2688 406 2733 spei
430 2698 549 2722 caecus
573 2687 670 2721 animi
691 2687 788 2719 bomo
804 2686 993 2720 laborabat!
1041 2697 1081 2718 ac
1097 2696 1170 2719 cum
1184 2683 1317 2718 tandem
1331 2684 1452 2718 abesse
1466 2682 1620 2717 Alexium

170 2736 265 2765 certo
282 2733 497 2777 comperisset
507 2759 519 2775 ‚
549 2733 651 2767 stulta
665 2732 795 2766 laetitia
807 2731 842 2766 in
856 2731 1015 2776 ignavum
1030 2731 1180 2765 timorem
1195 2740 1298 2764 versa
1310 2756 1319 2772 ‚
1352 2731 1461 2764 femur
1486 2726 1619 2772 saepius

169 2777 305 2822 pulsans
318 2776 590 2814 vociferabatur:
618 2779 642 2796 ‘⁶
653 2789 715 2814 vae
730 2777 827 2812 mihi!
857 2789 879 2811 a
893 2778 994 2812 balbo
1010 2776 1171 2823 deceptus
1186 2775 1291 2810 sum.”
1340 2786 1413 2809 cum
1429 2773 1516 2808 enim
1531 2770 1619 2807 aliud
