1878 3262
248 235 344 282 340
690 234 898 278 'CAROLI
932 234 1012 278 DU
1045 234 1257 279 FRESNE

245 344 432 397 exemplis
452 355 551 394 quae
574 343 729 395 profert
744 343 937 382 Meursius
951 343 997 384 in
1012 343 1137 386 Gloss.
1157 344 1246 396 plus
1264 345 1354 384 satis
1375 351 1496 397 patet.
1554 345 1603 385 de
1630 346 1705 385 ba-

245 415 390 442 norum
411 400 601 451 djgnitate
622 400 730 452 apud
750 400 957 452 Hungaros
986 407 1024 438 et
1040 402 1197 439 Servios
1228 400 1312 438 dixi
1336 402 1389 440 ad
1409 403 1571 441 Annam.
1626 402 1704 441 hac

243 466 331 497 tum
356 457 596 508 fungebatur
622 458 663 495 in
689 457 892 508 Hungaria
912 458 1000 496 Bela
1013 489 1024 508 ‚
1049 458 1122 508 qui
1137 458 1328 496 Cinnamo
1345 457 1504 508 Βέλοσις
1520 459 1598 498 hoc
1615 460 1703 498 loco

244 514 391 552 dicitur
423 514 563 552 Geizae
593 514 694 566 regis
723 515 967 563 avunculus,
997 527 1075 564 quo
1101 515 1320 566 imperante
1350 527 1483 554 rerum
1512 529 1704 555 summam

242 571 437 622 obtinuit,
477 571 549 608 Uri
581 571 740 610 Serviae
772 571 945 621 comitis,
977 572 1088 608 cuius
1117 571 1239 609 filiam
1270 570 1461 609 Helenam
1489 571 1603 623 Bela,
1633 586 1703 611 co-

239 633 452 680 gnomento
472 628 630 678 Caecus,
657 640 730 666 rex
749 627 932 678 duxerat,
961 628 1096 666 frater.
1135 628 1297 666 Ioannes
1316 627 1571 667 Thwroczius
1586 642 1622 667 c.
1630 630 1704 671 65:

241 692 340 723 tane
361 685 593 724 avunculus
612 683 768 722 domini
783 687 890 737 regis
912 685 1018 722 Bela
1037 687 1135 722 Ban
1150 686 1406 735 nominatus,
1432 684 1641 737 gloriosus
1657 687 1704 724 in

240 742 426 780 millibus
449 743 539 779 sais
559 743 716 780 irruens
735 756 852 793 super
869 743 1039 793 agmina
1065 743 1391 790 Teutonicorum,
1418 744 1705 793 percueait-eos

241 813 286 836 ex
320 798 491 836 adverso
516 800 719 850 graviter,
751 806 788 835 et
818 812 1028 850 magnam„
1045 805 1222 849 stragem
1240 799 1347 850 fecit
1368 800 1411 835 in
1435 798 1534 837 illis.
1589 797 1704 836 Belae

239 855 353 905 bani,
382 868 460 906 quo
490 854 657 893 ductore
673 855 888 897 Henricum
907 855 1096 894 Bavariae
1114 855 1254 892 ducem
1272 854 1379 893 fudit
1396 854 1533 904 Geiza,
1562 854 1705 892 memi-

239 925 336 950 nere
359 917 562 964 praeterea
587 911 695 949 Otho
716 911 885 962 Frising.
906 911 931 950 l.
957 915 977 952 1
1005 911 1054 949 de
1079 912 1186 952 Gest.
1207 911 1316 949 Frid.
1339 925 1374 952 e.
1392 914 1448 954 22
1470 917 1509 950 et
1527 910 1703 952 113113νὶ-

241 981 309 1007 cus
329 969 355 1007 l.
373 972 398 1011 3
420 982 452 1008 c.
473 971 539 1010 12.
598 968 828 1006 Guntherus
845 969 873 1010 l.
893 971 917 1010 6
936 967 1109 1018 Ligurini
1121 997 1132 1016 ‚
1163 967 1211 1006 de
1229 968 1341 1007 Bela:

458 1024 528 1061 hic
542 1023 709 1075 placido
730 1026 846 1062 cultu
860 1039 1037 1076 pueram
1055 1026 1304 1074 nutriverat,
1336 1031 1383 1062 ut
1403 1026 1477 1076 qai

448 1082 525 1121 'vir
541 1081 668 1119 bonu-s·
685 1080 921 1134 etqprudens
929 1110 942 1133 ,
972 1088 1009 1119 et
1030 1082 1258 1120 avunculus
1279 1088 1378 1120 esset
1393 1083 1567 1134 utrique.

239 1136 331 1177 vide
352 1141 489 1175 notata
506 1137 558 1175 ad
573 1151 613 1189 p.
631 1140 729 1180 221.

351 1239 390 1278 p.
403 1229 422 1268 1
432 1230 483 1269 17
496 1240 537 1269 v.
551 1230 619 1271 21.
662 1222 780 1276 οὗτος
795 1225 818 1269 o‘
829 1227 1023 1281 Βορίσης]
1045 1227 1139 1267 Fuit
1154 1228 1187 1266 is
1202 1228 1375 1267 Boritius
1388 1227 1589 1266 calamani
1604 1227 1705 1278 regis

239 1282 464 1334 Hungariae
489 1297 539 1322 ex
565 1284 665 1335 regis
692 1284 854 1323 Russiae
874 1284 955 1323 filia
985 1287 1127 1336 (quam
1143 1285 1185 1323 in
1204 1285 1399 1323 adulterio
1421 1283 1705 1336 deprehensam

238 1340 475 1378 Calamanus
510 1341 823 1393 repudiaverat)
867 1341 996 1392 filius,
1036 1342 1086 1380 ob
1118 1341 1239 1392 idque
1267 1355 1340 1392 pro
1367 1341 1502 1392 spurio
1530 1341 1704 1379 habitus.

238 1398 437 1435 exstincto
466 1397 667 1448 Stephano
701 1411 811 1449 rege,
844 1399 988 1448 fratre,
1018 1412 1108 1436 cum
1138 1398 1286 1436 frustra
1310 1404 1521 1450 pater-num
1536 1410 1709 1448 regnum,

235 1453 477 1504 repetiisset,
517 1455 900 1507 Constantinopolim
936 1455 1157 1506 profectus,
1196 1454 1522 1506 consanguineam
1546 1453 1704 1493 Ioannis

236 1509 332 1560 imp.
358 1509 474 1548 duxit
505 1510 547 1548 in
574 1525 754 1550 uxorem.
812 1512 1054 1550 Graecorum
1086 1511 1229 1549 exinde
1254 1518 1295 1549 et
1312 1512 1552 1549 Polonorum
1577 1511 1704 1549 fultus

239 1565 408 1615 auxilio,
443 1572 483 1603 et
513 1567 561 1604 ab
588 1568 740 1617 aliquot
765 1573 950 1607 evocatus
975 1568 1224 1619 proceribus,
1254 1567 1497 1619 Hungariam
1513 1580 1608 1605 cum
1628 1579 1703 1605 va-

235 1622 318 1660 lido
353 1623 533 1660 exercitu
563 1623 781 1674 ingressus,
812 1638 835 1661 a
861 1624 954 1661 Bela
982 1625 1105 1662 Caeco
1133 1637 1242 1675 rege,
1274 1629 1313 1662 et
1332 1623 1496 1662 Alberto
1513 1622 1704 1674 Leopoldi

234 1678 476 1716 marchionis
497 1679 679 1718 Austriae
698 1680 780 1718 filio
792 1709 803 1728 ‚
833 1680 946 1718 Belae
965 1681 1116 1718 sororio
1128 1710 1139 1730 ,
1169 1681 1280 1718 fusus
1303 1694 1349 1718 ac
1367 1681 1527 1731 fugatus
1546 1685 1626 1729 est,
1655 1685 1704 1717 ut

235 1735 417 1786 pluribus
450 1742 619 1775 narrant
645 1736 754 1775 Otho
774 1737 938 1787 Frising.
958 1737 984 1775 l.
1006 1740 1033 1778 7
1054 1736 1201 1775 Chron.
1223 1750 1258 1778 c..
1275 1740 1326 1778 21
1341 1765 1353 1786 ,
1379 1736 1637 1774 Thwroczius
1665 1740 1706 1773 et

235 1791 454 1832 Bonfinius.
524 1792 602 1831 hac
638 1799 798 1845 accepta
835 1794 945 1831 clade
973 1793 1147 1831 Boritius
1174 1807 1336 1832 rursum
1369 1793 1540 1831 Graecos
1571 1792 1615 1830 in
1640 1791 1704 1830 sui

237 1849 448 1897 auxilium,
478 1854 517 1887 et
535 1850 711 1889 Labeslai
730 1849 939 1888 Bohemiae
960 1850 1069 1888 ducis
1087 1851 1338 1898 interventu,
1367 1863 1496 1901 regem
1513 1848 1703 1888 Frederi—
1719 1889 1734 1894 5

236 1918 325 1942 cum
347 1905 509 1944 induxit
533 1909 580 1945 A.
606 1907 729 1950 1146.
770 1921 865 1945 mox
891 1913 1078 1959 percepto
1098 1906 1290 1945 Ludovici
1308 1907 1497 1945 Franciae
1515 1906 1615 1957 regis
1631 1917 1704 1957 per

231 1961 477 2012 Hungariam
501 1964 692 2012 transitu,
722 1964 766 2001 in
792 1963 897 2001 illius
921 1970 1051 2001 castra
1073 1964 1281 2012 concessit,
1313 1963 1563 2013 quorundam
1582 1962 1703 2000 Hun-

232 2030 418 2067 garorum
440 2020 610 2058 consiliis
630 2021 798 2069 accitus,
829 2020 896 2071 qui
915 2020 1029 2058 facile
1048 2021 1132 2058 sore
1150 2025 1198 2057 ut
1211 2020 1328 2058 multi
1342 2021 1383 2058 in
1401 2018 1602 2070 Hungaria
1619 2031 1704 2056 non

232 2073 420 2123 ignobiles
439 2089 461 2112 a
484 2076 602 2114 Geiza
623 2090 714 2128 rege
737 2077 788 2115 ad
809 2090 898 2115 eum
919 2077 1153 2125 deficerent,
1180 2076 1344 2128 polliciti
1363 2077 1535 2118 fuerant.
1592 2074 1702 2125 quod

234 2143 325 2167 cum
356 2130 408 2167 ad
433 2132 594 2170 Geizam
622 2135 818 2184 perlatum
849 2134 1005 2183 suisset,
1035 2134 1168 2172 statim
1194 2147 1215 2170 3
1240 2133 1442 2172 Ludovico
1469 2144 1540 2184 per
1554 2130 1702 2181 legatos

91 2192 121 2227 P
144 2191 212 2227 450
233 2185 428 2224 Boritium
446 2187 626 2226 vinctum
645 2191 718 2227 sibi
736 2190 844 2229 tradi
861 2190 1095 2241 postulavit,
1127 2190 1190 2228 cui
1212 2202 1445 2241 responsum
1462 2187 1633 2240 piissimo
1655 2201 1702 2224 ac

232 2241 556 2281 christianissimo
587 2245 765 2297 principe
800 2247 962 2297 dignum
992 2247 1102 2286 dedit
1126 2246 1372 2286 Ludovicus:
1402 2244 1567 2283 domum
1593 2245 1701 2295 regis·
1766 2290 1770 2293 ι

234 2313 316 2337 esse
350 2300 474 2351 quasi
505 2301 733 2352 ecclesiam,
768 2302 892 2352 pedes
920 2305 1006 2340 eius
1031 2304 1078 2353 *)
1108 2325 1165 2332 —
1194 2305 1318 2355 quasi
1349 2302 1502 2348 altare,
1532 2298 1701 2352 ideoque

233 2370 315 2394 non
348 2370 468 2406 posse
501 2371 541 2393 se
576 2356 738 2395 reddere
762 2360 946 2395 vinctum
974 2373 1084 2407 eum,
1128 2362 1205 2409 qui
1233 2359 1294 2397 ad
1316 2357 1481 2396 domum
1507 2357 1697 2408 regalem,

235 2414 360 2464 quasi
379 2411 438 2450 ad
455 2414 683 2463 ecclesiam,
714 2421 751 2451 et
773 2413 833 2451 ad
850 2413 972 2465 pedes·
996 2417 1102 2466 regi-5·
1117 2443 1132 2463 ,
1164 2416 1287 2465 quasi
1314 2413 1374 2451 ad
1392 2414 1526 2450 altare
1544 2427 1584 2450 se
1596 2427 1698 2464 pro-

233 2470 396 2509 stravit.
452 2469 509 2506 ita
537 2469 793 2508 Thwroczius
823 2476 862 2508 et
891 2470 1094 2509 Bonfinius
1126 2470 1207 2508 dec.
1230 2473 1258 2512 2
1281 2469 1306 2511 l.
1325 2473 1362 2512 6.
1415 2469 1504 2507 Odo
1527 2482 1623 2508 vero
1647 2469 1698 2508 de

234 2525 386 2575 Diogilo
402 2525 429 2564 l.
449 2529 476 2567 2
505 2533 705 2576 extremo,
737 2528 792 2565 ait
817 2539 861 2565 re
891 2527 933 2564 in
965 2527 1171 2566 consilium
1203 2526 1390 2564 adducta:
1421 2528 1626 2577 episcopo-5·
1658 2532 1696 2563 et

235 2583 447 2632 optimates
479 2581 667 2622 discussa
696 2586 852 2621 ratione
877 2583 1102 2629 iudicasse,
1134 2590 1180 2621 ut
1207 2597 1274 2620 rex
1294 2584 1382 2633 regi
1394 2596 1539 2632 pacem
1562 2595 1698 2622 serva-

235 2644 315 2686 ret,
345 2645 381 2674 et
401 2639 488 2675 viro
509 2641 656 2691 nobili,
687 2642 779 2678 licet
799 2648 938 2692 capto,
968 2642 1098 2678 vitam
1113 2646 1306 2688 servaret,
1337 2641 1436 2690 quia
1452 2639 1583 2678 scelus
1597 2645 1698 2678 esset

325 2759 370 2802 ²⁰¹)
403 2760 473 2793 Leo
499 2763 534 2794 et
558 2761 715 2796 Anthem.
737 2762 830 2796 NoV.
848 2761 890 2795 de
904 2761 1038 2798 Mulier.
1054 2769 1141 2806 quae
1156 2771 1194 2794 se
1210 2759 1317 2795 servis
1331 2760 1476 2806 propriis
1492 2764 1577 2796 eta:
1601 2760 1696 2795 Iulia

234 2806 404 2850 quaedam
428 2817 544 2850 preces
568 2808 695 2840 nostris
710 2809 836 2850 fundit
856 2808 1028 2841 altaribus
1041 2832 1050 2848 ,
1073 2806 1256 2841 adstruens
1276 2810 1342 2842 etc.
1390 2807 1476 2842 adde
1491 2807 1513 2841 l.
1529 2809 1551 2843 7
1567 2806 1607 2844 C.
1624 2806 1695 2841 Th.

234 2853 278 2886 de
301 2852 403 2886 locat.
419 2851 552 2886 fundor.
569 2851 591 2886 l.
608 2854 630 2887 6
647 2853 687 2888 C.
703 2853 770 2887 Th.
788 2854 830 2887 de
846 2852 1035 2888 relationib.
1084 2852 1122 2887 S.
1149 2851 1302 2888 Thomae
1324 2852 1438 2899 Epist.
1456 2856 1492 2889 et
1509 2853 1596 2889 Acta
1609 2852 1692 2888 Ale-

234 2897 355 2933 xandri
369 2897 428 2933 111.
444 2909 502 2944 pp.
517 2897 607 2944 apud
621 2899 747 2934 Baron.
764 2900 806 2934 A.
826 2899 914 2934 1168
931 2898 1031 2934 1169.
