1878 3262
536 632 990 693 CORNELI
1047 629 1368 689 TOLLI

919 755 988 790 IN

222 847 849 918 IOANNEM
940 845 1683 918 CINNAMUM

689 989 735 1035 N
806 985 854 1034 o
926 987 971 1033 T
1041 987 1086 1035 A
1153 985 1209 1036 E.

221 1208 289 1275 P.
308 1232 335 1275 4
354 1248 391 1274 v.
410 1237 479 1277 21.
537 1252 646 1285 οπως
675 1235 827 1286 ἐκεῖνος
853 1233 1080 1293 Νικηφόρῳ
1104 1234 1321 1289 ἐπανέστη]
1351 1236 1543 1289 iutelligit
1568 1235 1687 1275 Nice-

221 1292 395 1344 ph01um
428 1293 694 1344 Botaniatem,
734 1294 801 1332 cui
833 1294 1047 1347 imperium
1079 1294 1229 1347 eripuit
1260 1295 1439 1334 Alexius.
1497 1294 1614 1345 vide,
1651 1293 1688 1333 si

220 1349 353 1399 lubet,
376 1350 583 1388 Zonaram.

335 1419 375 1457 p.
396 1405 421 1446 5
442 1419 480 1444 v.
502 1409 539 1448 3.
599 1422 653 1458 μη
670 1404 770 1459 πρός
789 1402 1009 1458 απέχθειαν
1029 1405 1167 1460 ἐκείνῳ
1189 1403 1522 1461 συγγεγραφόσιν]
1547 1406 1687 1458 Appo-

222 1461 298 1500 site
326 1461 367 1499 in
392 1461 496 1499 hanc
521 1469 691 1500 mentem
722 1463 881 1501 Tacitus
907 1462 1073 1502 historia
1100 1464 1250 1516 prima:
1284 1465 1387 1502 milli
1415 1465 1553 1503 Galba
1580 1463 1686 1502 Otho

228 1519 424 1558 Vitellius
443 1533 513 1555 nec
533 1519 718 1570 beneficio
742 1534 812 1557 nec
833 1521 993 1557 iniuria
1018 1522 1184 1571 cogniti.
1243 1519 1487 1573 dignitatem
1504 1528 1687 1559 nostram

222 1589 250 1613 α
272 1576 314 1614 V
309 1577 524 1626 espa-siano
545 1576 798 1624 inchoatam,
828 1590 856 1613 α
883 1578 968 1614 Tito
992 1584 1179 1625 auctam,
1209 1590 1237 1614 α
1255 1580 1498 1616 Domitiano
1519 1578 1687 1629 longius·

214 1639 451 1683 provectam
482 1646 562 1669 non
593 1633 827 1671 almuerim:
854 1633 928 1671 sed
953 1635 1230 1685 incorruptam
1243 1634 1374 1686 fidem
1388 1635 1589 1687 professis
1615 1647 1688 1672 nec

223 1702 358 1727 amore
377 1690 617 1740 quisquam,
648 1697 683 1726 et
704 1691 791 1727 sine
812 1689 926 1739 odio,
957 1689 1154 1728 dicendus
1173 1698 1243 1730 eat.

336 1747 451 1795 p.12
470 1759 507 1783 v·
530 1749 595 1787 13.
656 1744 722 1786 διοὶ
750 1749 820 1798 τῆς
847 1743 994 1799 ἀγορᾶς
1021 1742 1119 1800 ἦγεν
1143 1745 1226 1802 ὄνῳ
1248 1746 1419 1799 ἔποχον]
1455 1746 1688 1786 Constanti-

222 1815 297 1839 nus
315 1801 611 1852 Copionymus‚
637 1803 778 1840 Leonis
794 1804 960 1841 Isaurici
979 1803 1109 1852 filius,
1137 1805 1268 1842 occiso
1288 1805 1540 1843 Artavasdo'
1527 1802 1687 1855 imperii

225 1857 403 1905 aemulo,
446 1858 581 1895 eodem
613 1859 852 1909 ignominiae
886 1873 932 1897 ac
962 1861 1150 1911 supplicii
1182 1873 1322 1909 genere
1348 1860 1482 1898 affecit
1508 1859 1687 1911 patriar-

223 1913 339 1951 cham
373 1914 877 1966 Constantinopolitanum3
907 1923 1044 1968 postea
1071 1916 1264 1968 pristinae
1293 1930 1383 1955 eum
1413 1916 1598 1967 dignitati
1619 1928 1687 1954 re·-

222 1969 365 2010 stituit.

336 2039 376 2077 p-
403 2029 454 2067 13
479 2039 519 2064 v·
545 2028 607 2067 18.
667 2022 726 2068 δι’
747 2025 934 2077 ὖποψίας
957 2027 1054 2076 ἴσως
1076 2027 1339 2080 παραίτησιν]
1370 2028 1548 2066 Meminit
1568 2033 1608 2066 et
1629 2026 1687 2065 si-

223 2081 330 2120 milis
350 2082 390 2119 in
409 2081 613 2134 triumpho
635 2097 776 2122 currus
795 2084 899 2121 infra
921 2084 1175 2134 eiusdemque
1197 2085 1401 2123 civilitatis
1422 2085 1467 2122 in
1485 2085 1684 2124 Manuele.

224 2145 398 2176 ceterum
422 2139 531 2189 quod
550 2140 598 2178 de
619 2154 734 2179 cruce
754 2141 833 2177 lata
856 2140 931 2188 ait,
960 2141 1001 2178 in
1018 2140 1299 2192 superstitione
1320 2141 1361 2179 id
1380 2141 1686 2192 imperatoribus

222 2195 455 2246 Byzantinis
469 2224 479 2243 ,
510 2196 578 2246 qui
601 2211 675 2249 pro
696 2197 851 2236 victrici
872 2197 987 2235 lauro
1001 2227 1014 2248 ,
1044 2210 1203 2236 crucem
1223 2197 1371 2236 Christi
1394 2196 1687 2251 triumphantes

224 2252 565 2290 circumferebant.

336 2322 375 2359 p.
399 2312 450 2350 16
472 2321 510 2347 v.
530 2311 598 2350 21.
655 2311 712 2365 τῷ
729 2305 874 2360 κόμητι
895 2305 1099 2361 Πετούης]
1130 2308 1278 2347 Latinis
1301 2309 1522 2359 pictaviae,
1555 2310 1606 2349 ad
1627 2309 1686 2349 si-

223 2377 320 2401 num
349 2365 634 2404 Hadriaticum.
690 2366 830 2404 scribit
855 2366 997 2417 Tyrius
1022 2367 1050 2404 l.
1076 2367 1126 2408 14
1150 2380 1184 2407 c.
1204 2370 1253 2416 9,
1283 2367 1551 2406 Raimundum
1575 2367 1685 2405 hunc

223 2419 348 2458 filium
368 2421 487 2459 fuisse
509 2422 693 2460 Gulielmi
715 2422 1017 2460 pictaviensium
1043 2423 1224 2472 comifis3
1255 2424 1417 2461 fratrem
1438 2423 1686 2475 primogeni—

226 2482 336 2525 tum,
368 2477 543 2515 eiusdem
576 2492 665 2517 cum
695 2485 807 2530 patre
834 2479 1026 2526 nominis,
1055 2480 1289 2531 Aquitaniae
1318 2480 1403 2518 iure
1423 2480 1684 2520 haereditario

225 2531 459 2584 imperasse,
495 2536 627 2586 ipsum
666 2535 934 2574 Raimundum
971 2536 1161 2575 militasse
1195 2536 1268 2575 sub
1305 2536 1477 2575 Hem-ico
1516 2537 1684 2587 seniore,

225 2588 388 2640 Angliae
412 2603 514 2640 rege.

340 2659 380 2696 P·
399 2650 453 2689 20
474 2659 514 2686 V.
540 2649 604 2688 13.
664 2663 713 2687 ου
747 2645 772 2688 ὅ
802 2646 846 2687 ἐν
876 2648 1080 2700 βασιλεῦσί
1108 2660 1234 2697 φασιν
1260 2642 1483 2697 απόστολος
1506 2648 1685 2701 ἐφιλοτε-

226 2697 398 2751 χνήσατο
422 2703 763 2768 ,Κωνσταντῖνιοῄ
794 2705 958 2742 Crucem
987 2704 1076 2743 fixit
1104 2704 1199 2742 mihi
1229 2703 1296 2743 hic
1326 2706 1375 2744 de
1406 2719 1526 2745 cruce
1555 2707 1682 2755 locus,

227 2756 319 2807 quia
343 2758 452 2796 miris
480 2759 696 2798 ductibus
684 2774 726 2798 m
745 2762 892 2813 scripto
919 2762 1053 2800 codice
1082 2774 1312 2813 expressum
1331 2768 1415 2801 erat
1434 2761 1684 2801 Constantini

226 2825 386 2851 nomen.
442 2817 599 2854 tandem
627 2817 795 2856 illustris
826 2818 912 2867 vir,
945 2818 1068 2856 David
1097 2818 1353 2868 Blondellus,
1381 2826 1500 2870 atque
1526 2819 1612 2870 ipse
1640 2818 1684 2855 in

228 2869 483 2920 sequentibus
506 2871 741 2925 Cinnamus,
769 2874 961 2916 iuverunt
987 2875 1216 2916 haerentem
1239 2876 1481 2930 penitusque
1511 2874 1686 2916 extrica-
