1878 3262
380 191 440 235 IN
458 189 773 234 HISTORIAM
789 188 1018 233 IOANNIS
1038 184 1270 233 CINNAMI
1287 188 1488 232 NOTAE.
1565 187 1662 234 381

201 307 359 354 neptem
378 300 496 339 duxit
521 299 624 338 circa
645 298 693 337 A.
715 301 842 347 1167,
870 297 932 337 uti
956 303 1126 337 narrant
1141 297 1285 349 Tyrius
1308 296 1335 336 l.
1353 300 1408 339 20
1429 311 1462 337 c.
1486 300 1508 339 1
1535 302 1577 336 et
1595 295 1663 347 24,

199 359 396 397 Robertus
415 358 464 396 de
485 357 618 395 Monte
640 355 719 394 hoc
740 354 786 395 Δ.

310 429 351 467 p.
371 418 454 457 237
474 428 511 453 v.
533 417 596 456 13.
652 411 744 463 περὶ
758 408 1022 462 Ἀντιοχείας]
1052 409 1285 449 Βοὲωιιηᾱο
1303 410 1357 448 111
1378 408 1510 448 adhuc
1529 409 1665 460 impu-

198 473 290 511 bere
321 477 362 510 et
390 471 569 510 Renaldo
599 470 775 522 principe
804 481 826 505 a
849 468 1054 505 Saracenis
1074 474 1214 519 capto,
1240 466 1475 505 Antiocheni
1501 466 1668 504 Baldui-

198 543 293 567 num
311 529 364 566 ΙΙΙ
394 529 434 566 in
453 529 563 566 urbis
585 533 625 565 et
642 526 890 578 principatus
922 524 1168 562 defensorem
1206 530 1499 576 assumpserant
1528 529 1668 562 contra

196 585 484 625 invalescentes
502 587 738 632 Saracenos,
766 582 918 621 viribus
939 587 1167 618 nostrorum
1188 587 1250 618 tot
1271 581 1447 620 cladibus
1462 581 1609 620 accisis.

310 656 350 694 p-
369 646 451 684 238
471 656 509 683 v.
530 644 569 682 8.
630 639 861 694 Ζευγμίνῳ]
892 638 936 678 V.
956 638 1077 675 Nicet.
1097 637 1121 674 l.
1141 637 1166 678 4
1187 651 1227 675 n.
1252 642 1289 679 3.

311 713 351 750 p.
371 702 453 740 239
476 712 516 737 V.
545 700 607 739 13.
638 699 837 750 σκευαστῷ
860 693 983 748 πυρὶ]
1013 694 1096 745 [gni
1120 694 1296 743 Graeco,
1327 694 1395 744 qui
1424 693 1571 732 nostris
1585 693 1667 745 fi’u

198 753 397 807 d'artcflce
417 754 564 793 dicitur
578 783 589 804 ‚
619 751 909 805 ἐσκευασμένον
930 754 1012 803 πῦρ
1034 751 1155 789 Leoni
1172 751 1214 788 in
1238 752 1350 788 Tact.
1371 765 1403 789 c.
1425 753 1477 792 19
1496 765 1535 788 n.
1551 753 1589 791 6.

309 826 350 854 v.
371 815 434 854 17.
493 807 760 865 δηλητήριον]
791 810 951 847 Veneno
979 809 1172 846 interiisse
1197 807 1443 858 Stephanum
1472 807 1665 844 seniorem

196 869 331 907 scribit
353 869 468 906 etiam
491 869 665 917 Nicetes,
696 867 952 905 Thwroczius
968 865 1011 902 in
1031 864 1178 918 oppido
1200 864 1359 902 Zemlen
1382 864 1520 902 obiisse
1537 863 1664 902 tradit

195 924 241 964 A.
267 926 372 966 dom.
398 928 505 967 1173
526 925 584 963 Id.
604 924 725 976 April.
750 924 818 961 fer.
842 924 868 966 5
888 928 928 960 et
948 922 1070 961 Albae
1088 922 1300 972 sepultum.

307 996 346 1033 p.
370 982 454 1023 246
480 995 516 1020 v.
536 983 577 1024 5.
636 978 787 1021 σποδόν
807 995 848 1020 τε
868 978 1064 1031 κατέσειε]
1094 979 1303 1018 Pulverem
1321 978 1542 1029 dispergere
1558 978 1662 1015 forte

193 1039 387 1090 pertinuit
409 1038 461 1075 ad
487 1038 807 1090 τεφραμαντείαν
835 1049 903 1075 seu
936 1037 1274 1088 σποόομαντείαν,
1318 1035 1367 1073 de
1399 1048 1477 1085 qua
1507 1034 1662 1072 Delrius

194 1096 220 1133 l.
241 1096 268 1136 4
297 1095 464 1144 DisquiS.
496 1094 677 1145 Magicar.
700 1099 848 1144 quaest.
868 1097 895 1134 7
922 1099 1015 1133 sect.
1041 1098 1077 1134 1.
1118 1106 1212 1130 nam
1242 1092 1383 1130 mulier
1413 1092 1480 1129 illa
1503 1091 1663 1142 magicis
1685 1094 1715 1128 P
1737 1093 1804 1128 481

193 1151 527 1190 incantationibus
546 1151 767 1195 obsidentes
793 1150 949 1188 irretire
980 1150 1211 1187 conabatur.
1271 1161 1344 1186 nec
1369 1148 1449 1186 scio
1470 1162 1522 1186 an
1542 1148 1664 1187 etiam

192 1221 239 1247 eo
261 1214 412 1260 spectet
442 1222 475 1246 c.
494 1211 548 1249 27
579 1207 794 1246 additionis
816 1211 842 1248 2
863 1206 916 1243 ad
935 1206 1059 1257 Capit.
1082 1206 1212 1244 Caroli
1231 1205 1284 1245 M.
1305 1206 1330 1244 l.
1351 1206 1404 1247 4:
1463 1204 1511 1242 de
1528 1205 1663 1243 homi-

193 1265 316 1303 cidiis
326 1267 459 1316 factis
474 1279 580 1303 anno
593 1266 800 1316 praesenti
814 1266 918 1300 inter
935 1264 1126 1314 vulgares
1144 1263 1326 1300 homine-5·
1353 1263 1478 1314 quasi
1493 1270 1662 1314 propter

187 1323 395 1374 pulverem
413 1323 636 1359 mortalem.
693 1322 763 1359 ubi
777 1327 942 1372 propter
957 1319 1064 1357 idem
1080 1319 1186 1358 valet
1207 1333 1252 1357 ac
1266 1334 1350 1370 per,
1382 1319 1438 1356 ita
1458 1325 1506 1357 ut
1523 1319 1662 1356 lzomi-

193 1378 304 1417 cidia
321 1381 442 1429 facta
458 1393 530 1429 per
539 1379 749 1430 pulverem
769 1378 977 1414 mortalem
999 1390 1069 1414 seu
1089 1389 1160 1428 per
1180 1377 1497 1429 τεφραμαντείαν
1515 1376 1663 1414 intelli-

192 1442 348 1486 gantur.
406 1436 477 1473 sed
510 1435 731 1473 cuiusmodi
762 1447 829 1472 eae
858 1434 1006 1472 suerint
1033 1434 1321 1472 incantationes
1353 1446 1399 1470 ea
1429 1438 1559 1471 aetate
1590 1446 1663 1484 per

190 1493 418 1544 pulverem,
449 1491 558 1529 haud
576 1498 749 1530 constat:
778 1505 871 1529 nam
889 1504 990 1541 quae
1010 1491 1148 1529 scribit
1168 1491 1334 1541 Delrius‚
1361 1490 1454 1527 huic
1475 1490 1564 1528 loco
1584 1490 1663 1527 mi-

190 1550 296 1587 nime
318 1549 571 1588 conveniunt.
628 1549 726 1599 quid
745 1548 776 1585 si
797 1548 941 1585 mulier
962 1548 1038 1585 ista
1057 1547 1262 1598 pulverem
1280 1546 1446 1598 pedibus
1466 1547 1508 1584 in
1530 1545 1664 1584 hostes

190 1607 418 1645 excutiebat
443 1606 484 1643 in
505 1619 642 1644 eorum
659 1605 962 1656 contemptum?
1008 1599 1195 1656 vpulveris
1217 1605 1319 1642 enim
1338 1604 1530 1652 excussio,
1562 1617 1663 1641 con-

190 1669 364 1715 temptus
378 1676 447 1700 seu
463 1663 596 1714 potius
615 1662 875 1700 abdicationis
896 1667 936 1699 et
953 1661 1370 1699 excommunicationis
1387 1667 1663 1711 argumentum

190 1721 267 1758 suit
286 1733 336 1757 ex
357 1720 404 1757 iis
424 1732 522 1769 quae
541 1719 742 1757 habentur
770 1718 911 1756 Matth.
937 1722 988 1760 10
1008 1724 1048 1756 et
1067 1718 1187 1755 Marc.
1212 1722 1251 1760 6.
1282 1718 1514 1756 Guillelmus
1533 1717 1662 1755 Abbas

190 1778 228 1814 S.
247 1775 444 1813 Theodor.
465 1776 508 1813 in
527 1776 617 1814 Vita
634 1777 675 1814 S.
694 1776 813 1815 Bern.
832 1775 857 1816 l,
879 1778 906 1815 2
926 1788 958 1811 c.
978 1779 1021 1816 8:
1066 1774 1134 1811 hie
1154 1775 1364 1825 (Eugenius
1386 1775 1437 1813 IV
1455 1775 1538 1825 pp.)
1556 1773 1662 1811 sedi-

191 1835 299 1870 tione
315 1840 405 1869 orta
422 1833 464 1868 in
475 1833 628 1883 populo
638 1833 850 1883 pulverem
861 1830 1015 1881 pedum
1028 1832 1070 1868 in
1082 1832 1292 1882 litigantes
1310 1833 1497 1879 excussit,
1515 1838 1551 1867 et
1568 1830 1662 1867 reli-

191 1891 268 1927 ctis
280 1891 337 1926 eis
352 1891 394 1926 in
407 1889 626 1926 Franciam
643 1891 761 1926 venit.
782 1889 838 1926 ita
847 1887 1090 1925 Humbertus
1104 1888 1308 1939 episcopus
1317 1887 1447 1926 Silvae
1459 1886 1658 1924 candidae

190 1945 402 1984 cardinalis
418 1950 458 1983 et
477 1945 542 1982 alii
558 1944 739 1982 ecclesiae
761 1946 962 1982 Romanae
980 1943 1283 1995 archiepiscopi,
1320 1957 1410 1981 cum
1437 1943 1658 1995 imperante

189 2003 447 2041 Constantino
476 2001 739 2040 Monomacho
770 2002 882 2052 Cpoli
905 2004 946 2038 in
976 2001 1135 2038 ecclesia
1161 2002 1198 2039 S.
1226 1999 1396 2051 Sophiae
1422 2001 1657 2039 sententiam

187 2059 605 2098 excommunicationis
624 2059 667 2096 in
688 2057 915 2096 Michaelem
934 2057 1199 2108 patriarcham
1221 2064 1262 2095 et
1282 2057 1364 2094 eius
1383 2069 1566 2108 sequaces
1585 2071 1656 2096 su-

186 2128 259 2169 per
281 2117 393 2154 altari
414 2118 636 2166 posuissent
655 2121 858 2167 praesente
885 2115 989 2152 clero
1010 2120 1050 2152 et
1066 2114 1235 2166 populo,
1267 2113 1362 2151 inde
1387 2128 1479 2152 mox
1503 2117 1654 2166 egressi
1720 2107 1723 2112 ¹

187 2176 310 2211 etiam
322 2174 532 2224 pulverem
547 2171 702 2224 pedum
720 2185 890 2209 suorum
910 2186 1111 2209 excussere
1130 2173 1173 2209 in
1192 2173 1468 2209 testimonium
1486 2172 1574 2208 illis
1592 2170 1654 2209 di..

189 2239 297 2268 ctum
318 2231 517 2282 evangelii
533 2230 856 2281 proclamantes.-
877 2228 1016 2268 videat
1035 2228 1133 2267 deus
1155 2235 1191 2266 et
1209 2227 1372 2267 iudicet.
1406 2242 1444 2268 v.
1466 2228 1655 2281 Pachym.

188 2287 216 2327 1.
236 2292 265 2331 2
283 2300 316 2325 c.
341 2290 407 2329 17.
648 2324 651 2326 ,

301 2357 342 2385 v.
367 2347 406 2386 7.
463 2339 782 2394 ὖποψοῖλλουσα]
808 2342 901 2380 Vox
934 2341 1092 2393 magicis
1117 2341 1454 2380 incantationibus
1481 2341 1659 2392 propria.

131 2422 137 2425 ·
187 2401 367 2452 venefici,
399 2401 475 2452 qui
490 2402 665 2451 magicis
685 2400 868 2436 susurris
887 2413 958 2436 seu
982 2399 1233 2437 carminibus·
1250 2399 1431 2436 homine-s·
1454 2398 1658 2449 occidant,

190 2455 231 2508 §2
251 2457 276 2498 5
305 2458 397 2495 Inst.
428 2456 477 2494 de
495 2457 642 2497 Public.
669 2455 788 2494 indic.
817 2456 991 2494 Iulianus
1022 2455 1254 2494 Antecessor
1278 2456 1408 2492 const.
1437 2457 1518 2496 107
1542 2453 1587 2506 §.
1614 2456 1655 2498 5.

188 2515 225 2551 si
253 2515 414 2551 venenis
443 2522 519 2551 aut
539 2515 725 2552 susurris·
743 2515 915 2564 magicis
932 2515 1040 2551 vitae
1061 2526 1197 2550 eorum
1217 2510 1522 2551 insidiarentur.
1574 2513 1658 2550 Ζο-

191 2575 390 2608 roastraei
415 2574 581 2609 susurri
610 2570 717 2622 apud
740 2570 1002 2608 Prudentium
1024 2570 1216 2608 adversus
1234 2568 1422 2607 Iudaeos:
1450 2570 1658 2619 magicum

190 2640 448 2666 susurramen
471 2629 578 2680 apud
600 2627 810 2679 Apuleium
827 2626 983 2665 Metam.
1004 2626 1030 2665 l.
1051 2630 1086 2667 1.
1136 2626 1203 2664 lex
1223 2625 1250 2667 5
1269 2626 1309 2665 C.
1333 2625 1487 2664 Theod.
1514 2625 1564 2663 de
1585 2625 1656 2663 In-

192 2681 298 2733 dulg.
316 2685 487 2724 crimin:
518 2688 592 2737 qui
608 2686 742 2723 noxiis
762 2686 950 2736 quaesita
963 2683 1225 2736 graminibus·
1238 2690 1275 2720 et
1292 2681 1398 2720 diris
1416 2684 1656 2721 immurmu-

191 2746 287 2776 rata
303 2743 460 2778 secreti-s·
478 2744 623 2780 menti-9
641 2749 678 2779 et
694 2743 874 2793 corporis
895 2755 1044 2779 venena
1065 2741 1299 2792 composuit.
1328 2738 1428 2778 Acta
1449 2741 1488 2779 S.
1509 2737 1655 2790 Thyrsi

192 2809 224 2834 c.
242 2794 268 2836 5
287 2809 326 2833 n.
348 2798 423 2843 29:
459 2799 558 2836 aliis
582 2801 692 2837 circa
715 2799 891 2836 membra
912 2812 1046 2836 eorum
1067 2799 1252 2836 carmina
1271 2799 1654 2846 incantamentaqae

190 2853 551 2893 murmurantibus.
607 2869 729 2907 porro
750 2855 847 2907 quid
865 2855 991 2895 simile
1007 2860 1194 2896 narratur
1213 2868 1236 2893 a
1256 2853 1482 2893 Raimundo
1500 2852 1550 2891 de
1564 2850 1653 2903 Agi-
