1878 3262
350 207 408 250 IN
444 206 731 249 DESCRIPT.
769 205 1416 252 CONSTANTINOPOLEOS.
1522 206 1618 252 189

146 316 268 358 δοκεῖ,
294 310 418 371 ωσπερ
439 313 610 350 ἐνταῦθα
631 315 699 370 τῆς
717 309 842 370 όψεως
864 310 923 349 ἀεὶ
943 311 1174 370 ἀρχομένης.
1209 311 1347 350 τούτου
1364 313 1479 371 κόριον
1494 310 1621 355 ου’δεὶς

144 363 212 397 τοῦ
239 359 432 419 θεάματος
464 360 571 418 ε’λαβε
598 359 769 416 πώποτε,
804 356 898 395 ἄλλα
922 359 1110 417 παρόντες
1136 358 1225 416 μὲν,
1228 361 1281 407 τῷ
1305 360 1391 407 ἱερῷ
1412 362 1619 418 ανθρωποι

142 411 224 449 τοῖς
241 405 443 464 ὁρωμένοις
459 407 681 453 γεγήθασιν.
705 389 877 445 ἀπιόντες
897 404 938 440 δὲ
957 409 1038 447 τοῖς
1058 404 1153 461 ’ὑπὲρ
1175 395 1294 441 αὐτοῦ
1314 396 1503 463 διαλόγοις
1522 404 1620 442 ἄπο-

144 452 400 510 σεμνύνονται.
455 455 605 489 Michael
634 454 768 488 Psellus
794 453 830 487 in
848 453 1038 488 Monodia:
1075 449 1143 487 τόν
1160 454 1371 509 περικαλλῆ
1394 451 1509 509 ναόν,
1548 451 1619 488 τὸν

143 497 367 557 ἀσύγκριτον
386 497 510 557 οἶκον,
536 496 582 536 ὃν
600 497 836 543 ω’κοδόμησεν
851 496 875 543 ἦ
895 499 1026 543 Σοφία
1044 497 1105 533 ἐπὶ
1124 499 1176 545 τῷ
1194 495 1371 543 ἓαυτῆς’
1349 497 1531 544 ονόματι,
1555 498 1620 535 καὶ

142 558 187 581 ου
207 557 384 603 υπηρεισε,
405 559 498 587 τους
525 544 621 581 ἑπτα
638 544 793 585 στύλους
812 541 983 585 ἐκείνους.
1030 533 1254 602 Nicephorus
1266 546 1352 580 Call.
1367 546 1403 580 in
1418 545 1618 580 Prooemio:

140 591 184 628 τὸ
207 591 458 649 οἷπερινόητον
485 592 548 627 καὶ
577 590 771 650 ἀμήχανον
793 589 928 649 ἔργον,
952 589 997 626 τὸ
1023 603 1188 651 αρρητον
1206 589 1364 648 κάλλος,
1396 590 1468 648 τὴν
1489 589 1620 626 εἰκόνα

140 639 207 696 τῆς
238 635 366 674 α”ιδίου
396 636 535 695 αυλῆς,
568 637 612 673 τὸ
641 636 769 673 κοινὸν
797 635 1034 681 ανθρώπων,
1070 637 1163 672 εἴπω
1190 634 1230 672 δ’
1258 650 1319 672 οτι
1348 637 1412 672 καὶ
1441 635 1619 694 αγγέλων,

139 683 359 741 ἐντρύφημα
379 684 441 720 καὶ
459 684 653 730 ωραΐσμα,
684 682 728 719 τό
755 684 822 728 τῆς
845 684 915 718 τοῦ
939 684 1036 718 θεον
1063 680 1174 739 λόγου
1197 684 1346 728 Σοφίας
1365 685 1475 718 θεῖον
1499 680 1619 724 ὄντως

140 730 231 776 λέγω
262 729 485 787 ἀνάκτορον.
532 730 873 765 cantacuzenus1.4
890 742 920 764 c.
938 730 978 765 4:
1005 726 1026 764 ὁ
1052 742 1142 784 γαρ
1145 741 1205 764 τοι
1236 730 1306 775 τῆς
1326 730 1496 787 Σοφίας,
1529 728 1618 764 κοίλ-

139 779 194 812 λει
208 789 247 812 τε
265 777 327 812 καὶ
345 775 494 834 μεγέθει
513 775 604 817 τοὺς
621 774 842 834 απανταχοῦ
858 776 993 820 νικῶν,
1017 775 1081 809 καὶ
1109 771 1233 820 ω’σπερ
1257 789 1294 810 τι
1320 774 1449 812 κοινὸν
1469 773 1619 821 ἄγαλμα

137 836 207 904 {24³
217 820 643 926 ᾗῗὲαᾷῗῖοὲἴίᾖένέῗί.
645 820 808 903 ωἷηίἒέζ
821 821 1618 923 {hilm0²⁷}{ffssffssssssffliffffssssfflf5⁵32}

137 914 250 971 λόγου
281 916 431 971 Σοφίας
459 914 770 972 ἄνοικοδομηθεὶς
795 912 909 958 ναός,
944 913 1008 948 καὶ
1039 911 1191 957 τέμενος
1208 914 1286 968 τῆς
1320 882 1428 958 αγῗας
1459 913 1617 957 τριάδος

138 959 432 1018 ὀνομαζόμενος,
467 961 530 997 καὶ
553 960 691 1006 μεγαλη
723 958 913 1018 ἐκκλησία,
947 959 1009 994 καὶ
1038 958 1107 994 νέα
1138 957 1261 1015 Σιών,
1298 959 1458 1004 σημερόν
1490 958 1618 1006 βωμός

137 1006 362 1054 βαρβάρων,
386 1007 450 1043 καὶ
469 1006 571 1048 οἶκος
591 1008 658 1042 τοῦ
678 1005 853 1050 ,Μωαμεθ
871 987 1058 1062 ἐπεκλήθη
1076 1005 1139 1040 καὶ
1157 987 1318 1063 γέγονεν.
1342 1006 1483 1040 Μιιιιιιόἰ
1493 1006 1616 1062 Chry-

135 1055 267 1089 soloras
299 1066 333 1100 p.
369 1056 452 1089 122·
489 1051 583 1089 ἄλλα
603 1052 698 1093 ναὸς
723 1050 883 1108 ἐκεῖνος,
909 1065 949 1110 ῳ
973 1053 1097 1092 καλῶς
1119 1052 1240 1086 ποιῶν
1272 1050 1414 1092 εκεῖνος
1441 1063 1613 1096 τουνομοι

134 1101 202 1145 τῆς
227 1101 295 1135 τοῦ
328 1101 426 1135 θεοῦ
453 1100 605 1144 Σοφίας
633 1096 845 1154 ἐπεφήμησε
869 1097 982 1156 (εστι
1013 1097 1086 1143 γὰρ
1120 1110 1241 1137 οντως
1265 1095 1335 1132 οὐκ
1366 1095 1613 1155 ἀνθρωπίνης

134 1147 275 1205 σοφίας
291 1145 439 1202 ἔργον),
477 1147 562 1181 τίνα
587 1143 720 1181 ἰδόντα
745 1143 845 1180 ἐάσει
866 1143 974 1189 ετεροι
991 1145 1060 1179 τοῦ
1079 1144 1212 1178 λοιποῦ
1235 1141 1375 1188 λέγειν,
1410 1141 1433 1188 ἢ
1456 1142 1612 1188 θαυμά-

134 1189 275 1235 ζειν,
299 1191 435 1248 ἑτέρων
453 1193 522 1227 τοῦ
544 1193 676 1226 λοιποῦ
696 1191 908 1235 μεμνῆσθαι
930 1197 998 1225 etc.
1043 1190 1196 1224 Historia
1214 1190 1362 1224 Politica
1382 1202 1416 1236 p.
1443 1192 1503 1225 12:
1528 1191 1612 1230 πῶς

133 1239 364 1294 κατεδεξατο
383 1236 406 1282 ἡ
430 1235 491 1272 ἐπ’
519 1236 676 1294 ὀνόματι
704 1238 774 1272 τοῦ
806 1237 902 1271 θεοῦ
927 1234 1057 1292 λόγου
1069 1237 1261 1271 κτισθεῖσα
1291 1234 1381 1292 αγία
1399 1236 1555 1292 Σοφία,
1586 1233 1607 1271 ὁ

132 1282 290 1342 ἐπίγειος
317 1280 502 1339 ουρανός,
533 1281 556 1328 ἡ
577 1282 644 1318 νέα
663 1281 785 1326 Σιιόν,
815 1279 864 1328 ἣν
884 1281 1015 1340 επηξεν
1038 1279 1058 1318 ὁ
1081 1281 1210 1323 κύριος
1226 1281 1290 1317 καὶ
1305 1280 1375 1317 ουίι
1392 1278 1611 1338 ἅνθρωπος,

133 1330 176 1366 τὸ
194 1329 365 1386 καύχημα
382 1328 505 1374 πάσης
523 1330 590 1375 τῆς
610 1328 848 1374 οἰκουμένης,
872 1328 914 1366 τὸ
939 1326 1086 1373 ἄγαλμα
1103 1328 1180 1362 τῶν
1197 1325 1415 1372 ἐκκλησιῶν,
1450 1326 1474 1373 ἡ
1495 1325 1609 1372 ’ὑπερ-

135 1376 270 1421 ε’χουσα
295 1374 447 1411 πάντων
470 1376 546 1411 τῶν
577 1376 644 1420 τῆς
665 1376 733 1420 γῆς
752 1373 973 1419 κτισμάτων.
1019 1376 1105 1410 haec
1126 1375 1256 1410 Graeci
1271 1375 1481 1421 scriptores3
1513 1378 1550 1410 at
1564 1384 1609 1409 ex

133 1423 286 1467 Latinis,
304 1423 474 1469 Corippus
489 1423 511 1456 l.
528 1424 550 1457 Ξ
564 1422 607 1456 de
621 1422 794 1457 Laudibus
809 1421 948 1456 Iustini-

405 1493 502 1526 ilicet
523 1493 680 1538 angelici
696 1502 845 1536 pergens
859 1491 898 1524 in
918 1491 1043 1525 limina
1062 1490 1183 1535 templi

403 1539 571 1583 imposuit
582 1539 647 1583 pia
666 1539 772 1572 thura
782 1537 889 1582 focis.

129 1609 220 1644 Idem
235 1600 259 1644 1}
275 1608 298 1644 4
313 1607 356 1643 de
371 1607 496 1652 templo
513 1606 687 1652 Sophiano
704 1618 724 1640 a
739 1605 871 1651 Sophia
885 1605 1006 1640 Iustini
1021 1604 1164 1649 coniuge
1177 1604 1385 1639 instauratoz

406 1677 480 1710 iam
500 1675 737 1709 salomoniaci
756 1675 862 1709 sileat
879 1674 1063 1719 descriptio
1080 1674 1224 1719 templi,
1239 1715 1244 1718 ‚

407 1722 532 1756 cedant
555 1726 752 1755 cunctorum
766 1721 939 1754 miracula
954 1726 1038 1754 nota
1059 1722 1211 1755 locorum
1223 1744 1233 1761 ‚

407 1768 542 1811 inclyta
554 1768 777 1811 praeclarum
795 1767 862 1800 duo
875 1772 956 1801 sunt
974 1767 1156 1801 imitantia
1175 1766 1309 1799 caelum

407 1813 548 1847 consilio
559 1814 720 1856 fundata
738 1813 811 1852 dei,
835 1813 1031 1847 venerabile
1048 1814 1223 1856 templum,

409 1863 442 1892 et
457 1859 713 1912 Sophianarum
729 1859 948 1902 splendentia
964 1863 1058 1891 tecta
1074 1868 1258 1892 novarum.

404 1904 575 1950 principis
594 1909 644 1938 est
660 1905 745 1937 haec
765 1905 851 1937 aula
869 1904 926 1937 dei
948 1908 1015 1937 etc.

130 1973 263 2019 Regino
282 1973 324 2007 A.
339 1971 407 2007 459
423 1972 466 2006 de
481 1972 682 2006 Iustiniano:
706 1972 873 2006 exstruxit
892 1984 1023 2017 quoque
1044 1973 1113 2007 GP.
1132 1972 1317 2017 templum,
1354 1969 1445 2015 quod
1473 1980 1604 2016 graeco

128 2021 294 2056 vocabulo
313 2015 425 2063 αγίαν
445 2018 582 2062 σοφίαν
601 2019 812 2053 nominavit.-
844 2019 939 2052 cuius
954 2031 1039 2063 opus
1058 2019 1144 2053 adeo
1166 2022 1289 2052 cuncta
1309 2017 1473 2060 aedificia
1494 2017 1604 2051 excel-

130 2068 194 2109 lit,
226 2070 266 2100 ut
293 2066 333 2100 in
359 2065 443 2099 totis
470 2070 644 2099 terrarum
673 2065 799 2109 spatiis
819 2065 899 2098 huic
923 2065 1037 2099 simile
1062 2077 1131 2099 non
1148 2065 1256 2109 possit
1275 2063 1440 2098 inveniri.
1484 2062 1604 2096 similia

128 2114 234 2147 habet
250 2111 488 2157 Uspergensls.
538 2111 727 2145 Gulielmus
742 2110 785 2144 de
799 2110 1027 2144 Baldenzeel
1017 2123 1051 2144 ιιι
1067 2110 1270 2156 Hodoepor.
1317 2109 1416 2143 credo
1434 2109 1525 2153 quod
1539 2110 1602 2143 sub

130 2160 226 2194 caelo
239 2163 422 2204 postquam
447 2158 596 2192 mundus
619 2162 754 2191 creatus
770 2161 837 2199 est,
871 2169 938 2190 non
954 2158 1033 2201 fuit
1056 2158 1130 2191 tale
1158 2156 1355 2201 aeda—'ficium
1384 2156 1601 2200 completum,

129 2206 220 2251 quod
242 2205 324 2239 huic
339 2204 467 2249 poterit
482 2205 521 2238 in
537 2203 718 2238 nobilitate
738 2207 770 2237 et
787 2204 1033 2248 magnitudine
1050 2203 1170 2238 ceteris
1185 2203 1327 2248 paribus
1345 2201 1553 2246 comparari.

222 2274 265 2308 61
293 2273 331 2306 in.
352 2272 393 2307 15
417 2272 542 2316 annis]
575 2272 614 2306 In
638 2271 756 2305 eodem
782 2282 898 2306 errore
924 2275 1104 2306 versantur
1126 2270 1278 2305 cedinus
1303 2270 1339 2303 in
1356 2268 1455 2314 Orig.
1474 2270 1546 2304 ΟΡ.
1563 2270 1600 2304 et

129 2318 279 2353 Michaszl
294 2319 446 2374 Glycas3
479 2324 514 2352 et
531 2330 574 2352 ex
588 2318 629 2351 iis
645 2318 686 2351 D.
703 2318 747 2351 de
756 2317 907 2352 Breves
897 2329 932 2351 ιιι
947 2317 1026 2352 ltin.
1046 2317 1179 2352 Orient.
1196 2317 1254 2361 qui
1270 2316 1422 2350 scribunt
1437 2316 1599 2359 templum

130 2365 340 2411 Sophianum
366 2365 462 2398 annis
478 2366 522 2400 17
538 2364 728 2398 confectum
744 2364 859 2398 fuisse.
906 2363 967 2398 sed
991 2365 1076 2398 haec
1098 2374 1191 2397 mera
1212 2366 1291 2396 sunt
1308 2362 1469 2406 figmenta
1487 2362 1601 2395 Grae-

132 2412 281 2445 culorum
307 2410 472 2456 sequioris
495 2411 592 2452 aevi;
623 2410 749 2463 quippe
776 2409 865 2444 intra
892 2421 998 2444 annos
1025 2410 1046 2444 5
1071 2414 1107 2443 et
1133 2419 1265 2442 menses
1294 2409 1336 2442 11
1362 2407 1554 2441 absolutum
1577 2418 1600 2442 a.

129 2457 314 2492 Iustiniano
333 2460 478 2491 constat.
526 2468 602 2490 cum
627 2455 714 2490 enim
741 2455 986 2501 conflagrasset
1010 2466 1134 2499 magna
1158 2454 1322 2495 ecclesia,
1355 2464 1415 2487 seu
1438 2453 1542 2487 aedes
1558 2453 1600 2487 S.

130 2503 281 2549 Sophiae
297 2515 318 2538 a
332 2502 555 2537 Constantino
570 2501 619 2535 M.
646 2513 707 2536 seu
733 2507 772 2536 ut
797 2502 871 2536 aliis
895 2503 1033 2547 placet,
1065 2500 1265 2536 Constantio
1282 2480 1376 2541 filio,
1406 2498 1600 2540 aedificata,

131 2553 166 2582 et
181 2560 203 2583 a
217 2549 438 2583 Theodosio
428 2549 559 2583 mniore
573 2548 777 2588 instaurata,
806 2548 842 2582 in
865 2548 1031 2582 seditione
1049 2546 1314 2580 Victoriatorum
1326 2570 1337 2587 ‚
1360 2555 1457 2598 quae
1472 2544 1600 2579 accidit

130 2605 185 2629 an.
202 2595 427 2639 Iustinianif),
452 2595 530 2629 Chr.
548 2595 627 2637 532,
652 2594 726 2627 Ind.
746 2595 789 2628 10
802 2598 884 2639 post
899 2605 991 2627 cons.
1007 2592 1237 2638 Lampadiiet
1253 2590 1410 2633 Orestis,
1434 2590 1477 2626 15
1503 2602 1600 2625 men-

130 2640 176 2675 sis
193 2640 359 2684 Ianuarii,
389 2642 476 2675 hanc
501 2641 590 2674 idem
615 2620 799 2685 i’mperator
824 2640 1011 2694 composita
1035 2639 1197 2683 civitate,
1228 2641 1264 2672 et
1278 2637 1405 2682 punitis
1421 2636 1598 2671 seditioniS

130 2687 324 2720 auctoribus
351 2687 464 2732 coepit
485 2687 603 2721 eodem
618 2697 706 2720 anno
722 2686 766 2720 de
783 2697 874 2719 novo
889 2686 1092 2720 instaurare.
1137 2684 1189 2718 ita
1204 2683 1396 2718 Chronicon
1411 2682 1596 2717 Alexandr.

131 2744 166 2813 p.
183 2733 251 2768 726
280 2737 315 2766 et
341 2732 557 2767 Marcellinus
582 2733 718 2767 Comes.
758 2731 987 2786 Cedrenusp
990 2732 1081 2767 .371
1106 2730 1191 2765 diem
1207 2730 1319 2775 coepti
1334 2729 1448 2774 operis
1463 2729 1508 2764 23
1523 2729 1597 2763 Fe-

154 2778 259 2813 ruarii
273 2783 425 2815 annotat.
472 2779 533 2814 sed
556 2790 653 2814 error
679 2781 732 2814 est
756 2777 790 2813 in
814 2789 901 2814 anno
926 2744 1060 2821 mundi,
1091 2788 1190 2822 quem
1204 2777 1294 2812 6008
1315 2775 1420 2810 fuisse
1435 2774 1504 2818 ait,
1533 2784 1594 2808 seu
