1878 3262
253 208 353 258 240
728 207 956 254 vIOANNIS
991 209 1220 255 CINNAMI

250 324 417 381 σάμενοι
436 326 595 374 πυλῶν,
621 319 779 380 ὂίταφον
793 322 923 377 μένειν
941 322 1152 366 ἐδικαίουν.
1188 321 1267 379 ὀψὲ
1282 326 1307 368 δ
1311 323 1325 343 ’
1346 318 1417 368 οὖν
1431 323 1510 368 {ma
1530 328 1603 381 τῆς
1623 320 1706 383 ‹pni-

251 411 352 444 σεως
373 391 700 450 παρακληθέντες
726 392 767 441 ἐς
790 391 859 434 τὸν
882 390 1090 449 Στεφάνου
1110 396 1184 435 τοῦ
1205 392 1545 453 πρωτομάρτυρος
1564 393 1707 451 ἄγουσι

248 460 371 515 νεών,
406 461 508 503 ἔνθα
533 464 592 518 τῷ
610 458 771 514 χώματι
793 464 934 503 τοῦτον
959 459 1126 503 ἔδωκαν.

389 529 464 576 14.
516 526 684 571 Τούτων
704 526 881 579 ἀκούσας
899 527 1111 583 βασιλεύς,
1135 528 1264 571 καίτοι
1283 532 1356 583 τῆς
1372 529 1579 583 βασιλίδος
1596 525 1705 587 νόσῳ

106 607 138 641 V
163 608 227 643 109
249 599 395 659 βαρείᾳ
417 601 475 656 τῷ
494 595 677 652 τηνικάδε
698 597 947 651 πιεζομένης,
977 596 1099 647 αὐτὸς
1121 597 1309 657 δαιμονία
1328 599 1403 639 τινὶ
1421 595 1551 654 ὥσπερ
1571 595 1738 641 εἲώθειὸ

247 667 498 722 κεκινημένος
519 664 626 723 ὁρμῇ
644 667 867 708 καθίστατο
886 664 987 723 πρὸς
1005 664 1074 708 τὸν
1092 663 1278 719 πόλεμον.
1347 665 1388 707 ἓν
1415 667 1596 722 Σαρδικῇ
1621 667 1707 708 τοί-

244 754 318 779 νυν
354 740 405 792 τῇ
436 735 641 791 Ἰλλυριῶν
676 731 883 790 γενόμενος
929 732 1172 791 μητροπόλει
1210 734 1389 775 ἐνταῦθα
1427 733 1497 776 τὸν
1535 732 1709 790 στρατὸν

247 804 449 860 ἤθροιζεν.
478 803 643 846 Ἰουνίου
665 803 709 844 δὲ
729 804 946 859 φθίνοντος
961 803 1113 844 ἐκεῖθεν
1134 801 1237 859 ἄρας
1257 802 1318 843 ἐπὶ
1337 801 1406 844 τὸν
1415 800 1573 858 Ἴστρον
1589 795 1708 856 ἦλθε.

201 881 232 917 Β
253 874 410 927 μέλλων
427 872 470 913 δὲ
491 870 568 926 ἤδη
587 875 857 927 περαιοῦσθαι
876 871 980 912 κατὰ
999 869 1095 913 τάδε
1113 871 1246 912 ἐποίει.
1280 868 1428 912 ὁπόσον
1449 870 1490 911 ἐν
1507 873 1566 926 τῷ
1581 886 1708 926 στρα-

249 939 418 995 τεύματι
446 938 597 982 ὁπλίσει
626 957 667 981 τε
689 939 882 996 διαφέρον
901 942 967 981 καὶ
988 937 1271 996 μαχιμώτερον
1292 932 1364 992 ἦν,
1403 937 1564 994 ἀντικρὺ
1584 935 1703 994 Χρά-
1719 945 1763 980 10

249 1026 331 1064 μου
364 1007 515 1058 πόλεως
544 1007 705 1062 ἔστησεν
725 1007 923 1062 ,Οὗννικῆς
935 1039 947 1059 ,
979 1005 1142 1062 δόκησιν
1163 1007 1349 1063 παρέχων
1368 1003 1423 1056 ὥς
1445 1006 1588 1048 αὐτίκα
1607 1006 1710 1048 ἔκεΐ-

250 1082 328 1120 θεν
358 1074 690 1133 περαιωσάμενος.
758 1074 855 1117 ὅθεν
884 1080 950 1117 καὶ
984 1075 1119 1130 ἐπειδὴ
1145 1075 1423 1131 ἅντίπορθμον
1451 1075 1631 1116 ἐνταῦθα
1661 1073 1708 1116 τὸ

255 1145 448 1188 Οὗννικόν
479 1143 603 1193 ἑστὼς
632 1141 731 1185 εἶδεν
740 1173 753 1195 ,
794 1144 857 1185 ἐπὶ
886 1145 1119 1201 Βελέγραδα
1157 1143 1339 1197 μεταβὰς
1369 1141 1525 1199 ὄρθρου
1556 1142 1710 1185 ἐκεῖθεν

249 1214 429 1256 ἀπέπλει.
496 1212 678 1254 ἐντεῦθέν
697 1228 738 1253 τε
762 1213 984 1268 διῃρῆσθαι
1003 1213 1206 1265 συνέβαινε
1226 1211 1552 1264 τούςπολεμιόυς
1570 1208 1709 1252 ἑκατέ-

250 1299 338 1340 ροις
365 1279 657 1331 ἀντιτάξασθαι
686 1281 994 1333 διανοουμένους
1009 1280 1159 1336 μέρεσι.
1226 1279 1330 1334 πλὴν
1349 1279 1453 1321 ἀλλὰ
1473 1279 1539 1320 καὶ
1557 1278 1593 1320 οἱ
1606 1276 1706 1320 Ῥω-
1719 1279 1762 1320 15

246 1357 362 1405 μαῖοι
390 1348 546 1403 ὀκνήσει
574 1352 703 1405 πολλῇ
735 1349 775 1398 ἒς
806 1347 879 1402 τὴν
908 1346 1096 1402 διάβασιν
1125 1347 1301 1401 εἶχοντο,
1330 1346 1353 1389 ὃ
1378 1346 1496 1403 γνοὺς
1519 1346 1710 1401 βασιλεὺς

248 1418 372 1469 αὐτὸς
390 1418 467 1475 πρὸ
491 1421 570 1459 τῶν
591 1415 747 1468 ἄλλων,
775 1414 892 1458 ὁποῖα
911 1414 1104 1466 πολλάκις
1122 1415 1200 1471 ἤδη
1221 1413 1426 1470 τολμήσας
1447 1413 1580 1468 ἔτυχε,
1609 1418 1709 1468 λεμ-

245 1489 378 1545 βαδίῳ
399 1485 540 1540 ἐπιβὰς
556 1486 618 1526 ε’πὶ
637 1485 710 1540 τὴν
730 1485 941 1541 ἀντιπέρας
957 1485 1119 1542 ἐφέρετο
1139 1483 1269 1538 ὄχθην
1278 1516 1292 1536 ,
1315 1482 1407 1538 ἑξῆς
1428 1483 1470 1525 δὲ
1489 1484 1555 1524 καὶ
1574 1481 1595 1524 ὃ
1608 1481 1709 1526 Ῥω-

193 1570 225 1604 c
248 1557 380 1610 μαίων
401 1553 573 1609 στρατὸς
589 1553 662 1607 τὴν
677 1553 876 1606 βασιλέως
893 1552 1022 1609 ὁρμὴν
1041 1553 1293 1602 αἷδεσθέντες
1313 1553 1375 1593 ἐπὶ
1397 1551 1471 1601 τὰς
1491 1556 1589 1600 ναῦς
1605 1548 1707 1604 ἐχώ-

243 1641 355 1681 ρουν.
427 1616 572 1664 Οὖννοι
602 1622 645 1663 δὲ
671 1620 805 1674 ἐπειδὴ
835 1622 1008 1674 βασιλέα
1029 1618 1353 1677 περαιωσάμενον
1374 1617 1498 1670 εἶδον,
1532 1617 1648 1661 ἕλυόν
1663 1625 1763 1661 τε20

243 1691 349 1749 παρ’
383 1690 487 1733 αὐτὰ
511 1689 581 1731 τὸν
611 1688 888 1742 συνασπισμὸν
921 1690 988 1730 καὶ
1020 1687 1247 1745 ἀνεχώρουν
1269 1688 1408 1731 ὀπίσω.
1478 1686 1542 1729 ὅτε
1560 1687 1707 1742 συνέβη

243 1764 304 1819 τῷ
337 1762 504 1814 βασιλεῖ’
536 1758 578 1799 ἐν
617 1761 669 1815 τῇ
707 1756 808 1814 πρὸς
842 1756 915 1812 τὴν
940 1758 1134 1810 πολεμίαν
1159 1754 1357 1810 ἀποβάσει
1386 1754 1506 1797 πλέον
1531 1753 1559 1810 ἢ
1588 1755 1709 1812 ε’χρῆν

336 1879 393 1916 10.
418 1873 693 1922 μαχιμώτερον]
719 1875 812 1910 Toll.
833 1872 1102 1919 μαχιμώτατον.

248 1980 436 2021 debentur,
461 1978 603 2012 officiis:
629 1977 690 2011 sed
706 1976 893 2023 expositum
908 1976 1160 2021 profectumque
1175 1978 1255 2009 ante
1268 1975 1361 2009 urbis
1375 1976 1489 2021 portas
1501 1973 1704 2010 inhumatum

247 2026 475 2070 reliquerunt,
506 2024 613 2057 donec
634 2023 717 2068 ipsis
742 2028 883 2056 naturae
897 2022 1076 2056 affectibus
1091 2021 1235 2067 permoti
1248 2021 1326 2055 illud
1342 2021 1476 2056 tandem
1490 2021 1526 2055 in
1541 2021 1706 2066 Stephani

247 2069 508 2117 protomartyris
525 2070 670 2103 intulere
684 2068 858 2114 templum,
887 2068 1000 2112 ibique
1014 2069 1112 2102 humo
1128 2067 1340 2102 mandavere.

341 2117 395 2151 14.
442 2117 628 2160 Postquam
642 2115 726 2148 haec
740 2114 873 2158 accepit
887 2113 1044 2159 princeps
1056 2139 1066 2155 ,
1093 2114 1248 2157 Augusta
1270 2113 1351 2146 licet
1369 2111 1518 2157 graviori
1532 2111 1648 2146 morbo
1662 2110 1704 2146 iis

245 2161 366 2195 diebus
393 2160 664 2201 conflictaretur‚
694 2160 769 2205 ipse
792 2159 906 2193 divino
930 2159 1092 2204 quodam,
1124 2159 1175 2192 uti
1200 2159 1354 2200 solebat,
1385 2168 1544 2192 accensus
1569 2157 1705 2200 ardore,

244 2212 337 2241 totus
361 2206 396 2240 in
421 2206 543 2239 bellum
562 2206 725 2239 incubuit.
772 2205 945 2239 Sar-dicam
962 2216 1042 2249 ergo
1064 2216 1137 2238 cum
1152 2204 1362 2250 pervenisset
1374 2203 1562 2247 Illyriorum
1578 2207 1706 2237 metro-

247 2252 346 2298 polim
359 2277 369 2295 ,
395 2250 507 2296 copias
522 2251 569 2285 ibi
586 2251 765 2285 contrahit.
811 2250 891 2285 inde
906 2250 999 2284 lunio
1015 2261 1128 2285 mense
1142 2255 1262 2284 exacto
1277 2249 1375 2283 motis
1389 2248 1507 2283 castris
1520 2248 1565 2281 ad
1582 2249 1704 2283 Istrum

247 2297 442 2332 contendit:
482 2308 622 2341 cumque
647 2296 739 2330 illum
765 2296 968 2330 traiecturus
994 2301 1103 2338 esset,
1134 2295 1169 2330 id
1194 2295 1399 2341 potissimum
1425 2293 1702 2329 comminiscitur=
1734 2307 1738 2310 ·

186 2348 413 2388 ,quotquot
426 2347 523 2376 erant
537 2342 571 2375 in
588 2341 738 2376 exercitu
754 2342 880 2387 potiori
894 2347 1062 2376 armatura
1077 2348 1136 2376 aut
1151 2342 1273 2375 robore
1295 2339 1488 2385 conspicui,
1521 2350 1542 2372 e
1564 2339 1704 2383 regione

246 2389 382 2423 Chrami
410 2388 604 2432 Hungariae
632 2387 747 2432 oppidi
778 2388 975 2430 collocavit,
1007 2399 1048 2421 eo
1077 2387 1143 2422 loci
1173 2386 1339 2431 extemplo
1369 2384 1635 2419 transmissurum
1665 2396 1703 2420 se

245 2435 369 2469 lstrum
395 2434 573 2468 simulans:
605 2444 679 2467 cum
701 2436 814 2466 autem
829 2433 963 2467 videret
977 2433 1123 2467 adversa
1139 2431 1359 2466 consistentes
1376 2429 1448 2474 ripa
1463 2430 1703 2474 Hungarorum

245 2480 382 2525 copias,
413 2479 456 2513 ad
473 2478 661 2523 Belegrada
677 2489 874 2523 progressus
887 2503 896 2517 .
929 2479 986 2512 ubi
1009 2478 1140 2522 illuxit,
1171 2476 1346 2511 confestim
1358 2475 1437 2510 inde
1451 2475 1606 2510 excessit.
1653 2476 1703 2510 ita

242 2525 387 2559 hostium
412 2525 481 2559 illic
507 2524 598 2558 vires
625 2523 767 2558 distrahi
794 2535 835 2558 ac
862 2523 974 2557 divelli
1000 2524 1159 2568 contigit,
1189 2522 1266 2556 dum
1281 2521 1416 2566 utrique
1434 2521 1597 2555 obsistere
1612 2521 1703 2567 parti

243 2571 471 2605 connituntur.
518 2581 626 2614 neque
646 2575 755 2603 tamen
778 2569 885 2603 minor
909 2569 951 2603 ad
978 2568 1207 2603 traiiciendum
1222 2566 1446 2602 Romanorum
1461 2567 1586 2601 animos
1600 2577 1703 2601 oocu-

242 2615 340 2661 pavit
363 2627 483 2661 pavor.
530 2615 620 2660 quod
643 2615 740 2649 simul
760 2619 863 2659 atque
878 2615 1026 2649 advertit
1039 2615 1240 2659 imperator,
1268 2612 1341 2658 ipse
1358 2617 1436 2646 ante
1452 2613 1558 2655 alios,
1587 2611 1703 2658 qualia

244 2672 347 2705 saepe
372 2671 474 2694 ausus
499 2666 569 2701 est,
601 2661 760 2706 scapham
779 2660 949 2704 ingressus
962 2660 996 2694 in
1012 2661 1186 2694 adversam
1201 2659 1306 2704 ripam
1319 2658 1472 2692 transiit:
1504 2663 1608 2703 atque
1621 2657 1701 2692 inde

243 2707 391 2751 reliquus
406 2707 630 2740 Romanorum
647 2706 815 2740 exercitus
829 2706 1038 2751 imperatoris
1054 2705 1208 2739 ardorem
1223 2703 1390 2738 reveritus
1406 2714 1510 2738 naves
1537 2714 1700 2738 conscen-

245 2752 307 2786 dit.
354 2751 508 2795 Hungari
524 2762 607 2785 vero
623 2756 798 2796 postquam
813 2751 1046 2796 imperatorem
1061 2749 1283 2784 transmisisse
1298 2749 1473 2791 viderunt,
1503 2748 1614 2795 ruptis
1627 2753 1701 2783 sta-

244 2798 304 2832 tim
327 2797 498 2832 ordinibus
513 2801 605 2830 retro
627 2807 769 2831 cessere.
816 2808 882 2841 quo
898 2801 966 2830 tum
980 2801 1132 2841 tempore
1147 2793 1286 2836 accidit,
1314 2800 1352 2829 ut
1367 2795 1444 2828 dum
1459 2794 1640 2840 imperator
1655 2793 1699 2829 ad

245 2848 370 2879 terram
385 2842 539 2879 hostilem
553 2841 727 2889 appellens
741 2841 870 2888 longius
887 2852 986 2888 quam
1002 2852 1066 2888 par
1080 2845 1155 2876 erat
1168 2840 1337 2887 prosiliret
1365 2841 1550 2887 (obstabat
1572 2839 1699 2886 quippe
