1878 3262
248 214 340 260 138
680 211 985 255 NICEPHORI
1014 211 1278 257 BRYENNII

243 322 543 379 ταπηὸήσαντες
575 318 646 366 οὖν
677 321 808 382 ὥσπερ
836 324 913 367 ἀπὸ
939 325 1099 382 ἐνέδρας
1121 327 1185 370 καὶ
1214 330 1270 383 τῷ
1293 329 1476 386 αἲφνιόίῳ
1499 328 1591 379 τοὺς
1617 329 1688 372 ἆν-

243 392 433 442 τιπάλους
459 391 781 447 καταπλήξαντες
799 390 1050 451 μικροῦὃεΐν
1070 395 1255 437 ἐκκλίνειν
1277 396 1421 447 αὐτοὺς
1442 398 1541 454 πρὸς
1559 398 1689 454 φυγὴν

243 459 569 518 παρεσκεύασαν,
619 462 694 512 ἕως
725 460 747 504 ὃ
778 460 929 505 τούτων
961 463 1203 518 καθηγεμὼν
1228 461 1249 505 ὃ
1275 466 1487 519 Βρυέννιος
1504 465 1689 521 Ἰωάννης

124 540 156 573 V
180 539 223 574 67
243 531 315 572 τὸν
346 529 536 585 ἀκινάκην
567 528 829 585 σπασάμενος,
846 531 925 574 ’σὺν
952 531 1098 587 ὀλίγοις
1127 531 1195 575 τὸν
1227 531 1394 589 πρώτως
1425 531 1581 577 ἐπιόντα
1610 539 1688 578 τῶν

243 597 460 641 ἀθανάτων
495 599 688 653 κατέβαλε
718 602 786 642 καὶ
813 599 927 642 ἄλλοι
955 598 1133 658 ἑτέρους,
1168 602 1234 642 καὶ.
1252 601 1324 656 τὴν
1350 599 1536 658 φάλαγγα
1557 608 1722 646 πᾶσανό

189 678 220 711 D
243 668 502 723 συνέστησεν,
530 666 630 711 ὥστε
652 669 747 719 τοὺς
766 667 1006 719 ἀντιπάλους
1025 670 1273 725 τρέψασθαι.
1341 671 1379 711 οῖ
1397 671 1470 724 μὲν
1491 665 1560 713 οὖν
1582 671 1690 713 ἀθά-

242 754 352 778 νατοι
375 740 515 778 τοῦτον
535 736 603 778 τὸν
627 736 775 794 τρόπον
793 736 936 787 πάντες
954 736 1105 795 ᾤχοντο
1119 771 1132 789 ,
1167 736 1188 780 ὅ
1222 739 1266 780 δὲ
1293 739 1505 793 Κομνηνὸς
1522 739 1692 789 Ἀλεξιος

242 805 346 846 κατὰ
362 803 490 847 νώτου
513 810 593 847 τῶν
614 808 812 859 πολεμίων
834 804 1040 861 γενόμενος
1061 809 1128 849 καὶ
1152 809 1280 850 δοκῶν
1304 808 1546 857 ξυνέπεσθαί
1563 808 1600 850 οἱ
1620 807 1692 862 τὴν

242 873 431 930 φάλαγγα
456 873 530 928 ’τὴν
557 875 662 915 ἰδίαν
685 876 871 930 γενναίως
892 892 931 917 τε
953 875 1158 930 ἠγωνίζετο
1180 878 1245 917 καὶ
1263 876 1357 926 τούς
1379 878 1434 926 εἷς
1448 882 1587 934 χεῖρας
1607 874 1691 919 ἰόν·-

239 960 312 991 mg
333 943 562 996 κατέβαλεν.
581 968 587 973 -
621 943 703 985 ἐπεὶ
727 944 770 985 ὁὲ
794 942 868 985 εἶδε
892 944 963 998 τὴν
985 942 1131 986 ἑαυτοῦ
1152 943 1339 1002 φάλαγγα
1360 947 1415 994 εἷς
1437 945 1568 1001 φυγὴν
1590 962 1689 1002 τρα,
1703 955 1745 989 lo

239 1017 379 1052 πεῖσαν
390 1043 403 1061 ,
430 1011 715 1067 παρακαλέσας
733 1012 826 1061 τοὺς
845 1011 990 1054 ἑαυτοῦ
1014 1014 1033 1067 (
1043 1007 1146 1067 ἦσαν
1163 1014 1239 1070 γὰρ
1258 1013 1333 1055 σὺν
1354 1013 1464 1070 αὐτῷ
1482 1017 1560 1055 τῶν
1580 1015 1690 1056 ἰδίων

238 1080 339 1128 τινες
361 1079 511 1133 ἀγαθοὶ
535 1085 777 1134 στρατιῶται
801 1083 856 1130 εἷς
876 1079 920 1130 (ἐξ
944 1080 1209 1135 ποσοί-μενοι)
1238 1082 1391 1136 βουλὴ-ν
1424 1080 1690 1136 ἐβουλεύσατο

237 1144 444 1202 τολμηράν
453 1178 466 1197 ,
501 1147 686 1201 γενέσθαι
717 1148 820 1189 κατὰ
840 1147 967 1190 νώτου
992 1154 1064 1191 τοῦ
1090 1151 1306 1206 Βρυεννίου
1329 1152 1396 1191 καὶ
1419 1140 1691 1206 ξυμμίσγοντα

237 1222 321 1264 τοῖς
340 1212 484 1256 τούτου
507 1215 638 1271 ἠρέμα
655 1216 755 1258 ἴέναι
777 1217 917 1273 μέχρις
937 1217 1047 1274 αὐτῷ
1067 1216 1348 1272 πλησιάσαιεν,
1382 1217 1540 1260 ἐπειδὰν
1562 1219 1604 1260 δ’
1624 1220 1689 1274 ε’γ-

235 1283 308 1339 γὺς
338 1281 467 1340 τούτῳ
495 1284 692 1338 γένοιντο,
727 1280 977 1339 σπασάμενοι
1000 1287 1095 1343 ξίφη
1118 1286 1241 1328 αὐτὸν
1261 1286 1422 1328 ἀνελεῖν.
1490 1285 1564 1329 κᾶν
1586 1289 1689 1340 ξυμ-
1702 1294 1744 1328 15

235 1353 334 1406 βαίη
370 1353 436 1394 καὶ
467 1350 623 1402 τούτοις
651 1352 724 1395 σὺν
752 1354 885 1411 ἐκείνῳ
918 1361 1068 1406 πεσεῖν,
1118 1352 1376 1411 αἱρετώτερον
1408 1352 1507 1396 εἶναι
1534 1359 1690 1408 μᾶλλον

120 1427 148 1460 Ρ
172 1427 217 1464 93
240 1421 350 1479 αὐτῷ
385 1419 412 1475 ἢ
446 1420 490 1462 τὸ
522 1419 836 1478 παρακούσαντα
863 1423 1064 1475 βασιλέως
1099 1424 1213 1474 δίκας
1242 1421 1582 1479 εἷσπραχθήσεται
1620 1427 1691 1478 τῆς

239 1493 450 1546 παρακοῆς
473 1489 573 1545 πρὸς
596 1491 757 1532 ἐκείνου.
827 1490 985 1547 ἀπεῖρξε
1008 1492 1051 1533 δὲ
1069 1496 1209 1534 τοῦτον
1227 1495 1299 1546 τρῦ
1320 1490 1501 1533 τοιούτου
1516 1490 1689 1545 βουλεύ-

236 1574 366 1611 ματος
400 1555 421 1598 ὃ
455 1555 676 1610 Θεόδοτος,
711 1553 759 1600 οὗ
790 1558 968 1615 πρόσθεν
999 1558 1020 1601 ὃ
1049 1559 1165 1615 λόγος
1188 1558 1396 1614 ἐμνήσθη,
1431 1560 1551 1602 εἰπών
1569 1564 1687 1602 τοῦτο

235 1627 309 1680 μὲν
344 1624 440 1669 εἶναι
474 1626 574 1683 πρὸς
602 1631 660 1684 τῷ
682 1626 903 1685 παραβόλῳ
925 1630 991 1670 καὶ
1013 1628 1168 1683 εὔηθες.
1234 1630 1319 1670 νυνὶ
1343 1629 1386 1670 δὲ
1400 1629 1482 1686 χρὴ
1499 1627 1743 1680 ἕξελθόν-ΞΟ

235 1713 308 1745 τας
340 1699 413 1737 τοῦ
445 1699 525 1736 τῶν
555 1698 754 1749 πολεμίων
783 1695 1082 1752 στρατεύματος
1112 1696 1267 1739 ἀπιέναι
1298 1696 1398 1754 πρὸς
1426 1697 1519 1747 τούς
1548 1698 1687 1748 ἰδίους,

235 1763 395 1806 ἐπειδὰν
428 1763 472 1804 δὲ
507 1762 662 1813 τούτοις
689 1765 926 1818 συμμίξειαν
936 1798 948 1816 ,
985 1768 1018 1807 εἶ
1047 1763 1259 1819 βούλοιτο,
1294 1762 1470 1818 λαβόντα
1500 1765 1689 1807 κάκείνων

329 1883 382 1918 17.
406 1880 738 1927 εἰσπραχθήσεται]
768 1880 1137 1928 εἰσπραχθήσεσθαιῒ
1271 1886 1328 1920 20.
1350 1882 1439 1929 χρὴ]
1461 1884 1621 1929 χρῆναιί)

232 1986 360 2024 tissime
375 1986 480 2019 iussit.
505 1985 663 2019 exsiliunt
676 1984 781 2029 igitur
794 1985 888 2019 velut
903 1997 944 2019 ex
959 1984 1086 2019 insidiis
1101 1989 1137 2019 et
1151 1985 1325 2020 celeritate
1339 1985 1533 2031 inopinatae
1546 1985 1688 2031 impres-

236 2033 338 2067 sionis
354 2031 567 2066 adversarios
582 2032 735 2064 turbatos
751 2042 867 2076 parum
885 2031 992 2064 abfuit
1007 2031 1085 2076 quin
1100 2031 1134 2064 in
1149 2032 1262 2076 fugam
1279 2036 1462 2066 verterent.
1506 2031 1687 2076 gliscebat-

235 2090 302 2123 que
313 2078 510 2122 trepidatio,
529 2077 640 2121 quoad
655 2077 724 2110 dux
740 2088 854 2110 eorum
870 2077 1012 2110 Ioannes
1029 2077 1215 2122 Bryennius
1230 2077 1365 2111 acinace
1379 2077 1496 2111 stricto
1511 2088 1586 2111 cum
1599 2088 1686 2122 pau-

235 2124 283 2158 cis
299 2134 478 2157 occurrens
495 2123 634 2165 primum
651 2134 693 2156 ex
706 2122 944 2156 immortalibus
958 2122 1169 2156 invehentem
1184 2134 1222 2157 se
1236 2123 1357 2158 deiecit
1371 2127 1407 2156 et
1421 2123 1479 2157 alii
1493 2123 1591 2156 alios:
1617 2134 1684 2167 quo

235 2169 307 2203 viso
323 2169 471 2214 phalanx
485 2168 698 2212 Bryenniana
714 2168 864 2202 constitit
875 2196 885 2212 ‚
913 2168 1076 2202 Alexiana
1089 2180 1171 2202 vero
1186 2173 1285 2213 terga
1301 2169 1424 2212 vertit,
1456 2168 1540 2202 adeo
1556 2173 1593 2202 ut
1607 2168 1684 2202 nul-

235 2215 288 2249 lus
309 2227 352 2249 ex
372 2214 611 2248 immortalibus
634 2214 741 2248 locum
765 2219 940 2255 tueretur,
971 2214 1032 2248 sed
1057 2221 1149 2248 retro
1173 2215 1346 2249 ferrentur
1367 2225 1479 2248 omnes
1498 2214 1533 2247 in
1555 2215 1682 2257 sugam.

231 2261 366 2295 interim
394 2259 531 2294 Alexius
558 2260 747 2294 comnenus
772 2260 917 2294 circuitis
936 2260 1086 2294 hostibus
1109 2271 1128 2293 a
1150 2265 1246 2305 tergo
1261 2260 1295 2294 in
1310 2261 1402 2305 ipsos
1424 2260 1616 2300 ferebatur,
1647 2264 1684 2293 et

234 2306 424 2341 existimans
441 2305 607 2351 propriam
622 2306 818 2350 phalangem
833 2306 939 2352 ipsum
953 2306 1066 2350 sequi,
1089 2306 1267 2341 fortissime
1305 2307 1455 2351 ugnabat
1467 2310 1683 2351 prosternens

235 2353 354 2386 obvios
379 2363 543 2396 quosque.
588 2362 706 2385 verum
722 2357 759 2385 ut
772 2351 1009 2385 animadvertit
1034 2352 1202 2397 propriam
1218 2353 1284 2397 pha
1297 2363 1414 2396 angem
1427 2351 1461 2384 in
1477 2351 1589 2394 sugam
1603 2362 1684 2384 ver-

235 2410 324 2442 sam,
353 2397 525 2431 advocatis
549 2397 648 2431 sociis
673 2397 730 2441 qui
754 2409 797 2431 ex
822 2398 1037 2431 familiaribus
1052 2410 1111 2432 sex
1127 2410 1262 2432 numero
1278 2397 1457 2432 bellatores
1472 2396 1587 2441 optimi
1602 2396 1683 2430 ade-

233 2450 309 2478 rant
334 2444 419 2489 ipsi,
451 2442 623 2477 consilium
647 2443 755 2477 audax
782 2444 992 2488 proponebat
1014 2443 1127 2478 dicens
1146 2444 1235 2479 velle
1249 2455 1287 2478 se
1301 2454 1373 2476 cum
1389 2441 1469 2488 ipsis
1485 2441 1647 2476 assectari
1661 2453 1683 2475 a

233 2494 327 2534 tergo
354 2488 579 2534 Bryennium,
622 2492 659 2523 et
683 2489 742 2522 ubi
765 2489 808 2522 ad
832 2489 941 2534 ipsum
966 2494 1222 2534 penetrassent,
1264 2488 1387 2523 strictis
1407 2487 1518 2521 subito
1546 2487 1683 2521 ensibus

232 2535 339 2580 ipsum
363 2535 527 2569 occidere.
572 2535 605 2569 in
621 2546 688 2580 quo
703 2535 731 2569 si
745 2535 956 2579 contingeret
970 2536 1061 2580 ipsos
1075 2535 1179 2578 mori,
1208 2542 1319 2569 tamen
1341 2538 1467 2567 sortem
1491 2533 1579 2567 illam
1596 2533 1682 2568 tole-

234 2581 423 2614 rabiliorem
445 2581 522 2614 fore
545 2592 643 2626 quam
667 2580 698 2614 si
721 2580 803 2614 victi
825 2581 868 2614 ad
891 2580 1124 2625 imperatorem
1151 2581 1300 2615 redirent
1321 2590 1447 2624 poenas
1470 2579 1557 2612 haud
1580 2579 1682 2613 dubie

233 2637 356 2670 graves
381 2626 452 2660 eius
477 2627 615 2662 arbitrio
633 2626 740 2660 daturi
756 2626 900 2671 neglecti
916 2626 986 2660 eius
1002 2626 1172 2667 mandati,
1202 2637 1268 2672 quo
1291 2635 1433 2671 pugnam
1447 2625 1504 2658 illo
1521 2624 1575 2659 die
1590 2635 1681 2659 com-

235 2672 319 2706 mitti
345 2677 512 2706 vetuerat.
558 2672 684 2707 avertit
705 2677 817 2706 autem
844 2684 919 2706 eum
946 2684 967 2706 a
990 2672 1050 2706 tali
1073 2677 1194 2718 coepto
1215 2671 1432 2713 Theodotus,
1467 2670 1560 2704 cuius
1580 2681 1682 2716 supra

234 2717 435 2752 meminimus
450 2718 542 2751 aiens
557 2718 590 2751 id
606 2722 840 2763 praeterquam
853 2718 1087 2759 temerarium,
1119 2718 1217 2752 etiam
1232 2716 1379 2750 stultum.
1428 2716 1481 2750 cui
1505 2716 1590 2750 enim
1613 2719 1680 2749 non

234 2769 350 2809 patere
366 2763 503 2808 primam
520 2774 630 2796 curam
648 2775 760 2796 eorum
777 2763 834 2808 qui
849 2775 869 2796 a
885 2763 954 2797 suis
968 2763 1140 2797 interclusi
1166 2763 1308 2796 bostium
1331 2762 1531 2795 multitudini
1547 2760 1679 2806 paucis-

234 2810 304 2843 simi
326 2809 387 2854 ipsi
410 2821 448 2843 se
467 2808 630 2842 immixtos
657 2810 804 2842 sentiunt
816 2834 826 2850 ‚
858 2819 933 2842 esse
947 2809 1090 2850 debere,
1121 2810 1250 2842 referre
1266 2820 1303 2841 se
1320 2807 1518 2852 quantocius
1530 2807 1573 2840 ad
1589 2817 1678 2848 sum,

229 2856 336 2901 iisque
352 2855 407 2890 ubi
424 2854 599 2900 aggregati
615 2855 738 2889 suerint
753 2854 935 2898 adiungere
951 2854 1016 2888 sibi
1032 2866 1075 2888 ex
1091 2854 1170 2900 ipsis
1185 2865 1284 2899 quam
1302 2853 1458 2899 plurimos
1475 2856 1633 2898 poterunt
1643 2858 1679 2887 et
