1878 3262
644 356 1065 402 CLARISSIMO
1111 359 1290 405 VIRO

230 453 358 529 D..
412 451 1080 525 CORNELIO
1175 450 1703 542 TOLLI'Q

556 577 1380 638 CINNAMUM

407 689 1014 742 HISTORICUM
1083 692 1525 746 GRAECUM

748 792 781 829 E
826 790 860 827 D
906 790 940 825 E
983 789 1022 826 N
1066 792 1102 829 'r
1148 791 1184 830 1.

359 1011 511 1080 Inclite
544 1035 630 1090 vir,
653 1026 812 1095 priscis
846 1034 994 1090 ingens
1029 1035 1153 1079 decus
1185 1035 1325 1079 addite
1360 1033 1502 1089 Geiris.

426 1144 576 1186 nuper,
608 1136 650 1170 et
677 1127 800 1171 Aonii
833 1129 906 1171 lux
938 1127 1209 1172 memoranda
1244 1129 1382 1179 chori:

359 1221 556 1262 hactenus
578 1220 631 1276 ‘in
663 1219 799 1261 tacitis
833 1221 952 1261 latuit
983 1220 1260 1283 penetralibus
1294 1221 1390 1263 aevi

427 1312 675 1364 Cinnamus,
711 1310 826 1352 haud
858 1313 1013 1369 populo
1049 1312 1234 1364 cognitus
1268 1319 1365 1369 ente
1399 1327 1496 1365 suo3

358 1418 484 1462 quem
516 1404 600 1466 nisi
632 1403 805 1444 fecisses
839 1403 1061 1450 hominum
1092 1402 1268 1445 volitare
1301 1417 1376 1460 per
1410 1418 1495 1458 ora,

424 1511 480 1538 ex
514 1495 666 1536 animis
700 1502 863 1552 poterat
895 1495 1039 1536 tollere
1072 1494 1195 1550 longa
1231 1491 1335 1536 dies.

351 1602 450 1641 ergo
484 1587 562 1627 tibi
595 1593 642 1627 ut
673 1585 807 1627 vitam
837 1593 879 1626 et
907 1598 1124 1626 mansuros
1156 1582 1305 1625 debeat
1332 1598 1476 1638 annos,

419 1678 528 1719 hunc
562 1685 633 1719 tua
668 1659 807 1718 charte
840 1683 956 1719 vetat
988 1691 1074 1717 non
1107 1675 1307 1717 moritura
1339 1677 1464 1719 mori.

355 1770 511 1812 scilicet
544 1770 652 1810 hanc
684 1767 853 1810 laudem
887 1767 1072 1826 scriptis,
1102 1767 1362 1826 patriaeque,
1397 1771 1558 1828 sibique

419 1861 633 1915 ingenium
665 1860 802 1918 potuit
836 1860 1054 1902 conciliare
1087 1866 1219 1902 tuum.

353 1967 460 1994 nunc
495 1953 661 2010 sapiens
696 1950 868 1992 Danaus
901 1951 1016 2004 viget
1050 1959 1342 2008 aeternumque
1375 1951 1545 2006 vigebit,

424 2051 467 2084 et
498 2044 620 2085 Latio
657 2051 699 2084 et
731 2043 896 2100 populis
930 2041 1116 2095 cognitus
1144 2043 1236 2100 ipse
1270 2044 1372 2085 suis.

356 2132 432 2175 sed
465 2134 630 2190 proprie
664 2140 758 2173 tuus
793 2141 875 2185 est,
912 2147 1036 2190 quem
1068 2133 1222 2176 Lethes
1252 2134 1377 2192 eripis
1399 2117 1546 2186 mdis,

424 2224 525 2266 artis
560 2231 601 2265 et
633 2224 792 2276 ingenii
823 2238 939 2265 rarus
973 2224 1132 2266 honore
1165 2225 1289 2278 liber3

354 2316 426 2373 qui
450 2316 645 2374 posthac,
680 2314 825 2357 Momo
851 2316 947 2356 licet
973 2313 1233 2368 indignante,
1269 2323 1477 2372 superstes

421 2422 587 2465 semper
619 2395 697 2449 erit
726 2406 874 2460 gratae
899 2405 1153 2463 posteritatis
1187 2419 1329 2448 amor:

347 2500 447 2557 quin
473 2500 573 2552 tibi,
609 2498 710 2541 dum
742 2499 874 2541 vitam
901 2504 998 2555 post
1026 2503 1090 2537 tot
1115 2495 1243 2539 modo
1277 2497 1439 2538 saecula
1463 2494 1621 2549 reddis,

416 2599 549 2634 morte
576 2592 646 2635 vel
673 2590 718 2632 in
747 2588 909 2642 media,
943 2602 997 2630 ne
1023 2588 1220 2641 moriare,
1257 2586 1384 2629 dabit.

969 2701 1064 2745 TH.
1085 2670 1466 2746 ‘VERHoEvEm

346 2766 508 2810 Thfflae,
531 2777 564 2803 a.
588 2766 622 2802 d.
648 2767 702 2804 10.

346 2813 422 2849 Iun.
446 2813 549 2850 1651.

807 2886 1082 2894 -—-———-——--
