1878 3262
301 203 398 251 216
741 202 945 245 CAROLI
978 203 1058 246 DU
1097 203 1309 247 FRESNE

299 317 508 366 gnomento
537 310 737 364 Scitellus,
783 311 996 351 Arnolinus
1029 319 1069 350 et
1099 312 1312 358 Ranulqu‚
1350 312 1504 353 sedibus
1539 314 1618 352 suis
1645 314 1748 365 pulsi

298 371 385 418 vel,
414 374 460 407 ut
478 368 542 406 alii
561 369 723 420 volunt,
753 369 804 407 ad
825 369 1137 420 consequendam
1155 370 1196 408 in
1217 368 1367 421 praeliis
1382 370 1564 421 gloriam,
1594 383 1639 408 eo
1656 385 1748 422 pro-

298 426 411 474 fecti,
441 425 536 463 dum
555 439 627 477 pro
649 426 805 464 Graecis
823 426 964 477 quibus
981 433 1163 478 praeerat
1178 426 1252 464 hac
1267 430 1392 463 aetate
1408 426 1583 475 Basilius,
1611 433 1748 465 contra

299 485 513 520 Saracenos
532 482 703 531 Siculos,
744 489 829 521 tum
858 483 974 521 etiam
1004 489 1142 522 contra
1170 483 1337 521 Graecos
1369 495 1442 534 pro
1471 483 1749 522 rebellantibus

299 539 407 577 Italis
428 539 570 577 acriter
592 545 789 591 pugnant,
819 545 972 578 tantam
997 540 1039 578 in
1065 552 1108 579 re
1135 539 1294 578 militari
1321 539 1463 577 samam
1490 544 1583 577 sunt
1611 553 1748 578 conse-

300 596 382 634 cuti
398 625 410 645 ,
438 601 484 634 ut
503 595 655 634 easdem
673 608 880 648 peragrare
895 596 1141 648 provincias,
1178 596 1310 647 ibique
1326 596 1464 634 sectari
1482 596 1628 647 praelia
1645 596 1748 635 Nor-

299 666 462 690 mannos
489 653 650 703 gentiles
675 653 819 704 cupido
843 653 1069 691 incesseriu
1113 658 1230 703 atque
1258 652 1299 690 hi
1320 651 1415 690 dum
1433 653 1655 703 frequentes
1674 653 1748 691 ad-

299 715 412 758 sunt,
440 709 686 760 numerosiqe
707 710 931 758 confluunt,
960 709 1142 760 Apuliam
1161 710 1296 761 ipsam,
1328 709 1565 758 Calabriam,
1594 715 1635 746 et
1650 709 1749 748 vici·

299 780 370 805 nas
388 766 565 817 regiones
587 780 658 804 suo
679 766 835 804 tandem
852 766 927 804 iuri
950 765 1179 814 subdidere,
1208 766 1429 817 provincias
1457 771 1496 804 et
1524 766 1668 818 oppida
1685 766 1749 804 in-

297 830 361 861 ter
381 836 421 860 se
446 822 654 874 dispertiti.
710 818 854 861 horum
879 823 943 860 alii
966 823 1116 874 pacatis
1142 823 1276 871 rebus,
1305 835 1374 860 seu
1399 822 1506 872 quod
1523 829 1582 860 est
1599 821 1751 860 similli-

298 892 407 918 mum
430 892 546 927 vero,
576 879 683 930 quod
700 880 741 918 in
757 886 910 931 partem
927 879 1030 917 bello
1050 880 1317 930 quaesitorum
1337 893 1416 917 non
1438 879 1657 928 venissent,
1685 878 1750 916 in-

299 936 466 987 dignati,
520 936 899 987 Constantinopolim
928 942 1225 984 concesserunt,
1266 936 1446 983 Graecis,
1493 935 1633 986 quibus
1661 941 1748 973 tum

297 993 443 1031 bellum
460 998 546 1030 erat
562 1005 652 1029 cum
669 993 807 1031 'furcis
818 1022 828 1042 ,
857 1006 1017 1044 operam
1037 1007 1146 1031 suam
1165 992 1351 1042 locaturi,
1379 992 1449 1031 ubi
1464 992 1512 1030 ab
1535 992 1750 1043 imperato-

297 1050 406 1088 ribus
428 1049 592 1099 benigne
610 1049 760 1101 excepti
780 1055 890 1098 sunt,
931 1063 1021 1087 cum
1045 1063 1195 1087 summa
1227 1055 1328 1087 esset
1351 1048 1457 1100 apud
1476 1049 1564 1087 illos
1585 1061 1630 1086 ea
1646 1053 1748 1086 tem-

298 1111 447 1157 pestate
474 1105 791 1143 Normannorum
827 1105 988 1143 virtutis
1027 1112 1066 1144 et
1102 1106 1262 1157 peritiae
1297 1105 1476 1143 militaris
1501 1105 1749 1146 existimatio.

297 1162 371 1200 hos
387 1163 492 1200 inter
509 1162 581 1200 sub
601 1161 699 1199 haec
716 1167 894 1212 tempora
913 1167 995 1200 tres
1013 1167 1082 1200 aut
1096 1169 1266 1212 quatuor
1282 1162 1527 1213 potissimum
1542 1167 1751 1200 ‘recensent

297 1219 510 1270 scriptores
534 1218 741 1270 Byzantini
771 1220 876 1269 (nam
904 1218 953 1255 de
979 1218 1117 1256 ceteris
1139 1219 1206 1269 qui
1230 1218 1366 1256 Alexio
1387 1218 1631 1267 militarunt,
1673 1218 1751 1256 erit

298 1276 397 1314 alius
417 1275 573 1313 dicendi
589 1276 716 1326 locus)
730 1304 740 1322 ,
780 1275 993 1313 Radulfum
1018 1287 1157 1326 nempe
1178 1274 1330 1326 patricii
1352 1274 1537 1325 dignitate
1557 1274 1750 1313 donatum

298 1346 321 1370 a
339 1331 526 1370 Michaele
542 1332 763 1370 Stratiotico
776 1361 787 1380 ,
823 1331 886 1369 cui
909 1331 1055 1370 meruit
1076 1332 1264 1371 adversus
1282 1331 1470 1369 Isaacium
1493 1332 1748 1380 Comnenum,

298 1402 389 1428 cum
417 1388 464 1427 iis
492 1389 534 1427 in
562 1389 673 1427 bellis
703 1388 943 1440 praeclaram
971 1394 1152 1426 navasset
1184 1401 1362 1440 operam:
1420 1387 1667 1425 Goscelinum
1699 1386 1749 1424 de

294 1445 477 1484 Orencho
494 1475 507 1494 ,
535 1446 602 1496 qui
616 1445 689 1483 sub
708 1446 885 1483 Romano
910 1445 1075 1495 Diogene
1094 1445 1265 1496 primum
1286 1445 1329 1482 in
1348 1444 1495 1496 palatio
1519 1444 1650 1482 locum
1674 1443 1749 1481 ob—

292 1502 434 1552 tinuit3
474 1502 694 1554 Crispinum
720 1508 901 1539 nostrum
931 1502 1246 1552 Bryennianum,
1287 1514 1332 1538 ac
1362 1500 1530 1551 denique
1555 1499 1750 1538 Ursellum

293 1558 344 1597 de
363 1558 546 1607 Balliolo‚
582 1558 651 1608 qui
675 1558 749 1596 sub
767 1557 954 1596 Michaele
971 1559 1080 1596 Duca
1102 1571 1165 1596 res
1190 1570 1348 1608 magnas
1364 1557 1491 1608 gessit.
1550 1556 1751 1594 Robertus

291 1620 334 1653 et
352 1615 525 1652 Ursellus
552 1615 624 1652 sub
654 1614 810 1652 eosdem
839 1615 961 1652 ferme
990 1628 1112 1653 annos
1141 1627 1191 1652 ex
1205 1614 1317 1652 Italia
1343 1614 1395 1651 ad
1412 1613 1620 1664 Diogenem
1639 1613 1749 1651 Con-

291 1671 586 1723 stantinopolim
605 1683 760 1712 venere,
819 1684 865 1708 ac
881 1671 1080 1708 Robertus
1108 1668 1266 1720 quidem
1294 1683 1430 1709 versus
1453 1670 1625 1708 Orientis
1651 1683 1748 1721 par-

143 1731 174 1765 P
197 1730 265 1767 208
288 1734 369 1777 tes,
398 1741 489 1766 cum
509 1727 651 1779 copiis,
684 1727 825 1777 quibus
847 1733 1049 1778 praeerat,
1079 1726 1373 1776 Normannicis,
1401 1732 1448 1764 ut
1467 1726 1523 1764 ibi
1542 1726 1747 1775 hiemaret,

286 1785 448 1834 missus,
488 1797 558 1822 seu
585 1797 609 1821 a
639 1790 782 1822 natura
813 1789 911 1821 esset
939 1783 1083 1835 cupido
1107 1783 1228 1834 lucri,
1259 1782 1367 1833 quod
1384 1782 1521 1821 Graeci
1538 1783 1747 1834 scriptores

286 1841 451 1889 volunt,
495 1854 585 1889 seu,
625 1839 733 1890 quod
757 1840 1020 1891 probabilius,
1057 1840 1147 1890 quia
1163 1839 1359 1891 stipendia
1377 1853 1458 1877 non
1481 1838 1610 1878 soluta
1628 1852 1748 1891 prae-

290 1903 469 1946 texeret,
509 1896 657 1935 incolas
679 1897 792 1934 bonis
813 1897 912 1946 suis,
950 1903 990 1934 et
1009 1902 1210 1935 exactores
1227 1896 1480 1947 vectigalibus
1509 1901 1548 1933 et
1571 1896 1748 1947 pecuniis

290 1954 456 2007 publicis
476 1954 636 2006 spoliat,
667 1953 784 1992 obvia
801 1966 976 2004 quaeque
998 1953 1156 2005 diripit,
1187 1953 1428 2001 obsistentes,
1457 1952 1641 1991 caedibus
1658 1953 1748 1991 licet

291 2016 489 2063 parceret,
518 2012 627 2062 fugat
649 2010 870 2060 funditque.
930 2009 1038 2063 quod
1057 2023 1146 2048 cum
1166 2009 1363 2061 perlatum
1386 2015 1485 2047 esset
1504 2009 1555 2047 ad
1575 2009 1747 2060 impera-

291 2073 442 2116 torem,
484 2067 586 2105 illico
607 2067 824 2105 Samuelem
844 2066 1092 2115 Alusianum,
1131 2066 1301 2104 nobilem
1326 2066 1559 2117 Bulgarum,
1597 2066 1747 2117 sibique
1790 2091 1793 2095 κ

291 2124 424 2163 nescio
447 2136 524 2173 qua
542 2124 730 2162 affinitate
750 2123 1023 2172 coniunctum,
1059 2136 1148 2161 cum
1172 2123 1344 2174 quinque
1372 2123 1585 2173 legionibus
1609 2124 1746 2172 mittit,

292 2193 372 2231 quo
392 2180 611 2218 Robertum
633 2187 787 2231 cogeret
804 2181 846 2218 in
866 2180 1054 2219 ordinem.
1083 2179 1191 2219 hunc
1211 2179 1374 2218 adortus
1392 2180 1456 2217 ille
1471 2179 1557 2231 ipso
1577 2178 1746 2231 paseha-

291 2237 343 2274 tis
378 2237 476 2275 festo
506 2236 591 2285 die,
634 2249 657 2273 a
681 2237 855 2275 Roberto
883 2237 1135 2289 profligatur,
1174 2237 1292 2274 caesis
1312 2250 1394 2274 non
1419 2236 1551 2288 paucis
1577 2249 1627 2274 ex
1649 2235 1742 2284 suis,

290 2293 470 2345 pluribus
491 2299 624 2331 tamen
645 2295 787 2344 captis,
818 2307 914 2343 quos
932 2293 1210 2332 humanissime
1227 2299 1426 2341 tractatos,
1457 2306 1502 2330 ac
1515 2291 1743 2331 vulneribus

292 2350 440 2388 curatis
461 2350 567 2388 abire
587 2350 764 2401 permisit
780 2350 977 2388 Robertus
988 2379 999 2398 ,
1029 2350 1153 2387 missis
1171 2350 1321 2388 interea
1338 2349 1388 2387 ad
1410 2349 1615 2400 Diogenem
1634 2348 1743 2399 lega-

290 2407 354 2455 tis,
382 2406 450 2458 qui
468 2407 664 2445 obiectum
683 2406 731 2444 de
746 2406 854 2444 illata
871 2420 892 2444 a
910 2419 950 2444 se
967 2407 1077 2444 clade
1096 2407 1350 2445 amolirentur
1369 2405 1526 2454 crimen,
1547 2411 1587 2443 et
1604 2417 1742 2443 eorum

288 2475 387 2513 quae
413 2469 676 2515 perpetrasset
700 2463 850 2502 invitus
877 2463 1087 2515 impetrata
1113 2464 1251 2512 venia,
1294 2463 1449 2501 fidelem
1471 2462 1514 2500 in
1537 2468 1741 2513 posterum

287 2532 445 2570 operam
464 2534 535 2558 suo
555 2521 712 2558 nomine
730 2520 1025 2572 pollicerentur.
1082 2520 1220 2558 lubens
1243 2521 1381 2558 annuit
1405 2519 1618 2569 imperator
1642 2532 1742 2571 pro-

283 2581 375 2627 pter
394 2576 470 2614 viri
490 2577 749 2626 nobilitatem,
772 2577 900 2628 inquit
921 2577 1119 2629 Scylitzes,
1142 2583 1181 2615 et
1197 2583 1352 2628 partam
1370 2577 1411 2614 in
1433 2574 1541 2612 bellis
1563 2576 1740 2626 gloriam,

286 2631 482 2682 animique
512 2634 804 2681 fortitudinem,
853 2634 963 2672 cuius
1002 2633 1112 2672 haud
1142 2633 1296 2672 modica
1328 2631 1505 2671 ediderat
1532 2632 1742 2684 specimina

287 2688 390 2727 bello
418 2694 557 2727 contra
583 2691 746 2732 Tui-cos.
804 2691 1006 2742 Crispinus
1027 2691 1145 2742 igitur
1174 2703 1223 2729 ex
1251 2689 1328 2728 suis
1356 2688 1508 2739 aliquot
1534 2689 1742 2742 assumptis

290 2741 473 2784 convenit
494 2745 719 2797 Diogenem,
759 2748 898 2786 ceteris
923 2748 964 2786 in
987 2747 1169 2786 Armenia
1198 2746 1603 2796 ad'Maurocastrum,
1632 2745 1740 2797 quod

289 2802 401 2854 prius
422 2809 633 2854 occuparat
654 2804 860 2855 oppidum,
886 2804 1047 2845 relictis.
1104 2804 1172 2842 sed
1191 2817 1285 2841 mox
1312 2816 1335 2839 a
1352 2803 1584 2854 quibusdam
1614 2815 1664 2841 ex
1691 2802 1740 2840 iis

291 2859 358 2909 qui
377 2859 540 2900 Roberti
562 2859 834 2899 detrectabant
851 2861 1077 2912 imperium,
1119 2872 1334 2912 parereque
1360 2860 1602 2910 abnuebant,
1631 2858 1738 2912 apud
