1878 3262
241 225 337 297 318
693 220 899 266 CAROLI
912 245 922 252 ·
931 221 1013 265 DU
1045 183 1257 266 FRESNE

241 334 435 374 Chronico
463 330 706 371 Malleacensi
736 329 782 371 A.
806 332 939 379 1099,
967 329 1079 367 cuius
1107 342 1171 367 res
1193 335 1319 381 gestas
1345 331 1468 371 fusius
1494 330 1701 384 prosequi-

240 405 331 430 mur
346 392 386 428 in
406 389 569 427 laudato
591 401 708 440 opere
730 387 779 426 de
795 387 933 424 Famil.
952 386 1139 426 Oriental.
1170 386 1326 424 interim
1339 387 1406 426 hic
1427 388 1701 427 adnotandum

240 447 371 494 venit,
421 459 502 483 non
540 446 659 483 solius
689 445 885 482 duntaxat
910 443 1232 495 peregrinationis
1259 443 1431 494 intuitu,
1473 446 1582 496 quod
1612 445 1702 484 vult

241 504 475 552 Cinnamus,
519 502 563 539 in
589 501 745 553 Syriam
779 501 1003 552 profectum
1038 499 1306 538 Raimundum
1324 529 1336 548 ,
1378 501 1448 538 sed
1477 515 1499 538 a
1525 501 1701 540 Fulcone

239 559 599 611 Hierosolymitano
615 570 728 610 rege,
764 557 826 595 cui
846 557 1004 594 iunctus
1028 562 1115 594 erat
1137 556 1347 606 affinitate,
1381 557 1432 595 ad
1451 557 1703 596 Constantiae

241 616 401 667 nuptias
433 621 655 656 evocatum.
711 614 769 652 ita
803 614 905 652 enim
940 613 1084 652 diserte
1112 613 1256 665 Tyrius
1288 613 1317 654 l.
1350 613 1401 654 14
1437 626 1472 654 c.
1501 616 1527 654 9
1555 620 1596 653 et
1625 618 1702 662 20,

242 673 425 712 Willelm.
448 673 635 711 Gemetic.
655 671 680 709 l.
696 674 723 713 7
742 685 775 710 c.
792 670 860 721 43,
895 669 1018 708 Math.
1039 669 1160 710 Paris.
1180 668 1225 707 A.
1248 673 1356 712 1132
1378 676 1416 708 et
1435 670 1628 709 Robertus
1653 671 1703 708 de

241 729 379 767 Monte
399 729 445 769 A.
468 732 589 771 1130.
647 733 754 766 errat
779 741 900 779 porro
929 732 1016 766 toto
1048 726 1153 764 caelo
1174 726 1408 778 Cinnamus,
1437 726 1506 777 qui
1525 726 1704 766 Pictones

244 786 388 824 statuit
407 786 459 824 ad
479 785 608 824 sinum
627 785 795 823 Ionium.

356 856 398 894 Ρ.
424 846 477 885 17
499 855 539 881 v.
568 845 637 884 22.
694 839 906 891 πλίνθοις]
946 839 1070 877 Nicet.
1098 838 1138 876 in
1164 838 1271 880 Ioan.
1301 852 1342 876 n.
1376 841 1424 880 7:
1467 835 1705 893 παραπετά-

246 911 373 953 σματα
388 899 456 939 καὶ
478 896 735 952 ἱμαντῶματα
752 897 796 939 ἐκ
816 897 997 949 πηλίνων
1016 896 1214 935 πλίνθων.

356 970 397 1007 Ρ.
418 957 468 997 18
489 969 530 998 v.
549 955 591 997 4.
648 953 922 1004 Βαλὸουῖνος]
963 953 1043 1000 Qui
1061 952 1255 991 Willelmo
1274 951 1395 1004 Tyrio
1415 951 1444 990 1.
1461 954 1513 994 16
1532 965 1565 991 c.
1589 950 1642 994 14
1664 956 1705 990 et

247 1015 299 1054 16
328 1011 571 1050 Baldainus
599 1010 647 1048 de
677 1012 813 1049 Mares
842 1015 1121 1060 nuncupatur,
1160 1011 1245 1058 νίν,
1282 1008 1414 1059 inquit
1441 1008 1527 1057 ille,
1556 1007 1707 1045 nobilis

243 1077 280 1107 et
286 1077 447 1122 potens.
476 1082 516 1108 v.
540 1068 645 1106 infra
662 1081 701 1119 Ρ.
730 1066 826 1109 234.
856 1066 905 1104 de
929 1065 1094 1104 Marasia
1114 1065 1197 1103 dixi
1219 1065 1272 1102 ad
1289 1065 1442 1103 Annam
1459 1078 1498 1116 p.
1516 1063 1613 1107 334.

354 1139 395 1166 v.
423 1128 463 1167 9.
521 1120 835 1177 Μουντάφαρα]
873 1122 1114 1161 Praesidium
1149 1122 1193 1160 in
1226 1123 1415 1160 comitatu
1447 1120 1708 1173 Tripolitano,

244 1182 308 1220 cui
327 1194 472 1220 nomen
494 1182 613 1219 Mons
634 1178 889 1229 ferrandus,
928 1179 984 1216 ait
999 1178 1142 1230 Tyrius
1163 1178 1190 1219 l.
1217 1178 1267 1220 14
1293 1192 1325 1217 e.
1346 1181 1373 1219 6
1398 1178 1452 1219 25
1478 1184 1518 1215 et
1533 1181 1609 1227 26,
1637 1177 1708 1215 ubi

244 1251 329 1277 eam
362 1252 447 1277 rem
476 1243 649 1276 enarrat.
734 1237 948 1275 Cinnamus
988 1235 1183 1286 expressit
1210 1235 1404 1273 Gallicum
1423 1235 1708 1284 Montfi’rrant.

243 1296 469 1334 Brocardus
486 1295 528 1333 in
546 1294 730 1346 descript.
770 1293 915 1331 Terrae
936 1293 1102 1330 Sanctae
1122 1297 1294 1342 quatuor
1311 1291 1360 1329 ab
1378 1290 1592 1328 Acconensi
1611 1290 1708 1329 civi-

243 1358 328 1391 inte
349 1353 529 1390 dissitum
543 1351 663 1390 leucis
681 1351 813 1389 refert.
844 1349 946 1387 adde
970 1350 1167 1386 Sanutum
1187 1347 1214 1388 l.
1237 1351 1262 1390 3
1281 1353 1386 1399 part.
1404 1350 1429 1389 6
1451 1360 1484 1386 c.
1506 1348 1558 1390 15
1579 1352 1620 1384 et
1640 1350 1706 1396 16,

244 1415 283 1447 et
304 1410 483 1448 Vincent.
499 1409 653 1447 Beluae.
672 1408 699 1445 l.
717 1410 768 1448 31
791 1408 901 1458 Spec.
921 1405 1023 1444 Hist.
1040 1419 1075 1446 e.
1099 1404 1194 1446 144.

266 1511 268 1513 ‚
355 1480 393 1518 Ρ.
417 1469 468 1508 19
496 1479 536 1505 v.
557 1468 594 1506 6.
652 1459 723 1514 ἐφ’
754 1459 815 1511 οἷς
844 1463 1016 1514 εἴρηται]
1047 1462 1168 1499 Pacta
1194 1461 1299 1499 inter
1329 1463 1517 1499 Ioannem
1544 1459 1639 1511 imp.
1667 1464 1709 1498 et

241 1523 460 1575 principem
482 1520 772 1559 Antiochenum
797 1520 920 1558 refert
941 1518 1091 1571 pariter
1115 1517 1259 1568 Tyrius
1287 1517 1314 1554 l.
1345 1516 1396 1558 14
1427 1529 1459 1554 c.
1477 1519 1556 1561 30,
1596 1521 1642 1553 ut
1670 1521 1710 1553 et

241 1579 456 1617 Ordericus
476 1577 615 1616 Vitalis
635 1577 661 1618 l.
688 1579 737 1617 13
764 1589 804 1627 p.
828 1575 910 1617 914
935 1581 975 1613 et
995 1574 1102 1623 915,
1143 1573 1213 1611 ubi
1238 1573 1385 1610 bellum
1414 1569 1710 1610 Antiochenum

239 1636 421 1688 pluribus
452 1633 694 1684 exsequitur.
753 1645 879 1683 porro
914 1630 958 1668 id
981 1630 1229 1682 potissimum
1259 1628 1571 1679 observandum,
1609 1625 1731 1667 inito*

239 1692 462 1731 Manuelem
485 1691 592 1729 inter
618 1695 659 1727 et
684 1688 953 1726 Raimundum
983 1687 1164 1736 foedere,
1204 1686 1482 1737 imperatorem
1503 1686 1546 1723 in
1564 1685 1712 1723 Antio-

240 1748 367 1787 cheno
394 1755 527 1787 tractu
557 1746 751 1786 vicarium
782 1758 852 1782 seu
874 1745 1115 1796 praesectum
1138 1743 1405 1792 constituisse,
1445 1741 1513 1793 qui
1537 1755 1608 1780 suo
1630 1755 1710 1779 no-

240 1806 366 1855 mine,
397 1818 497 1855 quae
523 1804 576 1841 ad
605 1814 835 1854 supremum
864 1801 1015 1852 imperii
1043 1800 1104 1838 ius
1132 1804 1376 1851 spectarent,
1406 1804 1710 1849 exsequeretur:

240 1862 309 1913 qui
328 1862 487 1913 quidem
508 1861 731 1912 praefectus
752 1857 872 1895 dacis
888 1856 1136 1895 Antiochiae
1166 1856 1286 1894 titulo
1321 1861 1362 1893 et
1393 1855 1584 1907 dignitate
1609 1868 1711 1906 gau-

242 1919 383 1963 debat,
414 1917 580 1970 perinde
608 1930 653 1954 ac
683 1914 855 1953 eiusdem
877 1913 1104 1966 provinciae
1123 1912 1312 1965 praefecti
1336 1918 1428 1950 ante
1447 1914 1733 1964 expugnatam‘

241 1989 264 2012 a
290 1975 428 2013 Turcis
454 1973 717 2013 Antiochiam.
794 1977 901 2010 certe
928 1970 1005 2009 hac
1031 1970 1221 2021 dignitate
1253 1969 1425 2007 donatus
1455 1969 1595 2020 legitur
1624 1969 1709 2005 Leo

240 2033 478 2082 Maiopolus
503 2031 546 2068 in
575 2030 790 2082 diplomate
817 2027 1032 2073 Raimundi
1054 2025 1460 2078 Pictavini'principis
1479 2023 1711 2063 Antiochiae

243 2094 284 2125 et
303 2087 555 2125 Constantiae
572 2086 714 2125 uxoris
732 2099 783 2123 m.
803 2084 917 2137 April
937 2083 984 2121 A.
1006 2081 1113 2125 1140
1135 2082 1218 2120 ind.
1242 2084 1288 2131 3,
1319 2081 1428 2133 quod
1445 2082 1511 2120 ille
1534 2080 1711 2120 subscri-

242 2144 327 2192 bit,
358 2149 565 2193 exstatque
588 2144 630 2180 in
655 2142 867 2180 Tabulario
887 2143 926 2179 S.
949 2139 1129 2191 Sepulcri
1152 2139 1346 2177 Hierosol.
1378 2144 1418 2176 et
1449 2138 1490 2176 in
1519 2137 1594 2175 alio
1613 2137 1710 2175 Rai-

243 2200 353 2240 naldi
373 2199 607 2238 Antiocheni
632 2198 818 2250 principis
849 2203 889 2235 et
914 2196 1052 2235 uxoris
1073 2195 1325 2234 Constantiae
1348 2195 1424 2236 An.
1442 2192 1569 2242 1154,
1601 2193 1711 2244 quod

243 2258 418 2296 refertur
440 2256 489 2294 ab
509 2254 674 2305 Ughello
694 2255 736 2291 in
756 2253 1057 2304 archiepiscopis
1078 2252 1227 2290 Pisanis
1252 2265 1290 2303 p.
1308 2250 1411 2301 464,
1449 2250 1492 2289 in
1518 2262 1597 2301 quo
1619 2250 1711 2301 qui-

245 2314 336 2352 dem
360 2313 573 2365 diplomate
595 2309 678 2349 Leo
697 2311 934 2361 Maiopolas·
952 2309 1038 2347 dax
1055 2314 1210 2347 tantum
1233 2308 1389 2346 dicitur.

356 2382 397 2409 v.
413 2373 455 2412 7.
515 2366 706 2420 Φαὲριοι]
737 2366 798 2404 Ita
819 2366 941 2404 editio
963 2365 1159 2416 Tolliana3
1191 2364 1261 2402 sed
1283 2377 1398 2402 nemo
1415 2375 1498 2400 non
1513 2361 1626 2401 videt
1647 2362 1709 2400 le-

242 2426 428 2477 gendum,
460 2424 634 2478 Φρέριοι.
692 2423 747 2461 sic
762 2436 884 2475 porro
905 2422 1056 2460 Nicetus
1073 2421 1116 2459 in
1133 2420 1311 2459 Andron.
1331 2419 1356 2457 l.
1373 2422 1393 2460 1
1418 2431 1456 2456 n.
1473 2418 1521 2467 4,
1552 2418 1710 2471 Pachy-

242 2496 368 2521 meres
397 2483 422 2520 l.
443 2483 469 2525 5
503 2496 535 2520 c.
566 2482 592 2522 8
616 2486 656 2518 et
681 2482 755 2529 11,
795 2479 822 2518 l.
841 2482 866 2520 6
898 2492 930 2516 c.
955 2479 1031 2528 14,
1068 2478 1260 2528 Gregoras
1283 2476 1309 2514 Ῑ.
1336 2476 1383 2524 5,
1415 2475 1711 2514 Cantacuzenus

241 2539 272 2581 l.
291 2544 318 2581 2
345 2552 378 2578 c.
406 2541 458 2579 12
488 2543 526 2575 et
553 2536 713 2575 Manuel
735 2535 902 2574 Palaeol.
929 2534 1023 2585 imp.
1059 2534 1170 2572 Orat.
1203 2533 1247 2571 in
1273 2531 1528 2571 Theodorum
1555 2532 1709 2583 despot.

243 2595 386 2634 milites
410 2594 573 2632 militiae
599 2592 759 2644 templi,
799 2597 870 2631 aut
900 2590 1104 2643 hospitalis
1126 2588 1472 2640 Hierosolymitani
1500 2589 1712 2640 appellant,

244 2664 295 2690 ex
307 2651 466 2700 Gallico,
495 2652 645 2699 mares,
670 2663 749 2700 quo
768 2648 926 2687 nomine
944 2647 1144 2698 religiosos
1161 2652 1255 2685 voto
1275 2644 1482 2682 adstrictos
1496 2646 1712 2684 monastico

241 2708 362 2760 vulgo
382 2720 670 2758 nuncupamus,
727 2706 918 2744 Emanuel
939 2704 1151 2754 Georgillas
1180 2703 1222 2740 in
1242 2701 1427 2739 monodia
1456 2716 1528 2741 ms.
1553 2703 1601 2741 de
1625 2702 1712 2755 epi-

244 2765 370 2803 demia
383 2794 393 2813 ,
423 2776 522 2814 quae
542 2763 729 2800 Rhodum
748 2762 916 2800 insulam
936 2760 1082 2798 invasit
1104 2759 1150 2796 A.
1163 2759 1270 2800 1498
1287 2770 1418 2796 mense
1438 2759 1542 2811 Sept.

354 2818 564 2874 ἄρχοντες,
594 2815 801 2867 πλούσιοι,
831 2817 900 2857 καὶ
921 2816 1091 2867 πτωχοί,
1123 2814 1259 2867 μικροί
1277 2829 1318 2855 τε
1335 2813 1404 2854 καὶ
1426 2813 1612 2868 μεγάλοι,

354 2877 422 2918 καὶ
446 2876 552 2924 ἐσοῖς
572 2871 764 2922 αὖθέντες
788 2873 974 2928 φρερίδες
994 2870 1203 2913 όποῦσθαι
1219 2868 1264 2912 τὸ
1283 2866 1455 2924 κεφάλη.
