1878 3262
372 216 432 260 IN
451 215 769 259 HISTORIAM
785 214 1013 259 IOANNIS
1034 214 1265 258 CINNAMI
1281 215 1487 258 NOTAE.
1567 214 1664 260 315

201 333 321 380 patur
342 333 636 379 pantocraton,
666 332 715 364 ut
738 331 780 363 et
805 325 849 363 iu
870 324 946 362 alia
967 324 1142 364 eiusdem
1162 324 1360 377 pontificis
1377 326 1541 378 epistola
1560 326 1668 378 apud

201 384 325 423 Odor.
351 383 606 436 Raynaldum
632 383 672 421 in
703 381 845 423 Annal.
870 381 974 420 Eccl.
1000 382 1050 420 A.
1082 385 1189 424 1207
1218 396 1258 421 n.
1281 385 1332 424 19
1357 389 1395 420 et
1418 386 1495 431 20,
1523 383 1668 423 usitato

199 439 350 480 Latinis
379 447 420 480 et
439 441 603 479 Francis
626 440 713 479 aevi
732 437 854 477 medii
875 438 1134 489 scriptoribus
1156 451 1287 488 more,
1317 440 1385 490 qui
1404 440 1573 478 Graecas
1593 454 1671 479 vo-

201 510 265 536 ces
291 496 334 535 in
365 513 412 550 ορ
443 498 664 536 desinentes
693 497 735 542 in
756 509 826 534 um
845 494 1033 543 efferuut,
1061 501 1110 533 ut
1137 495 1292 546 pridem
1309 510 1331 533 a
1350 496 1463 535 nobis
1482 497 1673 535 observa—

200 560 287 593 tum
309 553 362 592 ad
382 554 577 594 ViUhard.
633 554 676 592 in
696 565 741 591 eo
766 551 978 590 humatum
997 551 1220 590 Manuelem
1239 552 1409 592 tradunt
1425 553 1533 592 idem
1555 553 1674 592 Nice-

200 617 262 650 tas
286 616 326 649 et
345 611 558 650 Cinnamus
576 611 604 650 l.
623 613 663 652 2.
721 609 773 647 ad
799 607 992 647 Manuelis
1010 615 1313 648 monumentum
1327 610 1509 650 lacrimas
1527 611 1674 649 fudisse

200 667 475 708 Andronicum
499 669 733 720 Tyrannum
771 671 912 704 auctor
944 671 1004 703 est
1032 664 1137 703 idem
1164 665 1332 706 Nicetas.
1388 668 1674 706 monasterium

200 725 383 766 virorum
400 726 494 776 fuit,
526 725 637 763 cuius
653 722 896 775 hegumenus
916 735 986 760 seu
1005 722 1124 760 abbas
1145 722 1238 760 olim
1253 723 1332 762 fuit
1345 724 1572 775 patriarcha
1588 724 1674 763 An-

200 780 431 832 tiochenus‚
459 795 511 820 ex
527 780 898 821 Villharduinorum
911 779 1058 818 familia
1078 778 1286 828 oriundus,
1312 787 1359 818 ut
1375 781 1513 832 prodit
1532 782 1673 832 Georg.
1734 782 1737 785 ’

201 838 460 890 Pachymeres
477 839 507 881 l.
521 839 562 881 5.
594 838 771 889 imaginis
789 837 988 888 deiparae,
1018 849 1138 886 quam
1158 849 1181 874 a
1200 836 1248 879 D.
1265 837 1370 875 Luca
1389 838 1586 889 depictam
1606 852 1675 876 as—

202 896 405 944 serebant,
445 896 487 933 in
511 894 588 933 hac
618 895 714 933 aede
739 907 882 945 magno
906 893 1045 945 populi
1075 906 1273 931 concursu
1301 894 1454 944 cultae,
1493 896 1674 934 meminit

200 952 308 991 idem
324 953 496 1004 scriptor
512 952 541 991 l.
561 955 590 993 2
610 965 643 990 c.
662 955 729 993 31.
765 956 888 1002 agunt
912 950 1031 988 etiam
1050 949 1100 988 de
1119 949 1199 988 hoc
1217 952 1457 990 monasterio
1477 952 1672 1003 Gregoras
1693 951 1723 986 P
1746 950 1815 986 413

200 1009 226 1047 l.
246 1012 295 1059 7,
321 1009 495 1048 Codinus
520 1009 569 1048 de
587 1008 700 1048 Offic.
719 1007 843 1046 Aulae
864 1007 935 1047 CP.
954 1020 988 1048 c.
1011 1008 1061 1050 15
1086 1012 1127 1045 ct
1145 1007 1274 1045 Ducas
1297 1022 1329 1048 c.
1350 1011 1425 1058 363
1453 1007 1496 1046 in
1525 1013 1574 1051 11
1595 1023 1670 1048 ur-

200 1066 262 1104 bis
278 1066 438 1118 regione
453 1066 643 1105 statuitur
660 1079 684 1103 a
700 1065 833 1117 Gyllio
851 1064 927 1107 1.4
945 1077 978 1102 c.
997 1066 1046 1113 2,
1077 1077 1101 1101 a
1118 1077 1196 1114 quo
1213 1064 1395 1116 pluribus
1416 1065 1673 1106 describitur:

200 1123 317 1160 iuxta
340 1123 532 1175 templum
557 1137 606 1161 ss.
629 1122 917 1175 apostolorum,
946 1121 989 1159 in
1015 1121 1244 1159 narratione
1272 1135 1344 1161 ms.
1370 1121 1420 1160 de
1446 1123 1673 1163 Belissario·

203 1179 286 1220 ἐκεῖ
303 1176 384 1250 γάρ
397 1179 666 1234 ὖπεστρὲφετο
686 1178 782 1228 εἰς’*
759 1195 830 1219 ενα
848 1174 1128 1245 μοναστήριον.
1185 1176 1312 1219 πολλα
1335 1194 1412 1246 γαρ
1434 1178 1672 1230 ἐνδοξότατα

201 1233 412 1289 βασιλικον
439 1236 508 1277 καὶ
539 1235 638 1289 μέγα
670 1233 714 1277 τό
744 1234 886 1303 λέγουν
913 1230 1220 1304 παντοκράτορα
1254 1232 1412 1290 ἔγγιστά
1442 1251 1525 1278 που
1550 1233 1592 1278 κ’
1615 1238 1674 1287 εἰς

202 1290 325 1334 ἄλλον
343 1291 492 1347 ὦραῖον
510 1289 781 1346 μοναστήριον
799 1289 926 1345 ἆγίων
943 1287 1192 1332 ἀποστόλων.

315 1363 356 1401 Ρ.
373 1354 427 1393 10
443 1363 483 1389 v.
503 1353 567 1393 13
622 1347 841 1403 Ζενγμην]
870 1348 1026 1387 Nicetas
1049 1347 1172 1387 habet
1187 1347 1266 1386 hoc
1285 1347 1374 1388 loco
1392 1354 1431 1408 et
1452 1350 1544 1390 alibi
1567 1347 1674 1392 Ζεύ-

202 1422 359 1460 γμινον.
414 1407 509 1446 vide
531 1406 730 1445 eundem
718 1420 762 1444 111
780 1405 982 1450 Man,1.2
998 1418 1030 1446 c.
1050 1407 1091 1446 7.

314 1461 443 1506 v--14
500 1462 544 1505 ἓν
569 1461 752 1519 Σιρμίῳ]
783 1462 1007 1501 Sirmiensis
1034 1474 1125 1513 ager
1155 1461 1309 1500 medius
1334 1462 1539 1501 interiacet
1567 1463 1675 1502 inter

203 1522 352 1559 savum
371 1525 411 1558 et
431 1520 656 1559 Danubium
670 1549 683 1570 ,
712 1533 795 1558 non
815 1519 899 1558 vini
921 1519 1050 1558 solum
1068 1523 1157 1557 toto
1178 1519 1457 1570 Septentrione
1482 1520 1678 1559 laudatis-

202 1576 311 1627 simi,
340 1575 411 1614 sed
435 1577 555 1615 etiam
580 1589 717 1615 rerum
744 1577 942 1626 omnium,
972 1588 1073 1627 quae
1091 1575 1144 1613 ad
1167 1589 1284 1614 usum
1307 1575 1528 1615 humanum
1548 1579 1679 1629 perti-'-

202 1639 321 1683 nent,
351 1634 486 1685 ferax,
514 1633 647 1685 inquit
666 1633 919 1672 Sambucus
908 1647 949 1671 m
973 1632 1235 1684 descriptione
1251 1631 1491 1685 Hungariae.

314 1703 356 1730 v.
381 1693 449 1733 20.
507 1690 550 1731 ἐκ
577 1706 618 1732 τε
643 1687 888 1745 Λιγούρων]
934 1689 1110 1728 Nicetas:
1138 1688 1208 1730 καὶ
1238 1686 1342 1742 εἶχεν
1376 1686 1678 1744 οἰκειασόμενος

202 1744 278 1798 τήν
302 1747 503 1798 παραλίαν
524 1743 702 1788 Ἰταλίαν.
757 1746 1002 1786 Lombardos
1026 1758 1098 1785 seu
1124 1746 1351 1786 Genuenses
1374 1747 1578 1799 intelligit,
1608 1749 1677 1799 qui

203 1802 314 1841 hoc
302 1816 346 1840 ιιι
365 1803 469 1841 bello
480 1795 646 1843 loanni
634 1818 730 1856 ιιιιΡ.
745 1804 977 1843 militarunt.

317 1873 356 1911 Ρ.
381 1863 430 1901 11
451 1872 492 1900 v,
510 1863 550 1902 9.
608 1860 650 1909 ἐς
672 1858 746 1901 τόν
770 1858 976 1913 ποταμὸν]
1008 1860 1071 1899 Ad
1102 1860 1290 1898 Carasum
1313 1873 1467 1899 amnem
1489 1860 1674 1900 commis-

204 1929 292 1955 sum
309 1916 503 1968 praelium
520 1917 644 1955 refert
665 1917 869 1955 Bonfinius
889 1917 1027 1959 decad.
1046 1920 1073 1958 2
1092 1916 1121 1955 l.
1142 1919 1181 1958 6.

317 1985 358 2012 v.
383 1976 448 2015 18.
500 1969 706 2025 Ἀκούσης
728 1973 798 2014 καὶ
819 1971 1029 2026 Κελαδής]
1066 1973 1324 2012 Thwroczius
1344 1985 1376 2013 c.
1390 1975 1440 2014 71
1471 1978 1513 2011 et
1533 1973 1673 2011 Bonfi-

205 2029 306 2076 nius,
338 2028 389 2066 de
408 2029 485 2067 hac
502 2028 788 2081 Hungarorum
806 2029 917 2068 clade
937 2030 1165 2079 scribentes,
1196 2030 1379 2068 comitem
1397 2032 1527 2068 nescio
1544 2043 1673 2081 quem,

211 2086 282 2125 Ciz
311 2086 492 2136 nomine,
532 2086 701 2125 tradunt
729 2087 771 2124 in
800 2099 846 2124 eo
876 2086 1025 2138 praelio
1055 2086 1309 2137 occubuisse,
1339 2086 1407 2138 qui
1436 2087 1540 2125 forte
1567 2087 1674 2126 idem

204 2142 325 2182 suerit
346 2156 437 2182 cum
453 2139 659 2196 Ἀκούσης
674 2143 865 2181 Cinnami.

318 2213 358 2251 p-
386 2202 440 2243 12
464 2212 505 2241 v.
525 2200 565 2242 4.
625 2200 894 2253 Κουρτὶκιον]
923 2199 1019 2237 Fuit
1046 2199 1322 2255 Curticiorum
1339 2199 1486 2238 familia
1512 2200 1678 2239 illustris

207 2256 460 2295 admodum
449 2270 492 2295 m
520 2256 610 2295 aula
635 2256 1094 2309 constantinopolitana,
1133 2250 1233 2306 quae
1262 2256 1542 2309 Adrianopoli,
1571 2258 1679 2297 unde

207 2314 335 2366 prima
355 2314 390 2352 ei
410 2313 543 2365 origo,
569 2314 612 2351 in
631 2314 772 2352 urbem
789 2313 973 2363 transiit,
1003 2319 1051 2352 ut
1068 2312 1188 2351 habet
1205 2313 1321 2351 Anna
1338 2313 1365 2352 1.
1382 2314 1423 2356 5.

318 2383 358 2410 v-
379 2373 446 2413 11.
505 2366 754 2422 Κριτόπλον]
789 2369 871 2418 Qui
888 2370 987 2408 alius
1002 2376 1043 2408 et
1061 2369 1242 2409 diversus
1260 2370 1423 2410 videtur
1442 2370 1492 2409 ab
1513 2383 1580 2419 eo,
1612 2372 1679 2422 qui

208 2440 290 2466 non
308 2427 428 2465 semel
444 2427 676 2466 Ioannacius
698 2427 893 2478 Critoples
913 2433 1170 2479 nuncupatur
1190 2427 1393 2466 Cinnam0.

320 2498 360 2523 v.
383 2487 449 2527 12.
506 2484 740 2539 γυναικείαν
757 2479 996 2525 ἐνδεδυκότα
1013 2481 1181 2536 στολήν]
1213 2486 1300 2522 Lex
1316 2485 1547 2522 maiestatis
1557 2498 1679 2535 prae-

209 2541 331 2591 cipit,
363 2554 452 2578 eum
477 2543 549 2592 qui
573 2543 823 2579 maiestatem
839 2541 1053 2591 publicam
1078 2542 1262 2590 laeserit,
1290 2542 1428 2591 teneri,
1461 2541 1600 2593 qualis
1623 2549 1682 2579 est

212 2596 281 2634 ille
306 2599 380 2648 qui
402 2599 448 2634 in
476 2598 594 2636 bellis
623 2600 806 2649 cesserit,
837 2605 913 2635 aut
943 2612 1077 2635 arcem
1107 2612 1188 2635 non
1218 2599 1409 2647 tenuerit,
1440 2605 1516 2635 aut
1542 2605 1680 2636 castra

213 2655 459 2692 concesserit.
514 2656 540 2696 l.
559 2658 585 2696 3
611 2655 694 2708 Dig.
725 2655 777 2694 ad
803 2655 890 2706 L.eg
918 2654 1320 2705 1ul.Maiest.,apud
1346 2654 1547 2694 Valerium
1572 2655 1677 2694 Max.

211 2707 238 2746 l·
257 2711 286 2750 2
307 2722 340 2751 c.
365 2714 411 2753 7.
440 2711 628 2750 Rutilius
657 2726 740 2752 cos,
764 2726 807 2750 eo
839 2711 962 2761 bello,
994 2706 1106 2763 qaod
1133 2713 1176 2748 in
1208 2712 1356 2749 Sicilia
1374 2712 1678 2764 cumsugitivis

211 2767 362 2817 gessit,
395 2767 441 2817 Q.
470 2767 646 2807 Fabium
666 2783 859 2822 generum
884 2783 1027 2815 suum,
1057 2769 1159 2820 quia
1184 2769 1432 2821 negligentia
1465 2769 1678 2807 Tauromi-

212 2829 355 2859 tanam
372 2836 503 2860 arcem
520 2828 738 2875 amiserat,
763 2826 982 2879 provincia
1002 2827 1126 2864 iussit
1144 2824 1336 2866 decedere.
1392 2826 1479 2865 Vita
1500 2825 1600 2865 Lud.
1618 2824 1677 2862 Pii

212 2877 258 2916 A.
280 2879 384 2922 828:
422 2881 621 2922 Baldrico
651 2882 750 2923 daci
779 2884 1054 2923 Foroiuliensi
1083 2881 1185 2922 dum
1214 2883 1546 2933 obiiceretu1,et
1568 2894 1672 2934 pto-
