1878 3262
517 205 1061 256 COMMENTARIORUM
1093 209 1146 253 L'.
1161 206 1225 251 Π.
1535 202 1604 249 79

134 329 215 381 χῆς
234 324 274 367 οἱ
291 321 526 375 stafiva&
566 321 589 365 ὅ
618 340 662 366 τε
691 321 949 378 παιδαγωγὸς
969 323 1037 364 καὶ
1064 319 1085 363 ὅ
1107 320 1209 378 πρὸς
1233 319 1307 382 τὴν
1328 315 1607 375 ὃδόν-ὅδηγός,

139 395 257 437 ἔθεον
285 392 341 443 ὡς
368 391 450 435 οἷοί
474 410 514 435 τε
547 385 652 447 ἦσαν
683 391 754 434 τὸν
785 394 913 433 παῖδα
945 389 1176 445 ἐπωμάδιον
1201 391 1391 447 φέροντες
1416 387 1610 440 ἐναλλάξ·

138 465 208 510 καὶ
240 463 319 519 γὰρ
356 456 407 517 ἦν
445 464 599 518 κομιδῇ
628 460 728 511 νέος.
796 460 835 502 οἳ
871 460 946 514 μὲν
978 454 1050 501 οὗν
1082 459 1272 516 ἔφευγον,
1307 459 1346 501 οἳ
1366 459 1411 506 δὲ
1432 456 1611 515 φύλακες

140 519 264 590 φῶτα
282 530 408 588 ᾔτουν
436 532 504 573 καὶ
528 530 631 588 πρὸς
654 529 728 584 τὴν
750 530 879 571 οἲκίαν
904 526 1100 585 ἀνῄεσαν,
1135 528 1239 570 ἔνθα
1273 528 1311 570 οἱ
1345 531 1426 570 τῶν
1451 528 1610 571 παίδων
1628 533 1663 570 D

103 607 131 648 5
141 601 364 643 κατέκειντο
397 602 627 654 σκίμποδες.
696 600 778 641 ἐπεὶ
815 598 858 640 δὲ
893 597 1005 640 κενὸν
1041 596 1245 653 ἐθεώρουν
1270 601 1344 639 τοῦ
1370 595 1611 653 διαδράντος

137 670 209 712 τὸν
245 671 472 723 σκίμποδα,
501 668 628 718 εὐθὺς
658 665 714 718 ὥς
747 665 848 721 εἶχεν
876 667 1044 716 ἕκαστος
1072 666 1211 709 ἔτυπτε
1237 666 1307 710 τὸν
1337 663 1611 721 παιδαγωγόν,

138 740 206 780 καὶ
229 737 445 795 ἐπηρώτων
465 735 689 792 μανθάνειν
711 735 732 778 ὅ
755 753 795 778 τι
820 737 888 778 καὶ
912 736 1063 791 γένοιτο
1083 735 1128 777 τὸ
1149 738 1310 777 παιδίον
1334 735 1405 785 ’ξὺν
1426 738 1486 793 τῷ
1511 752 1612 776 παι-

139 810 323 864 δαγωγῷ.
389 805 412 849 ὅ
434 808 478 848 δὲ
499 805 617 864 ἔφερέ
639 823 680 847 τε
703 805 778 855 τὰς
797 805 953 861 πληγὰς
973 806 1162 860 γενναίως
1181 806 1248 846 καὶ
1270 805 1385 846 οὐδὲν
1406 809 1487 846 τῶν
1505 808 1613 857 βου·

137 875 348 930 λευμάτων
372 874 618 931 ἀπήγγειλεν.
653 876 694 924 ἐς
715 878 908 917 τοσοῦτον
922 874 970 916 ’δ’
997 874 1188 928 ἀπηνείας
1209 877 1420 930 προῆλθον
1445 873 1483 914 οἱ
1498 871 1610 928 βάρη

83 950 260 1002 ᾈΟβαροι
287 942 343 994 ὥς
368 946 436 986 καὶ
460 944 512 986 τὰ
542 945 662 999 σκέλη
690 941 836 985 τούτου
867 946 1162 985 καταθλᾶσθαι
1189 940 1395 999 ῥοπάλοις.
1463 943 1532 985 καὶ
1557 935 1609 995 ἦν

137 1016 236 1056 ἴδεῖν
259 1012 468 1068 ὑπομονὴν
493 1013 640 1070 ἀνδρὸς
664 1013 874 1066 ἕκτομίου,
904 1012 1106 1062 ἀσθενοῦς
1138 1013 1212 1065 μὲν
1247 1015 1306 1068 τῷ
1331 1008 1490 1064 σώματι
1515 1027 1606 1065 γεν-
1628 1023 1663 1059 v
1686 1023 1732 1059 33

136 1084 252 1125 ναίου
289 1083 334 1124 δέ
343 1114 358 1135 ,
393 1081 448 1132 ὡς
478 1082 598 1132 ἔδειξε
610 1114 623 1133 ,
654 1081 727 1136 τὴν
749 1081 889 1136 ψυχὴν
914 1082 1086 1123 ἐπαίνων
1108 1081 1225 1131 ἀξίαν
1248 1082 1315 1122 καὶ
1337 1078 1457 1135 λόγου
1476 1080 1611 1136 κρείτ-

137 1169 248 1194 τονα.
302 1149 540 1206 ἀπογνόντες
562 1145 634 1192 οὖν
655 1150 694 1192 οἱ
716 1149 924 1207 βάρβαροι
945 1148 1040 1199 τούς
1059 1167 1100 1192 τε
1116 1151 1266 1198 ἵππους
1285 1149 1522 1205 ηὐτρέπιζον
1543 1149 1612 1191 καὶ

136 1220 234 1270 τοὺς
254 1218 472 1270 διώξοντας
494 1219 682 1274 ἔπεμπον,
752 1219 848 1261 ἀλλ’
877 1219 915 1261 οἶ
935 1219 1009 1272 μὲν
1035 1217 1162 1269 οὕτω,
1199 1215 1220 1260 ὅ
1245 1219 1287 1259 δὲ
1308 1217 1431 1266 καλὸς
1452 1215 1612 1273 ὃδηγός,

83 1293 127 1329 15
141 1287 286 1344 ὁδηγὸν
311 1290 445 1346 φέρων
470 1287 525 1338 ὡς
550 1289 650 1330 ἔοικε
672 1287 742 1330 τὸν
764 1285 857 1329 ὡσεὶ
878 1285 1084 1344 πρόβατον
1108 1286 1331 1343 ὅδηγοῦντα
1355 1286 1426 1328 τὸν
1442 1285 1612 1343 Ἰωσήφ,
1632 1298 1663 1332 Ρ
1686 1298 1732 1333 55

134 1358 208 1400 »τὸν
234 1359 321 1400 νέον
348 1357 488 1411 λαβὼν
505 1357 656 1413 Ἰωσὴφ
681 1355 768 1410 ἅμα
794 1360 852 1414 τῷ
873 1355 1170 1414 νουνεχεστάτῳ
1201 1358 1448 1412 παιδαγωγῷ
1473 1354 1615 1412 πόρρω

139 1427 329 1472 ’ἀπένευσε
362 1430 445 1481 τῆς
468 1424 591 1477 ὁδοῦ,
627 1427 695 1467 καὶ
729 1423 832 1482 πρός
863 1442 903 1467 τι
938 1424 1035 1481 ὅρος
1069 1426 1292 1483 συνηρεφὲς
1318 1423 1494 1474 ἀνιόντες
1518 1425 1615 1475 τοὺς

139 1493 359 1544 διώκοντας
391 1491 664 1537 κατεσκδπουν
676 1526 691 1546 ,
726 1492 897 1550 ὁρῶντες
916 1494 991 1547 μὲν
1011 1494 1087 1548 οὐχ
1107 1492 1304 1551 ὁρώμενοι
1331 1494 1388 1535 δέ.
1457 1494 1539 1536 ἐπεὶ
1566 1493 1611 1535 δ’

139 1565 278 1606 ἐκεῖνοι
315 1563 384 1606 τὸν
418 1562 597 1621 Σόφωνα
631 1561 878 1619 ὑπερβάντες
916 1564 983 1604 καὶ
1013 1564 1132 1619 μέχρι
1153 1567 1234 1605 τῶν
1255 1567 1328 1618 τῆς
1349 1561 1614 1616 Νικομήδους

81 1637 299 1687 ΞΟτεμπιῦν
322 1630 524 1688 γενόμενοι
549 1633 868 1688 ἐπανέστρεφον,
902 1630 1054 1682 ἰδόντες
1079 1629 1248 1682 τούτους
1271 1635 1614 1681 παλινοστοῦντας
1648 1627 1650 1629 ’

139 1703 178 1744 οἳ
214 1700 427 1759 φεύγοντες
453 1703 626 1756 ἐξῆλθον
659 1700 802 1751 νυκτὸς
828 1702 871 1742 ἐκ
904 1704 985 1743 τῶν
1020 1701 1150 1758 ὀρῶν,
1182 1703 1250 1743 καὶ
1284 1700 1363 1755 ἤδη
1394 1699 1614 1755 μειδιώσης

136 1769 292 1828 ,ἡμέρας
324 1770 397 1825 τὴν
429 1768 690 1826 Νικομήδους
724 1771 970 1824 κατέλαβον,
1005 1772 1074 1812 καὶ
1109 1769 1214 1816 οὕτω
1246 1770 1393 1824 συνέβη
1423 1773 1612 1823 σωθῆναι

139 1947 188 1981 ita
212 1945 336 1980 evenit.
383 1957 459 1980 nam
485 1957 559 1980 cum
585 1945 804 1991 paedagogus
830 1948 865 1979 et
888 1945 1034 1980 rusticus
1049 1945 1128 1979 viae
1144 1944 1212 1979 dux
1227 1945 1472 1980 intellexissent
1487 1945 1611 1995 depre-

140 1994 275 2027 hensam
302 2003 394 2035 rem,
426 2003 564 2037 puerum
593 1992 732 2026 alternis
758 1993 791 2026 in
815 1992 972 2025 humeros
997 1992 1166 2025 sublatum
1199 1993 1302 2036 (erat
1325 1992 1410 2026 enim
1426 1993 1611 2027 tenerrima

139 2039 253 2074 adhuc
275 2039 416 2082 aetate)
445 2049 544 2083 quam
561 2037 756 2082 longissime
769 2045 1011 2083 procurrentes
1026 2043 1256 2083 asportarunt.
1302 2038 1435 2072 interim
1453 2039 1614 2075 custodes
1655 2046 1659 2049 '

140 2085 295 2130 quaesito
312 2085 435 2118 lumine
451 2084 613 2117 conclave
628 2084 775 2126 adeunt,
806 2084 839 2117 in
855 2095 923 2128 quo
940 2084 1053 2117 lectuli
1070 2095 1248 2129 puerorum
1266 2090 1384 2127 erant,
1409 2096 1451 2118 ac
1467 2085 1524 2119 ubi
1541 2085 1613 2120 eius

139 2131 199 2176 qui
215 2131 348 2164 abierat
363 2130 472 2163 cubile
488 2141 632 2163 vacuum
647 2129 827 2171 viderunt,
858 2130 892 2163 in
910 2131 1065 2163 miserum
1081 2130 1314 2175 paedagogum
1331 2142 1394 2175 pro
1412 2143 1450 2165 se
1470 2131 1613 2177 quisque

139 2177 292 2211 insiliunt
306 2187 347 2209 ac
363 2176 484 2221 pugnis
501 2187 575 2209 eum
591 2175 804 2220 fustibusque
820 2187 883 2220 pro
900 2187 938 2209 se
954 2175 1096 2220 quisque
1121 2177 1367 2210 contundentes
1384 2177 1500 2211 dicere
1516 2178 1615 2212 iube-

140 2223 224 2256 bant
238 2249 249 2265 ‚
279 2223 358 2267 quid
376 2222 419 2255 de
435 2222 543 2255 altero
561 2233 665 2266 puero
682 2221 822 2265 eiusque
839 2221 1038 2266 paedagogo
1056 2223 1180 2256 sactum
1197 2227 1297 2256 esset.
1345 2223 1406 2257 ille
1427 2234 1512 2257 vero
1538 2225 1614 2258 sor-

140 2268 222 2302 titer
238 2268 356 2313 plagas
373 2269 542 2301 tolerabat
556 2279 620 2301 nec
638 2267 739 2300 ullum
754 2274 867 2301 tamen
884 2268 959 2301 initi
974 2268 1101 2301 consilii
1116 2268 1197 2302 fecit
1212 2268 1380 2303 indicium.
1426 2269 1460 2303 in
1481 2275 1615 2305 tantum

140 2320 253 2349 autem
276 2314 489 2348 immanitatis
514 2313 667 2359 provecti
687 2318 766 2346 sunt
794 2313 930 2347 barbari
942 2341 953 2357 ‚
984 2318 1023 2347 ut
1049 2314 1153 2348 etiam
1179 2326 1279 2348 crura
1304 2315 1474 2361 stipitibus
1490 2316 1614 2350 misero

141 2360 405 2402 confringerent.
453 2361 488 2393 iu
517 2372 583 2404 quo
611 2359 695 2392 mira
718 2359 850 2392 exstitit
864 2359 1031 2404 patientia
1047 2360 1170 2393 evirati
1187 2361 1345 2400 masculi,
1376 2373 1521 2406 corpore
1537 2363 1614 2406 qui-

144 2406 218 2439 dem
235 2406 358 2439 infirmi
374 2411 412 2439 at
426 2406 523 2440 fortis
540 2405 648 2438 animo
659 2430 669 2445 ‚
700 2410 739 2438 ut
755 2405 933 2450 praeclare
948 2406 1124 2450 probavit,
1157 2406 1250 2439 cuius
1265 2407 1366 2440 fldem
1387 2407 1616 2452 virtutemque

142 2452 236 2485 uuna
258 2452 343 2485 satis
366 2452 476 2485 oratio
491 2451 696 2486 laudaverit.
744 2451 925 2496 desperata
939 2451 1043 2495 igitur
1058 2464 1101 2485 ex
1119 2452 1331 2485 confessione
1348 2453 1616 2497 pertinacissime

141 2497 271 2532 silentis
287 2498 337 2531 rei
352 2498 543 2542 cognitione
560 2497 694 2531 barbari
710 2508 816 2541 equos
833 2497 1018 2541 expediunt
1036 2504 1072 2531 et
1090 2498 1147 2541 qui
1163 2499 1338 2532 retrabant
1354 2498 1519 2542 fugitivos
1536 2500 1617 2534 mit-

140 2547 228 2577 tunt.
275 2543 354 2577 dum
370 2545 453 2578 baec
466 2549 630 2588 geruntur
646 2543 734 2576 fidus
748 2544 825 2576 viae
840 2543 982 2585 ductor,
1007 2554 1080 2577 eum
1098 2544 1247 2577 imitatus
1260 2570 1269 2583 ‚
1294 2543 1352 2588 qui
1367 2544 1505 2579 deducit
1519 2546 1616 2582 velut

143 2600 240 2623 ovem
264 2589 412 2635 loseph,
442 2590 644 2623 Michaelem
668 2599 805 2634 puerum
831 2600 954 2622 novum
980 2588 1104 2633 Ioseph
1124 2589 1268 2623 humeris
1286 2590 1499 2635 impositum,
1529 2604 1615 2637 pru-

144 2634 337 2669 dentissimo
362 2643 526 2679 sequente
548 2635 770 2681 paedagogo,
801 2634 901 2678 longe
931 2645 951 2667 a
977 2634 1033 2668 via
1057 2635 1191 2669 militari
1216 2635 1251 2668 in
1273 2641 1420 2670 montem
1436 2639 1613 2682 quemdam

143 2680 319 2714 frondibus
343 2682 589 2726 fruticibusque
613 2681 816 2715 latebrosum
841 2680 1018 2722 subducit,
1050 2681 1140 2714 unde
1164 2682 1248 2715 tecti
1262 2682 1329 2727 ipsi
1344 2683 1477 2728 tutique
1492 2685 1614 2729 explo-

143 2737 222 2759 rare
245 2737 319 2760 mox
333 2751 345 2768 ‚
374 2733 414 2760 ut
428 2729 701 2772 augurabantur,
734 2727 886 2760 exituros
901 2727 1004 2770 fugae
1021 2727 1284 2772 reprehensores
1299 2736 1449 2774 possent.
1498 2730 1613 2764 vident

143 2772 218 2805 illos
230 2771 296 2815 ipsi
311 2784 377 2806 non
391 2773 456 2807 visi
474 2801 485 2817 ‚
515 2780 619 2818 atque
633 2773 690 2807 ubi
705 2773 839 2806 eosdem
851 2798 862 2814 ‚
894 2772 1023 2806 frustra
1038 2773 1200 2818 Sophone
1213 2779 1328 2808 monte
1342 2781 1502 2821 superato
1514 2803 1524 2820 ‚
1555 2787 1613 2810 us-

144 2829 211 2862 que
227 2817 271 2850 ad
285 2818 394 2852 valles
408 2819 627 2854 Nicomediae
641 2819 771 2853 vicinas
787 2829 988 2864 progressos
1008 2826 1258 2864 conspexerunt
1270 2821 1388 2855 irritos
1402 2822 1476 2866 spei
1490 2833 1611 2855 rever-

143 2867 257 2898 tentes
268 2888 280 2906 ,
311 2863 378 2910 ipsi
400 2868 471 2899 tum
495 2877 558 2912 per
583 2870 719 2902 noctem
733 2876 913 2901 nemoroso
929 2865 1073 2911 digressi
1087 2865 1216 2901 vertice
1231 2867 1292 2902 sub
1308 2866 1487 2902 diluculum
1502 2867 1611 2902 Nico-
