1878 3262
221 199 321 247 326
671 195 876 240 CAROLI
908 195 991 240 DU
1022 196 1237 241 FRESNE

333 321 372 360 p,
386 309 441 350 67
456 319 498 349 v.
517 304 555 348 5.
611 304 800 359 Βρίττιοι]
822 304 1030 344 Britannos
1047 310 1087 344 et
1097 304 1260 344 Brittios
1274 307 1494 359 promiscue
1511 305 1683 359 appellat

223 365 434 405 Cinnamus
461 362 686 401 Britanniae
709 363 858 402 insulae
882 362 1046 401 incolas:
1075 362 1280 412 Brittium,
1309 377 1379 402 seu
1401 364 1588 417 Βριτίαν,
1615 363 1683 402 in-

221 422 348 461 sulam
371 420 495 471 ipsam
510 419 725 472 Procopius
743 420 769 459 l.
789 418 815 460 4
834 419 883 458 de
902 420 1008 458 Bello
1029 418 1208 458 Gothico.
1265 419 1316 457 ad
1333 420 1589 469 Britanniam,
1612 433 1682 458 seu

80 482 110 517 P
132 482 200 519 439
221 478 453 526 Britannos,
482 477 584 515 sorte
604 482 757 529 spectat
772 490 978 525 nummus,
1010 475 1053 514 in
1070 489 1148 526 quo
1168 475 1360 527 scriptum
1376 479 1620 518 BPETTLL
1631 478 1683 517 N.

222 548 312 573 cum
329 537 365 573 T
377 533 531 585 supino,
549 546 617 572 seu
634 533 807 582 inverso,
825 547 898 585 pro
913 535 954 572 ,Ω
964 562 973 579 ,
994 538 1037 571 ut
1053 532 1095 570 in
1106 533 1227 571 altero
1241 534 1684 575 MAZZAALHTAEN.

222 590 331 644 apud
349 591 496 629 Anton.
514 589 719 641 Augustin.
740 590 884 641 Dialog.
900 593 926 632 6
948 588 1140 640 Antiquit.
1159 590 1441 628 Romanarum.

334 660 373 688 v.
410 650 474 690 13.
529 642 812 701 Ἁλέξανδρον]
852 646 1078 685 Alexander
1101 647 1299 685 Gravinae
1321 646 1366 684 in
1396 645 1510 684 Italia
1540 657 1684 695 comes,

222 703 424 755 aRogerio
444 702 594 741 Siciliae
611 716 700 756 rege
719 703 1025 756 possessionibus
1043 703 1122 741 suis
1139 709 1303 755 propter
1317 702 1571 742 rebellionem
1588 714 1687 749 exu-

222 766 312 809 tus,
339 760 383 798 in
403 760 634 799 Dalmatiam
655 761 848 812 primum,
877 774 972 798 mox
989 760 1370 811 Constantinopolim
1392 759 1444 797 ad
1469 758 1688 810 imperato-
1744 765 1748 768 ’

221 829 308 857 rem
332 816 554 856 Manuelem
578 819 797 870 profectus,
837 816 962 855 eidem
984 816 1166 868 deinceps
1186 817 1392 865 militavit,
1430 815 1492 854 uti
1509 814 1689 867 pluribus

221 880 390 913 narrant
410 874 564 912 Nicetas
583 874 624 913 in
643 875 747 914 Man.
771 874 796 912 l.
819 878 847 917 2
874 887 914 914 n.
935 878 985 925 6,
1023 873 1250 912 Alexander
1273 874 1360 911 abb.
1382 872 1581 911 Celesinus
1604 871 1630 910 l.
1650 874 1689 920 1,

223 943 301 969 rer.
323 936 421 980 gest.
449 931 589 981 Roger.
612 931 715 970 Sicil.
745 943 826 981 reg.
854 943 888 970 e.
917 933 970 972 19
1000 930 1027 970 l.
1053 934 1080 972 2
1111 944 1144 969 c.
1170 933 1225 973 33
1256 933 1310 973 36
1345 932 1399 972 37
1420 935 1459 967 et
1475 931 1551 977 38,
1581 927 1689 966 Otho

222 986 389 1038 Frising.
411 986 438 1025 l.
467 991 487 1029 1
523 986 572 1025 de
605 994 700 1038 gest.
722 987 831 1025 Frid.
862 1000 895 1025 c.
922 986 977 1030 24
1004 986 1030 1025 l.
1051 990 1078 1028 2
1110 1000 1143 1027 c.
1165 990 1214 1029 11
1242 993 1282 1025 et
1307 986 1525 1026 Willelmus
1545 983 1690 1036 Tyrius

221 1042 248 1082 l.
261 1045 314 1084 20
326 1057 359 1081 c.
372 1042 398 1084 4
413 1048 452 1080 et
465 1041 527 1084 14.
559 1043 754 1082 Gravinae
768 1043 979 1081 comitatus
998 1043 1115 1081 datus
1130 1050 1221 1095 post
1238 1043 1334 1081 haec
1355 1057 1376 1080 a
1390 1042 1555 1093 Rogerio
1569 1040 1690 1090 Adae,

222 1099 344 1138 nobili
365 1104 404 1137 et
424 1104 587 1138 strenuo
606 1099 874 1150 adolescenti,
889 1099 991 1138 filiae
1008 1112 1101 1140 suae
1120 1100 1278 1140 marito.
1336 1098 1563 1138 Alexander
1581 1097 1693 1136 Cele-

222 1155 331 1194 sinus
347 1155 372 1193 l.
394 1158 419 1197 3
440 1168 474 1194 e.
493 1158 560 1197 26.

338 1225 380 1263 p-
403 1213 456 1253 68
473 1225 512 1252 v.
535 1214 599 1254 13.
655 1215 730 1253 τοῦ
754 1207 990 1263 Ἀλαμανῶν
1023 1208 1169 1265 ρηγὸς]
1201 1211 1354 1251 Mirum
1369 1224 1487 1262 quam
1507 1209 1693 1249 Graeculi

223 1267 290 1307 isti
313 1267 525 1320 scriPtores
543 1268 713 1321 principi
734 1282 805 1307 suo
829 1268 1163 1318 adblandiuntur,
1205 1268 1301 1306 dum
1318 1268 1567 1320 imperatoris
1589 1266 1694 1305 titu-

223 1323 310 1363 lum
338 1330 380 1363 et
409 1324 640 1376 dignitatem
661 1325 756 1364 huic
775 1325 847 1364 soli
867 1331 1068 1374 asserunt,
1108 1325 1349 1363 Germanicis
1369 1324 1552 1375 Augustis
1570 1323 1695 1362 ‹lene-

225 1386 341 1432 gant,
381 1394 479 1431 quos
504 1394 642 1433 regum
668 1382 930 1434 appellatione
962 1382 1170 1420 donandos
1199 1387 1358 1420 tantum
1379 1386 1539 1419 censent
1560 1385 1600 1418 et
1621 1393 1695 1419 vo·-

225 1437 340 1486 lunt,
374 1438 485 1488 quasi
505 1439 748 1478 Graecorum
778 1445 879 1477 esset
901 1438 950 1476 de
973 1438 1210 1489 dignitatum
1232 1444 1272 1478 et
1289 1437 1500 1475 titulorum
1519 1436 1697 1474 honora-

224 1493 379 1534 riorum
399 1495 673 1546 praerogativa
701 1495 921 1534 decernere.
979 1507 1120 1534 verum
1136 1508 1233 1533 mox
1253 1493 1548 1545 imperatoriam
1566 1492 1697 1544 digni-

226 1555 350 1588 tatem
369 1550 459 1602 plus
486 1552 578 1589 satis
598 1552 772 1602 agnoscit
799 1552 842 1589 in
861 1550 1102 1589 Germanicis
1121 1550 1366 1602 principibus
1383 1579 1394 1599 ,
1431 1562 1530 1600 quos
1551 1562 1597 1587 eo
1618 1562 1697 1586 no-

227 1606 332 1645 mine
349 1619 469 1658 supra
485 1620 593 1659 reges
612 1607 731 1646 fuisse
748 1607 889 1647 innuit.
945 1607 1038 1646 vide
1060 1613 1173 1645 notas
1190 1607 1241 1645 ad
1257 1607 1395 1645 Annae
1408 1619 1445 1658 p.
1465 1608 1532 1648 30.
1588 1611 1697 1643 cete-

226 1676 318 1702 rum
339 1663 545 1702 Conradus
573 1664 802 1716 priusquam
830 1664 908 1702 iter
935 1671 1152 1715 capesseret
1172 1676 1244 1715 per
1263 1664 1505 1701 Graecorum
1528 1662 1698 1714 provin-

228 1720 329 1768 cias,
358 1719 531 1770 legatum
551 1721 713 1760 miserat
734 1721 784 1758 ad
803 1721 1045 1768 Manuelem,
1076 1726 1318 1758 commeatus
1343 1725 1384 1757 et
1407 1718 1600 1757 transitus
1619 1719 1699 1757 im-

227 1776 415 1829 petrandi
434 1777 571 1828 gratia.
631 1777 679 1816 de
698 1776 775 1815 hac
796 1777 990 1828 legatione
1011 1776 1167 1814 Nicetas
1185 1776 1228 1814 in
1250 1778 1354 1813 Man.
1375 1775 1401 1816 l.
1422 1779 1442 1816 1
1466 1788 1504 1812 n.
1525 1773 1568 1817 4.

341 1846 381 1884 p.
407 1835 461 1877 69
478 1847 518 1873 v.
534 1836 575 1875 2.
631 1829 812 1886 πόλεμόν
829 1849 870 1874 τε
889 1833 1145 1886 συνδιαφέρει
1166 1828 1318 1887 τούτῳ]
1349 1832 1491 1882 Tangit
1510 1831 1588 1870 hoc
1609 1832 1698 1870 loco

228 1888 443 1928 Cinnamus
473 1895 649 1929 veterem
681 1890 913 1928 Latinorum
941 1902 1092 1927 morem
1127 1896 1167 1928 et
1191 1895 1395 1940 receptum
1427 1901 1569 1938 usum,
1619 1901 1699 1939 quo

226 1945 367 1984 vasalli
394 1946 437 1984 in
460 1946 781 2001 expeditionibus
805 1946 954 1985 bellicis
970 1946 1152 1985 dominos
1173 1946 1281 1997 sequi
1302 1945 1367 1985 vel
1384 1945 1565 1983 comitari
1585 1950 1701 1982 tene-

228 2000 391 2041 bantur.

343 2071 384 2096 ν.
418 2060 481 2099 10.
540 2057 767 2111 Γερμανὸς]
799 2058 1007 2097 Exercitus
1029 2071 1169 2110 nempe
1192 2057 1462 2106 Francorum,
1493 2055 1593 2095 duce
1611 2056 1699 2095 Lu-

231 2112 374 2153 dovico
395 2112 465 2151 V11
483 2125 584 2163 rege,
617 2116 685 2164 qui
705 2116 942 2154 Alamannos
958 2116 1141 2167 proxime
1159 2115 1391 2153 subsecutus
1411 2118 1482 2153 est.

342 2169 440 2209 ibid.
496 2165 571 2209 οὐκ
595 2167 687 2211 οἶδα
706 2169 802 2212 ὅτου
825 2171 964 2225 ἕνεκα]
997 2173 1059 2211 Ne
1073 2172 1245 2224 populis
1265 2173 1370 2208 inter
1387 2185 1429 2207 se
1450 2165 1700 2207 dissidenti-

233 2225 308 2264 bus
342 2227 610 2264 contentiones
640 2229 866 2278 orirentur,
915 2236 952 2267 et
982 2236 1030 2267 ut
1057 2227 1308 2267 commodius
1337 2228 1444 2266 vitae
1473 2227 1701 2264 necessaria

233 2282 326 2320 suis
345 2289 616 2334 procurarent
630 2283 884 2335 legionibus,
925 2287 1119 2336 equisque
1135 2292 1172 2322 et
1191 2285 1381 2323 iumentis
1399 2280 1459 2320 ad
1479 2295 1603 2319 onera
1623 2280 1701 2319 de·-

226 2339 393 2391 putatis
406 2338 567 2390 pabula
583 2353 664 2376 non
680 2338 865 2378 deessent.
922 2342 980 2379 ita
1004 2341 1112 2381 Wiss.
1131 2341 1276 2392 Tyrius
1295 2340 1324 2382 l.
1345 2342 1398 2381 16
1417 2351 1452 2378 e.
1477 2339 1528 2379 19
1540 2366 1552 2388 ,
1583 2338 1699 2376 Gesta

230 2394 387 2436 Ludov.
407 2395 490 2445 VII,
511 2394 638 2434 Math.
653 2396 778 2441 Paris,
800 2401 841 2433 et
856 2395 935 2436 alii.

349 2466 391 2492 v.
419 2453 487 2495 19.
545 2451 586 2500 ἐς
615 2449 902 2505 ἐννενήκοντα]
943 2451 1162 2491 Willelmus
1195 2451 1360 2503 Tyrius:
1399 2456 1446 2487 ut
1473 2457 1702 2489 constanter

235 2515 426 2546 asserunt
443 2508 514 2560 qui
532 2510 577 2547 in
593 2523 640 2554 ea
658 2507 906 2561 expeditione
909 2510 1111 2560 fuerunt,
1141 2510 1184 2546 in
1200 2509 1284 2546 solo
1304 2505 1460 2544 domini
1479 2508 1702 2558 imperato-

235 2565 296 2602 ris
324 2567 525 2602 comitatu
550 2564 609 2603 ad
634 2567 897 2619 septuaginta
917 2566 1053 2603 millia
1068 2567 1248 2616 fuerunt
1267 2564 1555 2612 loricatorum,
1586 2577 1702 2602 exce-

227 2622 318 2672 ptis
331 2619 562 2672 peditibus‘,
589 2623 794 2673 parvulis,
824 2630 862 2660 et
881 2622 1137 2671 mulieribus,
1167 2628 1203 2659 et
1220 2619 1424 2672 equitibus
1443 2620 1541 2657 levis
1559 2633 1702 2658 arma-

235 2684 353 2715 turae
365 2693 379 2717 .·
408 2679 453 2714 in
474 2680 647 2717 exercitu
664 2693 754 2717 vero
775 2681 882 2731 regis
899 2680 1151 2717 Francorum
1163 2707 1174 2728 ,
1203 2673 1386 2715 virorum
1398 2677 1577 2725 fortium
1596 2677 1702 2714 lori-

238 2735 299 2771 cis
322 2735 526 2771 utentium
557 2749 750 2773 numerus
778 2735 839 2773 ad
869 2737 923 2776 70
954 2736 1116 2783 millia,
1169 2740 1328 2783 excepta
1357 2733 1485 2770 classe
1511 2731 1700 2783 secunda,

239 2790 574 2830 aestimabantur.
633 2791 740 2830 Otho
766 2791 1021 2842 Frisingensis
1052 2791 1101 2828 de
1131 2789 1333 2827 Conrado:
1373 2797 1532 2826 tantam
1563 2797 1701 2827 autem

232 2854 330 2899 post
363 2861 404 2885 se
438 2846 741 2886 multitudinem
772 2849 916 2897 traxit,
962 2854 1011 2885 ut
1037 2854 1073 2884 et
1102 2847 1280 2895 flumina
1316 2844 1375 2883 ad
1406 2845 1699 2898 navigandum,
