1878 3262
218 202 314 247 358
664 200 868 242 GAROLI
902 200 982 243 DU
1017 201 1229 244 FRESNE

327 325 369 362 Ρ.
385 313 464 352 182
478 323 517 349 v.
533 312 598 352 13.
632 305 859 363 ἀφαιρεῖται
877 307 965 362 μὲν]
995 309 1102 347 Idem
1114 310 1280 362 Tyrius:
1300 309 1358 350 ad
1375 312 1512 350 urbem
1522 309 1682 350 Mami.-

218 378 348 407 stram
358 367 560 418 pervenit,
599 366 672 404 ubi
686 374 781 418 post
803 367 953 404 multos
974 368 1174 404 circuitus
1203 381 1294 405 cum
1322 381 1481 406 summa
1504 369 1683 420 ignomi-
1703 382 1706 385 ’

217 427 290 463 nia
319 430 355 460 et
378 423 527 475 populi
552 425 681 461 nostri
707 423 941 475 confusione
979 424 1185 473 imperiali
1215 425 1499 462 reconciliatus
1528 432 1584 462 est
1613 438 1682 462 ex-

219 481 438 519 cellentiae.
498 478 625 517 nudis
652 482 778 531 enim,
822 487 869 517 ut
895 479 1074 528 dicitur,
1105 479 1304 531 pedibus,
1341 479 1514 519 indutus
1541 482 1681 532 laneis,

219 538 395 575 manicis
418 550 546 588 usque
565 534 626 574 ad
644 537 824 575 cubitum
849 534 1093 585 decurtatis,
1126 538 1237 586 fune
1266 538 1377 574 circa
1406 537 1557 575 collum
1582 538 1684 576 reli-

215 601 342 646 gato,
375 592 570 645 gladium
592 592 744 631 liabens·
761 595 805 631 in
825 607 951 630 manu
969 591 1147 642 nudum,
1192 607 1308 645 quem
1329 607 1516 632 mucrone
1538 587 1683 642 tenens,

221 652 343 688 cuius
371 650 569 701 capulum
598 648 759 688 domino
789 651 1025 700 imperatori
1046 651 1294 701 porrigeret,
1326 664 1465 688 coram
1487 651 1685 689 universis

220 707 450 759 legionibus
479 705 640 745 domino
664 709 901 759 imperatori
921 714 1207 757 praesentatus
1236 714 1316 745 est:
1355 707 1493 759 ibique
1511 713 1603 746 ante
1615 721 1686 759 pe-

222 762 291 801 des
310 765 400 801 eius
418 761 478 801 ad
500 770 650 801 terram
664 770 921 815 prostratae,
956 762 1110 801 tradito
1140 762 1302 802 domino
1334 764 1569 815 imperatori
1591 763 1687 815 gla-

222 819 291 858 dio
306 850 316 869 ,
346 819 511 858 tamdiu
531 821 683 870 tacuit,
726 834 934 872 quousque
953 821 1112 858 cunctis
1129 828 1345 858 verteretur
1366 822 1410 858 in
1427 834 1625 858 nauseam
1652 826 1697 859 et.

223 878 449 915 latinitatis
471 877 652 929 gloriam
680 884 843 916 verteret
873 878 918 913 in
939 877 1200 928 opprobrium
1229 884 1266 914 et
1285 880 1342 915 in*
1353 875 1620 929 delinquendo
1652 883 1688 914 et

221 933 514 984 satisfaciendo
535 933 912 971 vehementissimus.
969 934 1114 971 mirum
1133 946 1225 972 sane
1247 933 1446 984 quomodo
1464 933 1527 973 vir
1549 932 1687 972 fortis-

222 990 342 1028 simus
371 990 517 1041 quique
549 996 610 1027 tot
637 989 784 1041 egregie
811 990 923 1027 sactis
951 989 1193 1030 inclaruerat
1223 996 1358 1030 tantae
1387 1004 1427 1030 se
1454 989 1688 1042 ignominiae

222 1053 263 1085 et
280 1047 462 1085 infamiae
476 1046 700 1086 subiecerit.

333 1150 371 1188 p.
402 1138 482 1178 183
508 1149 547 1175 v.
575 1134 641 1177 14.
698 1137 965 1187 Βαλδουῖνος]
1011 1137 1066 1175 Ut
1094 1136 1146 1174 ad
1171 1136 1452 1188 imperatorem
1483 1134 1688 1174 accesserit

222 1191 442 1231 Balduinus
462 1192 528 1241 ΙΙΙ,
554 1191 746 1230 Hierosol.
770 1205 861 1240 rex,
891 1199 932 1229 et
949 1193 1162 1244 principem
1191 1193 1443 1245 Raynaldum
1467 1192 1592 1231 eidem
1621 1203 1689 1230 re-

225 1249 494 1289 conciliaverit
520 1254 659 1287 narrat
676 1246 781 1287 idem
798 1249 942 1301 Tyrius
962 1250 989 1287 1.
1015 1251 1067 1292 18
1090 1263 1122 1288 c.
1142 1249 1211 1293 24.

336 1352 377 1390 p·
402 1337 483 1381 184
503 1352 539 1378 v.
555 1338 621 1380 15.
678 1335 946 1390 Στυπειώτης]
969 1339 1065 1376 Rem
1076 1338 1195 1390 paulo
1205 1351 1315 1377 secus
1324 1340 1446 1378 refert
1457 1338 1610 1378 Nicetas
1624 1338 1689 1379 1.ss

223 1410 262 1434 n.
283 1394 310 1435 4
332 1402 372 1433 et
391 1409 412 1432 a
432 1395 632 1446 logotheta
663 1395 813 1444 dromi,
856 1395 944 1434 viro
968 1396 1139 1445 nefario,
1178 1408 1250 1447 per
1277 1396 1467 1435 invidiam
1494 1401 1535 1434 et
1565 1393 1692 1433 confi-

224 1452 298 1490 ctis
326 1452 551 1498 calumniis,
607 1458 810 1503 tamquam
851 1452 1094 1490 clandestina
1124 1465 1214 1490 cum
1245 1453 1441 1492 Willelmo
1466 1451 1695 1490 Siculorum·

223 1520 314 1559 rege
343 1509 510 1559 agitaret
532 1509 714 1556 consilia,
745 1509 1059 1547 circumventum
1081 1508 1334 1548 Theodorum
1355 1510 1578 1561 Stypiotam
1601 1514 1692 1547 tra-

224 1565 295 1603 dit.
353 1565 405 1602 ad
427 1565 663 1602 Cinnamum
687 1565 837 1602 accedit
865 1566 1025 1615 propius
1044 1565 1265 1617 Radevicus
1283 1566 1310 1606 l.
1332 1568 1357 1606 3
1386 1566 1436 1604 de
1456 1566 1565 1604 Gest.
1582 1563 1691 1602 Frid.

225 1635 258 1659 c.
280 1621 349 1670 47,
382 1621 454 1659 etsi
481 1621 595 1658 aliter
623 1621 800 1671 perinde}
821 1620 1028 1659 historiam
1054 1621 1159 1659 hanc
1187 1622 1401 1660 describat:
1446 1624 1556 1660 circa
1585 1619 1691 1658 idem

225 1685 383 1729 tempus
402 1677 593 1716 Manuale
615 1675 828 1728 Cpolitano
855 1679 950 1729 imp.
981 1680 1090 1715 circa
1112 1686 1252 1729 partes
1281 1678 1526 1717 Antiochiae
1550 1683 1693 1716 contra

230 1734 390 1772 Turcos·
413 1748 507 1771 cum
527 1737 701 1772 exercitu
718 1741 919 1779 morante,
958 1749 1067 1772 unus
1094 1735 1142 1773 de
1159 1737 1285 1774 servis
1301 1735 1480 1786 palatii,
1520 1734 1693 1772 canicli-

226 1804 307 1828 nus
324 1789 528 1840 videlicet,
558 1805 672 1842 quem
693 1805 768 1828 nos
786 1791 1078 1828 cancellarium
1096 1791 1226 1829 dicere
1244 1806 1484 1843 possumus,
1509 1791 1692 1843 principi

227 1861 301 1885 suo
313 1847 516 1898 fraudem
534 1848 704 1885 molitus
724 1855 792 1886 est.
852 1854 931 1885 tres
950 1846 1152 1899 siquidem
1170 1848 1472 1887 audaci-ssimae
1491 1849 1693 1886 temerita-

227 1906 283 1941 tis·
316 1906 477 1943 iuvenes
506 1904 674 1955 infinita
699 1911 909 1955 corruptos
928 1906 1109 1955 pecunia
1137 1905 1196 1943 ad
1225 1904 1487 1943 occidendum
1512 1907 1694 1956 impera-s

228 1968 350 1998 torem
359 1962 602 2012 pellexerat,
635 1963 798 2013 ipseque
817 1968 975 1999 statuta
995 1960 1060 1998 die
1082 1960 1246 2012 quando
1273 1961 1322 1999 id
1335 1964 1511 2012 facinus
1523 1961 1695 2012 patrari

227 2015 420 2055 debuerat
433 2048 444 2067 ,
475 2016 535 2055 ad
550 2017 833 2069 occupandum
851 2016 969 2068 apud
983 2018 1120 2055 urbem
1137 2019 1264 2055 simul
1281 2032 1374 2055 cum
1389 2017 1593 2069 imperiali
1606 2029 1693 2067 pa-

228 2073 329 2110 latio
351 2075 566 2123 imperium
581 2107 592 2123 ,
621 2076 785 2126 magnis
804 2076 1031 2114 instructus·
1052 2076 1180 2126 copiis·
1189 2074 1537 2126 praestolabatur.
1593 2079 1692 2110 tan-

228 2136 315 2166 tum
337 2130 444 2179 regis
455 2131 689 2179 periculum
708 2146 801 2168 cum
819 2133 1071 2183 imperatrici
1084 2146 1157 2183 per
1179 2132 1379 2169 occultum
1399 2129 1571 2169 indicem
1589 2143 1694 2166 reve-

229 2185 361 2222 latum
374 2185 547 2233 fuisset,
589 2185 667 2221 illa
683 2187 972 2238 magnitudine
990 2188 1150 2225 sceleris
1167 2190 1405 2239 perterrita,
1443 2199 1569 2239 quam
1586 2185 1694 2223 velo-

230 2243 388 2278 cissime
404 2242 552 2278 marito
571 2240 842 2291 proditionem
866 2246 1100 2296 significat:
1128 2247 1267 2297 sicque
1285 2244 1434 2282 detecto
1456 2242 1563 2291 dolo,
1585 2256 1694 2280 com—

222 2297 430 2349 prehensis
473 2298 658 2345 sicariis,
703 2305 917 2347 praevento
960 2303 1145 2339 criminis
1177 2309 1340 2340 auctore
1381 2307 1418 2337 et
1455 2306 1574 2349 capto
1587 2329 1597 2348 ‚
1644 2297 1693 2336 de

231 2354 420 2392 omnibus
439 2352 634 2404 condigne
656 2361 875 2390 sumuntur
894 2355 1111 2404 supplicia.
1155 2358 1384 2394 caniclinus
1401 2358 1542 2393 etenim
1556 2357 1693 2407 primo

231 2411 389 2463 effbssis
433 2411 563 2448 oculis
608 2410 830 2461 linguaque
866 2411 1084 2460 perforata
1121 2413 1287 2462 gutturi
1322 2412 1564 2447 transmissa
1607 2413 1693 2448 sine

232 2469 489 2506 miseratione
505 2467 730 2504 miserabili
750 2473 873 2503 morte
891 2468 1183 2518 vitamflnivit.
1213 2467 1263 2504 de
1282 2466 1493 2504 Theodoro
1512 2467 1694 2518 Stypiota

232 2524 425 2563 caniclino
455 2539 493 2566 v.
517 2524 648 2562 Cuiac.
666 2524 717 2561 ad
735 2522 805 2574 leg.
824 2527 851 2565 2
873 2523 971 2563 Cod.
993 2523 1041 2561 de
1061 2524 1176 2565 Petit.
1195 2523 1331 2562 bonor.
1351 2522 1376 2563 l.
1403 2526 1467 2565 10.

343 2639 381 2677 p.
402 2627 481 2669 185
510 2638 548 2664 v.
570 2630 608 2668 2.
667 2622 928 2678 πριμικήριον
956 2628 1028 2678 τῆς
1058 2622 1205 2677 αὐλῆς]
1243 2624 1541 2676 Pyrrhogeorgii
1567 2625 1693 2675 istius,

229 2688 277 2720 ut
296 2689 332 2720 et
350 2682 551 2733 dignitatis
570 2682 783 2733 primicerii
806 2683 918 2720 aulae
949 2696 1027 2732 qua
1045 2683 1249 2733 insignitus
1265 2682 1360 2731 suit,
1390 2681 1570 2720 meminit
1587 2681 1693 2720 idem

230 2738 440 2776 Cinnamus
459 2739 485 2776 l.
509 2743 549 2780 2.
621 2745 661 2776 at
686 2739 798 2789 quale
823 2739 942 2777 fuerit
967 2738 1188 2776 istiusmodi
1218 2738 1335 2776 officii
1363 2738 1521 2790 palatini
1548 2751 1693 2778 munus

231 2802 336 2834 certe
357 2795 405 2833 ab
422 2795 490 2833 illo
516 2795 634 2833 unico
654 2796 846 2847 scriptore
870 2796 1080 2843 docemur,
1109 2795 1320 2846 praefuisse
1341 2808 1479 2847 nempe
1503 2794 1694 2834 tubicini-

230 2852 305 2891 bus
323 2851 606 2906 imperatoriis,
638 2851 686 2890 de
708 2853 849 2903 quibus
869 2852 944 2903 agit
968 2851 1142 2891 Codinus
1160 2865 1191 2893 c.
1215 2854 1241 2895 5
1261 2867 1299 2892 n.
1326 2852 1375 2895 15
1397 2858 1435 2892 et
1458 2866 1491 2892 c.
1518 2854 1544 2894 6
1564 2866 1605 2894 n.
1624 2854 1693 2894 20.
