1878 3262
627 222 1022 277 msromARUM
1054 224 1104 267 L.
1137 224 1196 268 v.
1545 225 1644 272 229

181 330 335 393 θρόνου
361 329 626 386 κατασπάσας
645 333 913 392 Ὀκταβιανὸν
938 335 1186 394 ἀντεισῆξεν,
1220 338 1406 383 ἐντεῦθεν
1432 334 1543 394 οἶμαι
1568 341 1643 383 τοῦ
1665 344 1700 380 V
1726 345 1792 382 104

174 402 392 458 “Ρωμαίων
417 403 717 463 αὐτοκράτορος
739 404 1037 463 προσαρμόσειν
1073 406 1185 466 αὑτῷ
1208 409 1254 451 τὸ
1282 409 1440 463 ἀξίωμα
1465 410 1644 464 οἰηθείς·

179 472 311 515 οὐδενὶ
343 472 421 530 γὰρ
458 472 568 531 ἄλλῳ
601 473 662 516 ὅτι
686 474 744 529 μὴ
775 478 942 529 βασιλεῖ’
964 472 1175 528 Ῥωμαίων
1200 476 1387 534 ἀρχιερέα
1413 480 1645 534 προβεβλῆ-

178 545 282 583 σθαι
306 545 358 598 τῇ
375 540 520 598 εΡιῦμῃ
543 542 709 600 ἐφεῖται.
776 544 909 585 τοίνυν
929 544 996 585 καὶ
1018 542 1155 594 ἓξότου
1179 545 1368 605 ὀλιγωρίᾳ
1388 550 1470 588 τῶν
1490 547 1532 587 έν
1554 549 1644 588 Βυ-

145 610 322 668 5ζαντίῳ
353 611 554 664 βασιλέων
586 610 633 653 τὸ
667 615 848 654 τοιοῦτον
882 610 1099 666 ἀπεσβήκει
1125 612 1244 666 ἔθος,
1276 614 1409 665 οὐδεὶς
1431 614 1575 656 οὐδένα
1601 614 1644 656 ἓν

170 676 315 735 “Ρώμῃ
352 678 538 736 ἀρχιερέα
569 680 770 734 καθίστη,
816 680 909 722 ἀλλ’
947 681 1213 723 ἓπισκοπικῶν
1249 681 1431 724 συνόδων
1466 684 1535 725 καὶ
1567 686 1644 726 τοῦ

175 746 281 789 κατὰ
305 746 379 802 τὴν
397 745 556 802 Ῥώμην
581 747 863 805 ἀρχιερατικοῦ
896 753 1026 791 ταῦτα
1059 750 1239 792 ἐτελεῖτο.
1309 750 1414 792 ἀλλὰ
1443 752 1640 808 Φρεδερί-
1663 759 1692 794 P
1718 759 1785 795 133

175 831 247 866 κος
269 819 321 873 τῇ
346 813 644 873 αὐτοκράτορος
668 814 794 859 πάλαι
828 818 1145 874 ε’ποφθαλμίζων
1184 818 1313 875 ἀρχῇ,
1348 820 1416 860 καὶ
1441 823 1560 861 τοῦτο
1589 820 1640 875 δὴ

173 883 360 939 μέγιστον
386 883 512 939 αὖτῆς
536 883 745 941 γνώρισμα
768 883 1115 945 ὖφαρπασάμενος
1141 886 1274 938 ἔδοξεν
1299 887 1413 941 ἔχειν.
1456 884 1478 929 ὃ
1505 887 1548 929 δὲ
1573 890 1642 929 καὶ

121 961 164 998 10
175 955 255 994 τῶν
280 950 505 995 ἐπισκόπων
529 951 876 1008 ὗποποιησάμενος
900 955 1075 1006 πολλοὺς
1105 954 1183 998 ὑπὸ
1210 954 1367 1013 συνόδῳ
1394 957 1522 1010 δῆθεν
1547 954 1638 997 ἐκύ-

173 1036 279 1077 ρωσε
305 1021 357 1063 τὰ
384 1025 458 1063 τοῦ
483 1026 761 1079 νεωτερισμοῦ.
811 1027 930 1065 τοῦτο
955 1023 1045 1081 ῥηξὶ
1070 1031 1155 1075 τοῖς
1181 1023 1319 1074 ἄλλοις
1345 1024 1454 1074 ἔδοξε
1480 1024 1553 1078 μὲν
1567 1024 1640 1066 οὐκ

173 1086 377 1132 ἐπαινετόν
384 1121 399 1141 ,
437 1088 616 1145 ἐδυνήθη
655 1092 699 1133 δὲ
737 1091 870 1142 οὐδεὶς
897 1094 1127 1150 Φρεὸερίκῳ
1165 1093 1405 1150 ἀντιπρᾶξαι
1432 1091 1640 1146 δυνάμεως

173 1157 236 1199 ἐπὶ
263 1161 447 1200 πλεῖστον
472 1156 631 1213 ἥκοντι,
676 1157 736 1202 ὅτι
762 1160 820 1215 μὴ
853 1161 1046 1214 βασιλεὺς
1067 1160 1255 1217 χρήμασί
1276 1179 1318 1203 τε
1344 1162 1410 1203 καὶ
1435 1168 1641 1216 μηχαναῖς

171 1224 326 1283 ἑτέραις
364 1226 551 1280 ε’μποδών
587 1227 699 1286 αὐτῷ’
723 1229 799 1270 κάν
823 1227 954 1287 τούτῳ
979 1231 1128 1285 ἐγένετο
1141 1262 1155 1282 ,
1187 1230 1449 1287 Ἀλέξανδρον
1475 1231 1538 1271 ἐπὶ
1563 1233 1639 1272 τοῦ

118 1293 325 1351 15θρόνου
354 1297 538 1346 εἷσαῧθις
562 1295 929 1351 καταστησάμενος.
986 1298 1091 1340 ἀλλὰ
1128 1303 1258 1341 ταῦτα
1294 1299 1370 1352 μὲν
1393 1297 1574 1355 ὕστερον.
1614 1296 1637 1340 ὃ

171 1364 216 1405 δὲ
239 1362 484 1420 Χαλούφης,
519 1364 654 1419 ἐπειδὴ
682 1365 1023 1424 πρὸςἘπιδάμνῳ
1050 1367 1222 1423 ἐγένετο,
1258 1368 1438 1409 ἐνταῦθα
1464 1382 1636 1424 προστε-

169 1431 366 1487 ταγμένον
391 1432 503 1491 αὐτῷ
526 1432 578 1475 τὰ
604 1435 726 1476 πλείω
759 1438 840 1476 τῶν
860 1434 1084 1491 χρημάτων
1109 1435 1236 1478 λιπὼν
1269 1435 1392 1486 αὐτὸς
1416 1436 1479 1477 ε’πὶ
1509 1435 1636 1477 Οὐεν-

169 1500 306 1550 νέτους
339 1502 481 1543 ναυσὶν
514 1495 618 1556 ἦλθε
643 1500 869 1557 πνεύματος
894 1502 1090 1561 ἓπιφόρου
1124 1502 1282 1558 τυχών,
1317 1509 1376 1562 τῷ
1400 1508 1473 1558 τῆς
1493 1502 1634 1559 χώρας
1656 1508 1686 1544 Β

168 1585 211 1611 τε
239 1570 351 1610 δουκὶ
377 1570 444 1611 καὶ
469 1576 555 1620 τοῖς
579 1569 718 1621 ἄλλοις
741 1575 821 1613 τῶν
846 1572 888 1613 ἓν
912 1576 971 1630 τῷ
996 1572 1103 1615 ἔθνει
1123 1571 1254 1630 τούτῳ
1280 1574 1455 1628 λογίμων
1481 1574 1538 1621 εἷς
1562 1570 1634 1613 λό-
1682 1568 1685 1570 ’

113 1647 266 1693 Ξογους
289 1637 423 1680 ἐλθὼν
449 1636 551 1689 ἔλεξε
578 1637 687 1681 τάδε.
749 1638 955 1695 “Μηδεὶς
975 1639 1112 1695 ὑμῶν,
1147 1634 1180 1683 ὦ
1207 1640 1364 1698 ἄνδρες,
1396 1639 1634 1694 ὑπολαβέτω

167 1706 249 1747 δέει
286 1710 360 1748 τοῦ
391 1706 450 1761 μὴ
485 1706 532 1750 τὸ
569 1708 609 1758 ἐς
641 1707 714 1763 τὴν
731 1706 949 1763 Ῥωμαίων
982 1709 1120 1752 εὔνουν
1143 1711 1354 1764 βασίλειαν
1379 1707 1639 1767 προήσεσθαί

171 1789 267 1816 ποτε
287 1773 360 1828 τὴν
382 1772 579 1832 ὖμετέραν
599 1776 802 1832 ἀγχίνοιαν
823 1777 926 1834 πρὸς
944 1779 1145 1832 βασιλέως
1168 1777 1348 1821 ἐνταῦθά
1366 1795 1418 1831 με
1441 1778 1634 1834 ἀφῖχθαι,

170 1843 410 1899 στηρίξοντα
443 1842 490 1886 τὸ
514 1841 629 1898 ὑμῶν
654 1844 752 1895 ἴσως
783 1845 952 1899 ὅκλάζον
976 1851 1049 1902 τῆς
1072 1844 1247 1903 γνώμης.
1314 1846 1373 1902 μὴ
1399 1845 1477 1902 γὰρ
1505 1843 1633 1896 οὕτως

259 1951 319 1987 23.
342 1950 587 1997 πηρίξοντα]
611 1951 698 1987 eod.
722 1951 950 1997 στηρίζοντα.

169 2042 325 2089 pontifex
340 2045 437 2085 erat,
461 2042 582 2077 throno
598 2042 722 2077 deiecit
736 2046 773 2077 et
791 2043 1016 2078 Octavianum
1032 2042 1229 2078 substituit:
1250 2042 1329 2077 inde
1339 2069 1350 2085 ‚
1372 2045 1411 2077 ut
1427 2042 1557 2089 opinor,
1572 2053 1631 2077 ar-

168 2100 294 2133 rogare
309 2089 373 2123 sibi
389 2089 617 2122 Romanorum
631 2088 843 2134 imperatoris
858 2089 978 2123 volens
995 2094 1210 2134 potestatem.
1258 2089 1341 2123 nulli
1355 2089 1439 2123 enim
1455 2089 1512 2123 alii
1526 2100 1630 2133 prae-

169 2138 324 2180 terquam
339 2135 566 2169 Romanorum
589 2134 784 2179 imperatori
803 2145 963 2169 summum
979 2136 1110 2169 Romae
1125 2134 1318 2182 pontificem
1332 2135 1414 2169 licet
1427 2136 1628 2180 praeficere.

171 2192 215 2215 ex
238 2191 304 2226 quo
330 2181 417 2215 enim
442 2186 582 2227 propter
603 2181 868 2224 Byzantinorum
890 2181 1125 2226 imperatorum
1147 2181 1336 2225 neglectum
1351 2181 1378 2214 is
1392 2192 1465 2215 mos
1480 2181 1631 2215 abolitus

171 2230 243 2267 est,
266 2237 363 2260 nemo
387 2238 586 2272 quemquam
610 2227 739 2260 Romae
763 2226 935 2260 constituit
950 2227 1167 2272 pontificem,
1191 2227 1252 2261 sed
1273 2227 1301 2260 is
1316 2238 1379 2273 per
1394 2227 1628 2272 episcoporum

171 2276 208 2306 et
222 2272 363 2306 Romani
385 2272 467 2306 cleri
490 2271 676 2306 antistitum
700 2271 874 2306 concilium
889 2273 1079 2307 creabatur.
1124 2272 1329 2307 Fredericus
1351 2278 1465 2306 autem
1480 2273 1628 2318 impera-

164 2317 279 2363 toriae
302 2318 366 2352 iam
384 2319 458 2352 olim
485 2319 614 2353 inhians
637 2317 812 2360 dignitati,
835 2319 902 2353 hoc
927 2318 990 2352 sibi
1013 2318 1043 2353 si
1068 2323 1286 2363 arrogasset,
1308 2319 1525 2364 praecipuum
1537 2318 1628 2352 illius

170 2368 402 2408 argumentum
416 2364 542 2399 babere
556 2364 619 2398 sibi
633 2364 823 2398 videbatur.
854 2375 971 2399 verum
984 2364 1042 2398 ille
1056 2364 1242 2399 conciliatis
1257 2365 1481 2410 compluribus
1496 2364 1628 2409 episco-

172 2409 224 2455 pis
234 2435 243 2450 ‚
265 2409 499 2455 quodcumque
512 2410 590 2445 novi
605 2414 787 2456 peregerat
801 2421 863 2455 per
876 2410 1038 2456 synodum
1054 2410 1241 2444 confirmari
1256 2411 1398 2446 curavit.
1442 2410 1475 2443 id
1489 2409 1630 2453 regibus

173 2455 294 2490 ceteris
308 2455 398 2490 haud
413 2456 551 2501 placuit.
597 2467 694 2490 nemo
717 2461 830 2490 tamen
852 2456 894 2490 ad
915 2456 1137 2491 resistendum
1154 2455 1355 2499 Frederico,
1380 2455 1438 2500 qui
1453 2455 1547 2489 adid
1561 2467 1628 2501 po-

172 2501 305 2535 testatis
321 2505 356 2535 et
368 2501 487 2536 virium
502 2505 708 2549 pervenerat
719 2529 729 2546 ,
752 2501 894 2536 idoneus
913 2503 979 2536 fuit
992 2503 1054 2537 nisi
1076 2503 1279 2548 imperator,
1303 2501 1361 2546 qui
1374 2500 1527 2546 pecuniis
1540 2500 1627 2534 arti-

174 2544 302 2592 busque
316 2547 389 2581 aliis
404 2552 440 2581 et
465 2548 498 2582 in
523 2549 587 2582 hoc
608 2559 743 2593 quoque
757 2547 807 2581 illi
820 2547 952 2583 obstitit
963 2575 975 2591 ‚
996 2553 1033 2583 et
1046 2548 1274 2582 Alexandrum
1288 2558 1404 2582 rursus
1420 2546 1454 2580 in
1470 2547 1624 2580 thronum

173 2589 218 2624 im
243 2592 339 2628 osuit.
385 2593 443 2628 sed
468 2594 510 2627 de
533 2594 575 2628 iis
590 2600 721 2640 postea.
768 2593 961 2640 Chalupbes
982 2605 1065 2629 vero
1090 2606 1165 2628 cum
1178 2593 1400 2638 Epidamnum
1415 2592 1626 2634 accessisset,

174 2646 213 2669 re
225 2642 290 2671 ncta
315 2638 362 2672 ibi
377 2639 473 2675 sicuti
491 2640 690 2686 imperatum
706 2643 780 2673 erat
794 2640 908 2674 maiori
922 2639 1136 2686 pecuniarum
1154 2644 1272 2684 parte,
1292 2644 1430 2673 ventum
1442 2639 1625 2673 secundum

175 2686 295 2716 nactus
307 2684 350 2717 ad
364 2685 516 2719 Venetos
538 2685 674 2730 navigio
689 2686 863 2731 pervenit:
897 2691 933 2721 et
952 2686 987 2720 in
1014 2685 1214 2731 colloquium
1230 2685 1366 2719 veniens
1382 2696 1457 2719 cum
1476 2683 1626 2729 regionis

176 2726 263 2761 duce
289 2728 426 2774 aliisque
449 2731 484 2764 in
507 2732 572 2766 ista
604 2737 709 2776 gente
733 2732 815 2766 viris
837 2731 1020 2767 illustribus
1035 2757 1046 2776 ,
1079 2731 1267 2766 huiusmodi
1288 2730 1473 2765 orationem
1488 2730 1624 2764 habuit:

177 2774 306 2806 “nemo
320 2780 467 2810 vestrum
481 2777 670 2820 existimet,
691 2777 757 2812 viri
767 2803 778 2820 ,
803 2789 857 2812 me
867 2806 878 2822 ‚
902 2778 981 2823 quia
995 2777 1169 2812 metuimus
1186 2789 1228 2811 ne
1251 2783 1368 2812 vestra
1383 2776 1527 2810 fluctuet
1542 2786 1625 2818 erga

177 2817 364 2853 Romanum
386 2819 557 2866 imperium
579 2823 817 2858 benevolentia
829 2851 840 2867 ‚
861 2824 940 2858 ideo
962 2825 1029 2858 huc
1040 2823 1172 2859 missum
1187 2834 1263 2858 esse
1278 2824 1321 2858 ab
1335 2823 1540 2868 imperatore
1550 2846 1562 2863 ‚
1583 2823 1624 2852 ut

175 2863 326 2900 labantes
339 2871 475 2901 vestros
487 2868 613 2904 animos
627 2869 755 2916 erigam
774 2881 815 2906 ac
828 2870 1032 2906 confirmem.
1076 2881 1187 2916 neque
1199 2869 1287 2905 enim
1301 2870 1450 2904 futurum
1465 2866 1622 2908 arbitror,
