1878 3262
299 207 398 256 210
777 199 999 245 IOANNIS
1031 197 1262 245 cINNAMI

301 321 406 371 ἄξιοι
421 315 646 360 simmaa?
716 311 868 357 τούτων
893 312 1036 362 ἐκεῖνος
1052 308 1227 362 ἀκούσας
1244 303 1371 363 συνείς
1387 328 1428 354 τε
1449 312 1522 354 τοῦ
1535 310 1737 366 χρησμοῦ,

306 386 437 440 ἐπειδὴ
455 386 521 426 καὶ
542 384 657 441 φήμη
683 399 745 434 τις
769 382 848 437 ἤὸη
876 381 1139 438 περιέθραυσε
1164 378 1330 430 τούτους
1355 378 1410 430 ὥς
1427 379 1484 434 εἴη
1506 376 1645 434 γάμων
1665 375 1739 417 οὐκ

299 451 349 497 ’ἔκ
367 455 545 508 νομίμων
565 451 590 507 ἡ
616 450 713 507 κόρη
745 457 889 508 φυεῖσα
902 481 916 502 ,
950 452 1117 505 πρᾶγμα
1148 450 1203 498 εἲς
1233 445 1422 502 αἲσχύνην
1437 446 1596 502 (διαρκὲς
1615 441 1740 498 μάλι-

304 515 404 574 στα,
439 521 628 574 ἀπέσχετο
655 518 733 574 ἤδη
754 523 825 573 τῆς
853 514 1107 573 ἐγχειρήσεως
1133 516 1236 573 ἄρας
1254 532 1295 557 τε
1313 513 1476 571 ἐγγύθεν
1496 516 1559 555 ἐπὶ
1581 510 1738 563 Βυζάν-

253 603 284 639 13
305 607 389 633 τιον
406 583 543 643 ἦλθεν.
611 582 713 642 ἦσαν
734 583 1034 641 δὲῬαὶμούνὸῳ
1052 588 1109 642 τῷ
1121 584 1357 637 Ἀντιοχείας
1373 583 1548 640 πρίγκιπι
1565 579 1773 636 thyara-5

307 675 375 715 ρες
395 655 528 699 κάλλει
545 655 636 698 κατ’
666 656 809 697 ἐκεῖνον
833 656 1097 708 διενεγκοῦσαι
1114 653 1182 695 τὸν
1197 650 1355 709 χρόνον.
1421 648 1572 699 ταύτας
1589 647 1745 703 ὀψόμε-

306 742 374 768 νον
391 723 602 767 Βασίλειόν
618 740 706 765 τινα
723 723 922 776 ἐπίκλησιν
938 720 1186 778 Καματηρὸν
1197 718 1422 761 ἀκόλουθον
1442 717 1538 760 ὄντα
1555 721 1612 774 τῷ
1634 733 1745 771 τηνι-
1800 754 1803 755 ⁷

305 791 402 836 κάδε
417 792 605 846 βασιλεὺς
627 790 814 844 ἔπεμψεν.
881 788 903 831 ὅ
920 790 965 831 δὲ
979 788 1112 842 ἐπειδὴ
1133 787 1301 842 τάχιστα
1319 787 1419 844 πρὸς
1430 785 1647 844 Ἀντιοχείᾳ
1662 783 1746 840 ἐγέ-

307 877 421 912 νετο,
455 860 580 909 καλὰς
604 859 676 913 μὲν
704 857 779 900 εἶδε
803 858 870 900 καὶ
897 856 1045 914 ἄμφω,
1089 858 1260 898 καλλίων
1290 857 1335 898 δέ
1360 853 1443 910 0ἳῆ
1468 855 1619 910 ΖΙῚαρία
1647 850 1747 894 εἶναι

309 925 525 986 κατεφάνη.
593 929 659 968 καὶ
685 925 798 980 ἔτυχέ
821 942 863 981 γε
886 929 956 978 τῆς
974 925 1177 980 ἀκριβείας
1195 922 1220 978 ἡ
1243 927 1316 966 τοῦ
1334 926 1577 980 πρεσβευτοῦ
1597 921 1744 963 ἐκείνου
1757 924 1802 960 10

306 995 496 1050 βάσανος.
564 996 721 1049 τηλίκον
742 994 818 1051 γὰρ
842 991 987 1043 κάλλος
1008 992 1118 1035 οὔπω
1130 1025 1143 1043 ,
1177 990 1388 1043 Βυζάντιοι
1412 990 1565 1046 ἔλεγον,
1599 987 1620 1031 ὅ
1639 987 1744 1030 καθ’

306 1063 414 1119 ἡμᾶς
432 1060 638 1118 ἐγνώρισεν
658 1060 768 1104 αῗών.
837 1061 941 1103 ἀλλὰ
957 1066 1085 1103 ταῦτα
1105 1061 1176 1114 μὲν
1194 1059 1359 1116 ὕστερον
1372 1073 1384 1085 ·
1418 1058 1505 1101 τότε
1528 1059 1572 1100 δὲ
1589 1055 1747 1112 ἐπειδή-

306 1149 379 1187 περ
395 1131 457 1172 ἐπὶ
474 1130 545 1183 τὴν
565 1131 736 1185 Μαρίαν
767 1127 787 1170 ὃ
815 1127 984 1184 γνώμων
1011 1127 1107 1180 εἶδε,
1142 1126 1370 1181 πυθόμενος
1386 1126 1576 1181 βασιλεὺς
1597 1124 1749 1182 ἄνδρας

306 1203 387 1241 τῶν
415 1199 476 1239 ἐπὶ
505 1195 623 1250 δόξης
649 1196 714 1238 ἐπ’
731 1195 969 1249 Ἀντιοχείας
996 1196 1147 1250 ἔπεμψε
1165 1196 1237 1250 τὴν
1256 1194 1378 1251 κόρην
1398 1196 1509 1251 αὐτῷ
1529 1191 1748 1249 κατεγγυῆ-

254 1272 287 1307 C
310 1283 474 1317 σοντας,
501 1265 672 1314 Ἀλέξων
697 1262 746 1317 δὴ
778 1263 846 1304 τὸν
873 1265 1070 1316 βασιλέως
1084 1264 1255 1313 Ἀλεξίου
1285 1264 1578 1320 θυγατριδοῦν,
1613 1261 1657 1311 ὃς
1680 1262 1747 1303 καὶ
1759 1264 1802 1301 15

306 1335 430 1389 μέγας
448 1337 505 1390 τῷ
522 1331 608 1374 τότε
634 1331 729 1380 doh}
749 1329 957 1386 ἐτύγχανεν
978 1331 1032 1373 ὤν
1044 1364 1056 1383 ,
1095 1333 1159 1373 καὶ
1179 1329 1413 1387 Νικηφόρον
1441 1330 1510 1373 τὸν
1526 1330 1570 1371 ἐκ
1593 1332 1750 1386 Βρυεν-

307 1404 424 1453 νίων,
453 1400 636 1456 γαμβρὸν
664 1399 737 1453 μὲν
762 1399 826 1440 ἐπ’
860 1399 1058 1456 ἀδελφιὸῇ
1073 1403 1236 1453 βασιλεῖ’
1248 1397 1458 1454 γεγονότα,
1493 1397 1687 1451 σεβαστὸν
1705 1397 1749 1440 δὲ

307 1469 385 1524 ἤδη
403 1469 666 1524 γεγενημένον.
731 1467 776 1509 ἐν
797 1463 855 1516 οἷς
886 1469 952 1509 καὶ
969 1466 1216 1524 Ἀνδρόνικος
1239 1462 1288 1522 ἦν
1307 1465 1327 1508 ὃ
1350 1466 1599 1522 Καματηρός
1620 1464 1663 1515 ὃς
1676 1464 1750 1519 τὴν

309 1536 482 1592 ἔπαρχον
503 1535 588 1577 τότε
605 1537 751 1576 διεῖπεν
779 1532 907 1590 ἀρχήν
917 1567 929 1586 ,
964 1536 1064 1591 ἀνὴρ
1085 1533 1343 1588 σεβαστότητι
1359 1535 1432 1588 μὲν
1451 1535 1638 1583 ἀξιωθεὶς
1655 1535 1752 1588 ξυγ-

190 1611 224 1646 V
242 1610 292 1645 96
311 1604 425 1660 γενὴς
441 1604 484 1644 δὲ
498 1606 662 1656 βασιλεῖ
675 1603 740 1642 καὶ
762 1601 880 1650 αὐτὸς
904 1601 972 1644 ὤν.
1041 1602 1079 1644 οἳ
1107 1603 1149 1644 δὲ
1173 1605 1239 1643 καὶ
1256 1600 1359 1643 εἶδον
1377 1603 1443 1643 καὶ
1463 1599 1806 1655 θαυμάσαντες-20

309 1669 496 1714 ἔνέθεσάν
527 1687 567 1712 τε
592 1674 641 1725 τῇ
656 1667 806 1726 τριήρει
823 1671 893 1710 καὶ
918 1674 1227 1726 μεγαλοπρεπῶς
1247 1671 1286 1719 ἒς
1307 1668 1525 1721 Βυζάντιον
1547 1667 1752 1722 ἐκόμισαν.

308 1740 489 1794 πέμπτην
506 1739 636 1780 τοίνυν
656 1739 722 1779 καὶ
743 1737 921 1791 εἰκοστὴν
933 1738 1062 1792 ,μηνὸς
1080 1738 1243 1793 ἄγοντος
1256 1737 1503 1788 Ἀπελλαίου,
1532 1734 1577 1778 ὃν
1593 1736 1751 1790 Δεκέμ-

401 1856 454 1890 10.
476 1852 726 1898 πρεσβευτοῦ]
761 1852 845 1889 eod.
868 1850 1088 1897 πρεσβύτου.
1235 1853 1288 1890 14.
1311 1850 1639 1899 κατεγγυήσοντας]
1663 1853 1753 1889 eod.

398 1898 708 1943 κατανοήσαντας.
754 1898 904 1934 correxit
923 1899 1010 1935 Duc.

308 2001 443 2036 invitati
458 2013 540 2035 vero
554 2012 620 2035 non
635 2004 714 2036 sunt
728 2000 822 2045 digni
836 2001 997 2036 intrare.'’
1041 2001 1160 2047 quibus
1185 2000 1307 2037 auditis
1317 2027 1327 2044 ,
1347 2001 1583 2047 intellectoque
1604 2001 1752 2042 oraculo,

310 2059 384 2081 cum
404 2048 452 2081 vad
477 2049 559 2081 haec
581 2048 693 2081 nescio
709 2047 783 2092 quis
797 2059 910 2081 rumor
926 2047 1191 2092 percrebuisset,
1217 2048 1376 2091 virginem
1404 2048 1490 2081 haud
1505 2046 1658 2091 legitimis
1675 2058 1751 2082 esso

309 2097 507 2146 prognatam
531 2092 655 2137 nuptiis
669 2120 679 2137 ,
714 2104 783 2126 rem
806 2093 948 2126 maxime
967 2093 1152 2138 pudendam
1179 2093 1378 2135 arbitratus,
1403 2093 1531 2127 destitit
1546 2092 1588 2126 ab
1599 2093 1751 2137 incepto,

308 2138 455 2182 indeque
469 2139 515 2181 Β)
522 2138 665 2170 zantium
679 2149 834 2171 reversus
849 2143 912 2173 est.
959 2144 1056 2172 erant
1072 2143 1182 2173 autem
1198 2138 1383 2172 Raimundo
1398 2137 1593 2172 Antiochiae
1606 2137 1751 2183 principi

310 2182 399 2216 filiae
417 2187 497 2216 tunc
522 2184 679 2227 temporis
696 2184 801 2217 for-ma
823 2184 1076 2228 praecellentes.
1122 2185 1180 2217 has
1196 2188 1234 2217 ut
1249 2188 1429 2228 spectaret,
1453 2182 1608 2216 Basilium
1631 2193 1750 2227 quem-

311 2227 407 2270 dam,
433 2233 650 2271 cognomento
666 2229 898 2270 Camaterum,
922 2229 978 2273 qui
994 2234 1061 2263 tum
1077 2229 1223 2263 acoluthi
1245 2229 1405 2272 dignitate
1420 2228 1639 2271 fungebatur,
1662 2226 1750 2262 misit

309 2273 503 2318 imperator.
549 2273 605 2306 ille
629 2276 666 2306 ut
689 2274 863 2310 confestim
879 2275 1083 2308 Antiochiam
1097 2275 1211 2316 venit,
1231 2276 1345 2308 ambas
1360 2273 1490 2318 quidem
1506 2273 1752 2316 pulchritudine

312 2319 430 2352 eximia
446 2321 659 2363 praestantes
674 2318 780 2352 vidit:
805 2319 915 2363 potior
930 2324 1040 2353 tamen
1055 2321 1129 2354 visa
1144 2325 1197 2353 est
1210 2320 1255 2352 illi
1270 2319 1387 2360 Maria,
1410 2329 1477 2362 quo
1492 2318 1623 2362 quidem
1639 2318 1673 2352 in
1687 2318 1751 2353 de-

309 2363 402 2397 lectu
417 2364 504 2396 hau-d
528 2374 549 2395 a
564 2374 645 2396 vero
663 2364 844 2397 aberrabat
859 2365 989 2407 legatus
1005 2365 1072 2399 ille.
1118 2365 1270 2398 “nullam
1284 2363 1431 2423 quippe'’
1446 2363 1584 2397 aiebant
1611 2364 1752 2407 Byzan-

310 2408 374 2442 tini
401 2409 422 2428 ‘⁶
435 2413 504 2442 tam
529 2408 667 2452 insignis
692 2409 820 2442 formae
834 2409 1003 2443 mulierem
1019 2413 1133 2444 nostra
1146 2410 1231 2444 vidit
1245 2408 1363 2442 aetas-⁷
1419 2408 1480 2442 sed
1495 2407 1538 2441 de
1552 2408 1601 2441 his
1618 2414 1750 2453 postea.

311 2464 386 2487 cum
403 2453 506 2497 igitur
520 2464 605 2497 quae
620 2454 787 2497 inspector
807 2454 864 2487 ille
877 2455 1037 2488 retulerat
1048 2481 1058 2497 ,
1087 2455 1271 2500 accepisset
1285 2454 1455 2499 princeps,
1478 2453 1571 2487 viros
1585 2453 1750 2498 dignitate

311 2498 458 2531 illustres
482 2498 686 2532 Antiochiam
713 2498 819 2541 misit,
845 2500 901 2543 qui
924 2500 1085 2543 virginem
1099 2501 1164 2534 sibi
1184 2500 1443 2545 desponsarent,
1463 2498 1616 2532 Alexium
1631 2510 1752 2544 nempe

310 2542 521 2587 imperatoris
536 2543 644 2577 Alexii
657 2555 699 2577 ex
714 2545 810 2577 Anna
824 2545 894 2578 filia
907 2552 1071 2591 nepotem,
1093 2546 1150 2590 qui
1164 2550 1232 2579 tum
1247 2555 1384 2588 magnus
1399 2544 1468 2577 dux
1485 2549 1569 2586 erat,
1592 2548 1628 2578 et
1642 2544 1750 2578 Nice-

311 2588 453 2632 phorum
477 2599 520 2621 ex
541 2589 781 2632 Bryenniorum
804 2590 947 2632 familia,
977 2591 1034 2635 qui
1058 2602 1101 2624 ex
1127 2592 1233 2624 fratre
1246 2591 1301 2623 vel
1315 2600 1429 2623 sorore
1443 2589 1609 2623 Manuelis
1623 2589 1751 2635 neptim

311 2643 449 2665 uxorem
475 2633 619 2667 duxerat
630 2659 641 2675 ‚
670 2634 796 2669 sebasti
812 2635 976 2679 dignitate
999 2641 1069 2670 tum
1082 2635 1283 2680 insignitum.
1329 2646 1403 2668 cum
1417 2634 1457 2667 iis
1472 2634 1571 2668 etiam
1588 2639 1662 2668 erat
1677 2637 1749 2669 An-

311 2677 466 2711 dronicus
490 2678 704 2723 Camaterus,
731 2679 787 2724 qui
812 2680 974 2725 praefecti
995 2682 1088 2715 urbis
1115 2691 1156 2714 ea
1177 2682 1375 2725 tempestate
1400 2690 1514 2713 munus
1537 2680 1673 2723 obibat,
1695 2679 1751 2714 vir

311 2722 439 2756 sebasti
461 2722 599 2767 perinde
621 2724 784 2767 dignitate
806 2730 925 2759 auctus
948 2729 983 2759 et
1003 2725 1213 2770 imperatoris
1235 2725 1507 2768 consanguineus.
1551 2725 1598 2758 illi
1614 2727 1650 2758 et
1675 2735 1750 2760 eam

313 2766 468 2801 viderunt
481 2771 517 2800 et
531 2768 686 2803 admirati
707 2773 786 2803 sunt
798 2797 809 2814 ,
843 2781 884 2804 ac
899 2770 1025 2804 triremi
1040 2771 1224 2815 impositam
1248 2771 1420 2814 magnifico
1437 2775 1600 2816 apparatu
1616 2770 1751 2814 Byzan-

314 2812 397 2848 tium
412 2811 632 2850 adduxerunt.
680 2814 796 2860 quinto
821 2814 924 2861 igitur
945 2820 981 2851 et
1004 2815 1163 2852 vicesimo
1177 2815 1296 2852 mensis
1310 2815 1472 2863 Apellaei,
1497 2826 1594 2863 quem
1606 2814 1751 2852 Decem-
