1878 3262
267 229 359 260 xxn
691 214 875 260 DUCAN
877 214 956 259 GH
981 214 1302 260 PRAEFATIO.

272 329 504 372 obtinuerit.
573 337 614 370 et
645 342 744 371 sane
768 342 818 370 ea
842 328 1063 370 voluntatis
1097 335 1138 369 et
1155 329 1283 370 animi
1302 329 1576 386 propensione
1594 330 1724 372 fuisse
1759 359 1762 362 -

272 398 510 442 Manuiilem
529 397 574 437 in
590 398 758 438 Latinos
778 397 1017 453 profitentur
1035 397 1249 453 scriptores
1270 411 1427 450 omnes,
1461 406 1504 439 ut
1523 398 1620 440 inde
1638 413 1725 440 non

277 468 407 509 semel
427 464 679 506 subditarum
698 465 778 506 sibi
795 465 976 518 gentium
991 464 1194 506 invidiam
1212 479 1258 505 ac
1277 465 1419 506 odium
1441 468 1638 508 conflarit.
1683 473 1726 507 at

278 550 370 575 cum
387 533 576 576 Cinnami
594 534 766 574 historia
785 532 896 574 haud
917 534 974 574 ita
990 532 1150 589 pridem
1169 548 1223 574 ex
1243 547 1343 575 mss.
1363 533 1580 577 Codicibus
1599 542 1726 587 eruta,

278 602 463 644 nondum
479 602 601 653 regiis
621 602 731 658 typis
749 616 794 642 ac
805 602 1026 657 Luparaeis
1045 603 1292 643 ornamentis
1311 602 1461 643 donata
1480 612 1603 655 esset,
1621 604 1727 644 hanc

278 671 332 712 iis
352 671 605 711 committere
626 683 773 726 operae
789 671 965 726 pretium
983 670 1121 717 visum
1141 678 1224 721 est,
1259 685 1313 711 ne
1340 670 1437 725 quid
1457 672 1532 712 hac
1549 672 1594 712 in
1609 686 1654 713 re
1674 669 1729 711 ad

276 739 474 780 historiae
493 737 763 779 Comnenicae
781 736 946 778 laudem
970 736 1191 780 deessetdet
1209 738 1621 780 commendationem.
1652 752 1730 781 ve*

277 821 371 848 rum
389 821 481 846 cum
500 819 548 846 ea
566 807 705 847 omnia
724 820 826 861 quae
848 806 1023 862 sparsim
1045 804 1097 846 de
1119 807 1239 847 rebus
1258 808 1519 863 potissimum
1537 807 1731 849 nostrati-

280 876 356 917 bus
385 875 430 915 in
453 875 530 914 hac
555 875 908 915 nobilissimorum
941 875 1179 930 scriptorum
1197 873 1328 915 triade
1351 875 1660 927 interseruntur,
1686 882 1733 916 ut

282 942 418 983 dicam
440 941 550 997 quod
573 957 636 983 res
660 950 734 994 est,
761 957 846 983 non
863 943 920 982 ita
939 943 1021 982 sint
1040 943 1238 998 explicata
1252 974 1262 994 ,
1293 943 1339 983 in
1356 943 1576 999 medioque
1595 944 1733 1000 posita

283 1010 398 1066 (quia
418 1009 469 1051 de
488 1011 609 1051 rebus
627 1011 779 1051 exteris
801 1009 975 1065 ἀκριβῶς
1001 1017 1041 1050 et
1063 1012 1268 1051 enucleate
1286 1012 1459 1052 scribere
1478 1011 1630 1068 oppido
1651 1011 1733 1052 dif-

281 1080 389 1119 ficile
411 1078 516 1135 est),
552 1086 596 1118 ut
628 1093 652 1118 a
674 1079 934 1134 scriptoribus
954 1079 1118 1119 coaevis
1137 1079 1330 1119 arcessito
1349 1080 1502 1120 lumine
1522 1095 1605 1120 non
1622 1078 1734 1120 indi-

282 1155 416 1200 geant,
443 1161 585 1187 eorum
609 1161 701 1187 cum
717 1146 916 1200 Bryennii
931 1147 1150 1202 Annaeque
1168 1155 1209 1188 et
1230 1146 1419 1188 Cinnami
1437 1148 1735 1190 narrationibus

284 1216 634 1271 comparationem
670 1215 852 1266 institui,
896 1222 939 1255 ut
974 1229 1110 1255 rerum
1144 1229 1247 1270 quae
1277 1214 1556 1257 describuntur
1583 1217 1752 1258 veritas>

286 1284 486 1324 elucescat
515 1291 556 1323 et
583 1297 726 1324 eorum
753 1283 979 1323 infirmetur
1009 1282 1132 1333 fides,
1174 1284 1211 1324 si
1241 1282 1401 1338 quando
1429 1298 1570 1325 socero
1600 1298 1736 1336 gener,

286 1352 446 1408 parenti
464 1351 549 1391 fllia
574 1359 614 1391 et
632 1352 806 1407 principi
823 1351 1029 1402 subditus,
1059 1352 1286 1407 plusculum
1304 1353 1430 1392 etiam
1450 1366 1572 1407 quam
1592 1366 1739 1393 conce-

289 1419 350 1459 dit
368 1420 541 1470 veritas,
576 1418 830 1460 indulserint.
899 1432 1146 1474 quamquam
1171 1418 1280 1459 nuda
1308 1420 1386 1459 hac
1407 1428 1447 1460 et
1465 1420 1639 1476 simplici
1656 1421 1742 1461 col-

289 1487 442 1528 latione
469 1487 641 1528 minime
667 1495 900 1538 contentus,
936 1486 1185 1528 difficiliores
1215 1488 1381 1543 insuper
1411 1489 1622 1543 magisque
1646 1502 1742 1544 per-

290 1557 435 1612 plexos
468 1557 663 1607 elegantis
688 1556 807 1596 istius
835 1555 1031 1596 historiae
1061 1554 1333 1597 Comnenicae
1362 1555 1496 1597 nodos
1528 1571 1603 1612 pro
1631 1556 1741 1598 virili
1766 1555 1770 1558 ’

292 1623 489 1664 extricare
514 1621 662 1674 studui,
698 1631 817 1678 atque
836 1637 859 1663 e
878 1624 1056 1664 tenebris
1076 1637 1215 1663 eruere
1234 1625 1360 1663 multa
1380 1638 1483 1679 quae
1504 1623 1556 1664 ad
1571 1637 1638 1664 res
1657 1623 1742 1677 By-

292 1692 476 1732 zantinas
498 1699 698 1747 spectant,
728 1706 812 1731 non
828 1691 952 1733 obvia
972 1691 1100 1732 cuivis
1120 1701 1160 1731 et
1182 1690 1386 1747 expedita.
1451 1707 1571 1748 porro
1596 1699 1641 1732 ut
1659 1692 1744 1732 im-

291 1767 525 1815 peratorum
554 1773 599 1799 ac
630 1759 878 1815 principum,
914 1767 1003 1799 tum
1033 1758 1299 1810 Graecorum,
1334 1767 1422 1799 tum
1443 1761 1682 1801 Latinorum
1703 1767 1745 1800 et

294 1826 544 1881 Turcorum,
567 1842 737 1883 quorum
753 1828 911 1883 passim
927 1827 972 1867 in
988 1835 1074 1868 tota
1090 1828 1166 1867 hac
1186 1827 1357 1867 historia
1377 1828 1555 1869 iniicitur
1575 1828 1743 1879 mentio,

293 1896 475 1935 familiae
502 1903 543 1936 et
572 1903 789 1936 stemmata
817 1896 976 1936 facilius
1007 1894 1353 1948 dignoscerentur,
1382 1911 1464 1937 non
1487 1897 1619 1950 gentis
1630 1891 1746 1936 ¹dun-

297 1971 410 2003 taxat
430 1963 714 2014 Comnenicae,
735 1962 808 2004 sed
827 1964 950 2004 etiam
964 1963 1262 2017 Bryennianae,
1283 1971 1403 2019 atque
1420 1964 1524 2006 adeo
1541 1965 1747 2006 Norman-

298 2031 483 2071 nieorum
502 2032 670 2087 Apuliae
690 2031 837 2071 ducum
855 2039 896 2071 et
916 2046 1059 2084 regum
1073 2031 1236 2073 Siciliae
1255 2039 1296 2072 et
1308 2031 1570 2074 Turcicorum
1586 2047 1632 2072 ac
1653 2032 1747 2074 Ico-

298 2099 504 2139 niensium
526 2100 785 2140 Sultanorum
807 2099 964 2141 indices
997 2100 1279 2152 genealogicos
1305 2102 1563 2155 praemittere
1584 2099 1747 2140 consul-

299 2174 387 2205 tum
414 2168 575 2222 putavi3
608 2169 772 2207 interim
808 2167 906 2208 dum
935 2176 1068 2209 totum
1095 2167 1204 2223 quod
1231 2166 1282 2207 de
1301 2170 1466 2210 familiis
1486 2167 1747 2209 orientalibus

303 2232 457 2286 digessi
479 2249 581 2290 opus
599 2236 641 2275 in
664 2236 868 2291 publicum
885 2235 1067 2291 prodeat.
1115 2237 1167 2276 iis
1185 2235 1358 2290 denique
1377 2236 1593 2288 adiungere
1611 2236 1750 2276 visum

303 2310 367 2342 est
395 2304 707 2359 topographiam
737 2311 776 2343 et
800 2302 1113 2359 descriptionem
1133 2303 1562 2360 constantinopoleos,
1597 2305 1751 2358 aliquot

304 2371 422 2410 annis
465 2379 681 2425 antequam
719 2372 814 2412 urbs
852 2372 894 2410 in
921 2371 1146 2412 Turcorum
1179 2378 1424 2427 potestatem
1460 2371 1699 2412 concederet
1725 2384 1751 2411 a

305 2436 599 2495 Christophoro
623 2439 674 2479 de
692 2438 1058 2480 Bondelmontibus
1077 2440 1311 2480 Florentino
1331 2448 1550 2490 exaratam,
1586 2438 1752 2480 brevio-

304 2506 496 2561 ribusque
523 2508 632 2549 notis
663 2509 925 2558 illustratam3
972 2515 1017 2547 ut
1052 2515 1091 2547 et
1118 2508 1367 2563 praeclarum
1391 2508 1506 2549 Pauli
1531 2506 1753 2548 Silentiarii

307 2573 359 2614 de
380 2574 589 2630 Sophiana
616 2575 718 2616 aede
742 2574 912 2631 poe'ma,
949 2573 1058 2629 quod
1086 2575 1128 2614 in
1158 2589 1302 2616 manus
1328 2590 1441 2617 meas
1461 2577 1605 2616 affecta
1621 2587 1752 2631 paene

306 2642 475 2695 huiusce
498 2646 631 2699 operis
650 2643 830 2684 editione
846 2643 1051 2699 pervenit,
1087 2657 1178 2683 cum
1195 2657 1282 2683 rem
1301 2652 1456 2696 gratam
1471 2647 1667 2684 facturum
1685 2655 1754 2682 me

308 2709 594 2752 eruditioribus
615 2714 827 2752 arbitratus
849 2712 947 2762 sim,
995 2711 1030 2751 si
1048 2711 1148 2751 haec
1170 2709 1323 2752 inedita
1341 2713 1536 2754 historiae
1558 2710 1756 2764 Byzanti·-

310 2792 384 2819 nae
405 2788 669 2822 monumenta
688 2782 731 2822 in
752 2781 955 2837 publicum
970 2780 1207 2835 proferrem.
