1878 3262
590 233 1133 278 COMMENTARIORUM
1166 235 1214 278 L.
1247 233 1302 278 Π.
1370 285 1375 289 ,
1609 234 1674 282 85

210 348 302 391 &lov
335 350 416 390 τῶν
451 349 663 405 φρουρίων
691 347 896 402 ἐξέπεμπε,
963 353 1046 392 τῶν
1063 353 1159 405 γοῦν
1182 347 1385 404 πολεμίων
1403 345 1587 400 ἓξιὸντων
1607 348 1675 392 καὶ

209 415 440 459 διωκόντων
469 417 564 468 τοὺς
590 415 932 475 προνομεύοντας,
971 418 1094 468 αὐτὸς
1116 418 1231 469 ἐξιὼν
1253 423 1326 473 τῆς
1340 419 1503 476 ἐνέδρας
1526 419 1600 469 τὰς
1621 422 1675 470 εἷς

210 486 259 528 τὸ
299 483 495 543 φρούριον
529 484 733 543 φερούσας
765 484 887 536 ὁδοὺς
920 485 1197 540 κατελάμβανε
1230 489 1296 530 καὶ
1327 487 1424 538 τοὺς
1457 486 1676 539 διώκοντας

211 555 373 611 ἀπεῖργε
411 559 484 610 τῆς
513 555 772 612 πρὸς-ταῦτα
803 553 979 605 εἰσόδου.
1008 600 1010 602 ,
1048 558 1251 610 ’ξυνέβαινε
1283 561 1380 613 γοῦν
1412 561 1561 613 μικροῦ
1596 559 1676 599 δεῖν

177 622 369 673 ᾶπάντας
404 625 668 680 ζωγρεῖσθαι,
703 622 771 666 ἅτε
799 624 1012 681 τῶνπρὸς
1046 624 1098 666 τὰ
1131 624 1309 682 φρούρια
1335 630 1546 682 φερουσῶν
1572 624 1676 668 ὁδῶν

210 693 647 756 προκατειλημμένωνιῑ
695 691 847 735 τούτων
875 697 972 749 γοῦν
993 691 1183 747 συχνάκις
1199 695 1415 749 γινομένων
1437 697 1493 744 εἷς
1515 695 1677 749 ἀμηχα-

208 763 299 803 νίαν
335 763 464 816 εἰσῆγε
496 761 566 802 τὸν
593 758 821 818 βάρβαρον.
867 760 910 803 ·ὅ
936 762 1009 816 μὲν
1031 761 1355 818 γὰράξιόμαχον
1377 763 1478 816 ἔχων
1502 762 1673 817 δύναμιν
1694 769 1724 804 Β

209 827 396 884 ἐβούλετο
416 828 528 886 μάχῃ
554 834 631 890 μιᾷ
652 834 843 887 κριθῆναι
870 830 924 873 τὰ
946 831 1038 873 κατ’
1059 829 1212 882 αὐτόν,
1247 829 1268 872 ὃ
1301 832 1346 873 δὲ
1372 831 1676 888 στρατοπεδάρ-

204 915 284 953 χης
319 897 528 953 δυνάμεως
562 899 727 956 ἀπορῶν
770 904 1110 957 καταστρατηγεῖν
1144 899 1214 942 τὸν
1249 898 1463 957 βάρβαρον
1497 900 1676 942 ἔσπευδε.

153 976 198 1011 10
209 969 276 1009 καὶ
302 965 472 1022 ὁπηνίκα
494 969 640 1018 ἐκεῖνος
659 969 706 1010 τὸ
729 966 876 1011 ἑαυτοῦ
896 967 1134 1025 συνήθροιζε
1159 967 1413 1025 στράτευμα,
1438 962 1556 1018 οὗτος
1581 969 1676 1024 ἠρε-

206 1043 296 1090 μεῖν
316 1044 615 1093 προσεποιεῖτο,
651 1039 718 1081 καὶ
742 1037 920 1092 διασχὼν
945 1036 1098 1094 ἡμέρας
1118 1036 1350 1094 τινὰς-ἐξῄει
1375 1035 1515 1092 λάθρα
1537 1039 1604 1078 καὶ
1627 1037 1676 1079 οὗ

206 1103 346 1162 πόρρω
377 1104 521 1147 τούτου
556 1104 764 1162 γενόμενος
794 1106 941 1160 λόχους
974 1107 1203 1152 ἑνίστακαὶ
1229 1107 1281 1149 τὰ
1302 1110 1470 1149 πλεῖστα
1491 1105 1675 1162 ἕνήδρευε

206 1175 274 1215 καὶ
299 1174 394 1223 τοὺς
417 1176 478 1216 ini
510 1174 555 1216 τὸ
591 1173 823 1231 στράτευμα
854 1177 1158 1229 διακομίζοντας
1189 1173 1362 1231 ἐζώγρει,
1434 1174 1676 1229 ἀγγελλομέ-

204 1259 286 1284 νων
318 1243 362 1284 δὲ
395 1241 548 1285 τούτων
577 1248 635 1300 τῷ
663 1243 865 1301 βαρβάρῳ
891 1249 1136 1300 στρατιῶται
1155 1245 1307 1286 ἐκεῖθεν
1328 1243 1548 1297 ἐπέμποντο
1570 1247 1675 1298 βοη-

152 1315 194 1351 15
206 1309 414 1365 θήσοντες.
483 1312 587 1353 ἀλλὰ
605 1319 690 1362 τοῖς
710 1311 844 1367 λόχοις
859 1315 926 1354 καὶ
943 1320 1032 1362 ταῖς
1052 1311 1229 1369 ἐνέδραις
1248 1313 1506 1369 ἐμπίπτοντες
1523 1316 1672 1368 μικροῦ
1694 1315 1725 1351 G

207 1382 289 1421 δεῖν
309 1379 437 1436 ἄρδην
453 1378 661 1434 ἡλίσκοντο
682 1380 874 1431 ἅπαντες·
911 1382 1167 1437 ἀναιρεῖσθαι
1186 1381 1263 1438 γὰρ
1285 1379 1453 1430 τούτους
1470 1381 1545 1434 οὐχ
1563 1380 1675 1423 ὅσιον

205 1449 402 1502 ἐνομίζετο
429 1453 488 1506 τῷ
513 1449 843 1507 στρατοπεδάρχῃ
867 1450 1142 1505 Χριστιανοὺς
1164 1447 1296 1500 ὄντας,

342 1517 422 1561 21.
492 1522 636 1560 Ταῦτα
658 1517 850 1568 πολλάκις
868 1517 1053 1574 γινόμενα
1070 1517 1256 1574 μεγάλως
1276 1516 1449 1560 ε’λύπουν
1473 1515 1543 1558 τὸν
1565 1514 1674 1572 βάρ,

204 1590 354 1643 βαρον·
384 1589 466 1628 τῶν
497 1586 574 1643 γὰρ
608 1585 761 1629 πόλεων
794 1585 885 1629 ὅσαι
916 1594 1129 1643 προσεῖχον
1156 1587 1266 1644 αὐτῷ
1287 1585 1482 1643 πρότερον
1505 1583 1624 1642 (Ῑόβῳ
1647 1584 1686 1639 ἢ

151 1655 339 1712 Ξοεῦνοίᾳ
358 1653 487 1712 τούτῳ
508 1658 844 1713 δασμοφοροῦσαι
855 1689 870 1708 ,
905 1656 1039 1711 ἐπειδὴ
1069 1655 1354 1711 ἀπογινώσκειν
1376 1658 1458 1698 τῶν
1481 1655 1573 1695 κατ’
1597 1654 1674 1695 αὖα

204 1723 274 1765 τὸν
295 1723 491 1779 ἤρξαντο,
527 1725 642 1766 οὐδὲν
664 1726 831 1779 οὐδεμία
853 1732 1039 1781 παρεῖχεν
1058 1725 1182 1782 αὐτῷ.
1253 1726 1319 1767 καὶ
1343 1723 1411 1766 διὰ
1431 1727 1550 1764 τοῦτο
1566 1740 1672 1779 χρη-

206 1790 347 1845 μάτων
379 1794 576 1844 σπανίζων
602 1794 756 1849 βουλὴν
783 1793 1048 1848 ἐβουλεύσατο
1068 1798 1246 1848 βαθεῖαν
1269 1794 1344 1848 μὲν
1371 1792 1418 1834 οὗ
1439 1792 1605 1844 συνετὴν
1629 1791 1674 1832 δὲ

300 1887 354 1922 13.
386 1885 448 1920 καὶ
470 1885 582 1932 τοὺς]
610 1887 807 1927 Addendum
829 1886 877 1927 τὰ
901 1885 1103 1933 ἐπιτήδεια.
1244 1889 1298 1928 19.
1332 1885 1462 1932 φόβῳ]
1487 1886 1585 1924 Fort.
1609 1886 1671 1920 ad-

297 1932 442 1967 dendum
466 1933 617 1976 μᾶλλον.
1264 1966 1293 1985 9,

206 2012 371 2058 quosdam
384 2015 555 2046 ostentare
569 2023 607 2046 se
620 2011 760 2047 iubebat
774 2012 912 2058 praedis
933 2012 1043 2057 palam
1066 2012 1240 2056 abigendis
1253 2012 1287 2048 in
1304 2015 1486 2056 conspectu
1500 2010 1673 2056 praesidii.

207 2059 250 2093 ad
275 2069 373 2103 quam
397 2057 544 2103 speciem
561 2069 635 2091 cum
649 2059 764 2093 hostes
779 2059 911 2092 exirent
926 2063 962 2092 et
977 2058 1197 2103 praedatores
1223 2062 1468 2102 sequerentur,
1498 2057 1571 2101 ipse
1589 2068 1672 2090 con-

205 2116 348 2148 surgens
364 2116 407 2137 ex
421 2103 544 2137 insidiis
558 2104 622 2137 iter
637 2105 782 2148 egressis
798 2105 842 2138 ad
856 2105 998 2139 reditum
1021 2104 1294 2149 praeoccupabat
1318 2103 1586 2147 interclusosque
1601 2102 1671 2135 cir·-

209 2150 422 2185 cumveniens
445 2151 522 2189 fere
542 2161 656 2183 omnes
681 2151 838 2195 capiebat
850 2150 959 2184 vivos.
1007 2150 1058 2183 his
1074 2150 1208 2194 saepius
1224 2149 1323 2183 factis
1336 2149 1370 2190 in
1386 2147 1559 2188 maximam
1575 2148 1671 2181 diffi-

206 2197 366 2231 cultatem
386 2207 497 2230 rerum
523 2196 701 2234 barbarum
718 2196 877 2238 coniecit,
907 2196 965 2241 qui
980 2195 1103 2235 iustum
1120 2196 1247 2234 habens
1262 2195 1446 2233 exercitum
1462 2195 1592 2240 praelio
1607 2194 1672 2227 de-

207 2253 348 2277 cernere
375 2253 472 2286 quam
499 2242 639 2287 primum
657 2242 824 2287 cupiebat.
869 2243 928 2275 sed
945 2242 1114 2280 contrario
1130 2241 1270 2275 consilio
1286 2241 1444 2283 Alexim»,
1478 2241 1536 2284 qui
1551 2251 1670 2284 parum

206 2289 278 2323 suis
294 2287 398 2332 copiis
413 2288 554 2330 fideret,
577 2288 679 2321 furtis
692 2287 771 2320 belli
787 2299 852 2321 non
866 2287 1103 2331 congressibus
1118 2287 1244 2333 apertis
1258 2287 1397 2321 vincere
1413 2287 1592 2321 barbarum
1610 2286 1671 2319 de„

209 2339 376 2369 creverat.
422 2334 538 2378 itaque
563 2334 695 2378 quoties
718 2333 777 2366 ille
802 2338 967 2378 tamquam
993 2333 1036 2366 ad
1052 2334 1126 2368 acie
1143 2332 1336 2371 certandum
1358 2332 1474 2377 copias
1495 2334 1669 2375 coegerat,

206 2380 263 2414 hic
278 2380 451 2424 quiescere
467 2391 505 2413 se
521 2379 608 2412 velle
623 2379 810 2413 simulabat.
846 2385 881 2413 et
895 2379 952 2414 ubi
963 2379 1092 2424 aliquot
1105 2379 1232 2418 dierum
1251 2378 1417 2423 patientia
1431 2378 1591 2421 impetum
1608 2387 1670 2421 pa:

207 2431 357 2460 ratorum
370 2426 410 2459 ad
426 2425 586 2470 praelium
602 2425 884 2468 refrigeraverat,
908 2425 1070 2470 prodibat
1097 2424 1280 2463 clanculum
1298 2428 1334 2459 et
1349 2434 1416 2460 non
1431 2423 1532 2466 longe
1546 2423 1590 2455 ab
1606 2423 1672 2455 ho-

207 2471 341 2506 stilibus
357 2471 475 2504 castris
491 2471 627 2504 insidias
642 2471 777 2508 locabat
789 2495 800 2512 ,
822 2471 897 2504 vias
917 2482 1169 2516 praeoccupans
1185 2470 1308 2515 quibus
1323 2472 1529 2504 commeatus
1543 2468 1673 2502 infere-

206 2518 332 2552 bantur
347 2522 383 2550 et
398 2517 577 2562 plerosque
591 2528 756 2551 annonam
775 2527 816 2551 ac
833 2522 947 2551 cetera
962 2516 1152 2550 necessaria
1170 2514 1375 2560 portantium
1393 2514 1540 2559 capiens.
1587 2514 1674 2551 haec

207 2567 248 2597 ut
261 2564 425 2596 barbarus
439 2567 592 2596 senserat
603 2589 613 2605 ‚
636 2563 790 2597 mittebat
805 2563 972 2607 extemplo
984 2561 1235 2607 pabulatoribus
1251 2560 1385 2594 auxilia.
1432 2559 1494 2594 sed
1508 2559 1599 2595 missi
1614 2559 1670 2593 in·-

211 2613 385 2642 currentes
413 2608 450 2642 in
473 2608 608 2649 insidias
630 2608 838 2654 paucissimis
863 2608 1072 2647 elabentibus
1094 2607 1312 2653 capiebantur
1335 2617 1462 2646 omnes.
1505 2617 1582 2645 nam
1607 2616 1670 2640 eos

210 2654 367 2688 occidere
378 2655 474 2688 nefas
490 2654 606 2688 Alexio
623 2655 821 2698 videbatur,
853 2666 926 2688 cum
941 2653 1126 2689 Christiani
1141 2656 1267 2693 essent,

302 2701 358 2735 21.
404 2701 501 2735 Haec
522 2700 658 2745 saepius
676 2701 723 2734 ita
746 2706 843 2744 gesta
857 2701 1075 2740 vehementer
1089 2699 1338 2738 conturbabant
1350 2698 1545 2738 barbarum.
1592 2708 1668 2730 nam

213 2745 368 2779 civitates
383 2773 393 2790 ‚
425 2757 511 2791 quae
527 2753 618 2780 metu
632 2755 691 2786 aut
706 2757 820 2784 amore
832 2746 898 2792 ipsi
912 2747 1077 2780 favebant
1091 2750 1126 2780 et
1139 2745 1318 2789 vectigalia
1332 2744 1528 2790 pendebant
1537 2769 1547 2784 ,
1572 2748 1669 2788 post-

213 2802 312 2836 quam
337 2791 518 2838 desperare
534 2793 605 2826 eius
621 2793 780 2827 auxilium
795 2801 854 2826 aut
869 2804 935 2830 non
952 2793 1071 2832 timere
1085 2791 1190 2837 ipsius
1203 2791 1362 2836 impetum
1378 2794 1564 2835 coeperunt
1576 2816 1586 2831 ‚
1615 2788 1670 2821 lu·

213 2836 380 2870 crifacere
406 2842 570 2882 sumptum
598 2839 835 2884 pensitationis
859 2840 917 2873 vel
939 2838 1068 2873 inutilis
1091 2838 1149 2872 vel
1163 2848 1230 2872 non
1245 2836 1456 2871 necessariae
1471 2838 1670 2878 coeperunt.

214 2894 354 2928 quarum
370 2883 604 2920 collationibus
620 2886 830 2925 cessantibus
841 2884 956 2933 inopia
969 2883 1125 2925 Urselius
1142 2883 1272 2934 ingenti
1287 2884 1337 2919 rei
1352 2880 1556 2918 nummniae
1571 2879 1670 2913 labo-
