1878 3262
287 206 382 253 162
648 249 649 252 ,
710 203 749 246 N
750 202 1019 255 ICEPHORI
1050 203 1317 255 BRYENNII

281 317 452 375 βόμενος
481 315 583 360 εὐθὺ
614 317 790 368 Νικαίας
819 314 959 376 ἐχώρει
966 349 980 370 ,
1016 318 1083 360 καὶ
1113 316 1165 372 δὴ
1194 323 1278 368 τοῖς
1299 317 1442 373 τείχεσι
1462 315 1745 377 προσπελάσας

280 388 411 444 ᾐτεῖτο
443 384 598 437 πάντας
632 388 933 443 παραδοθῆναι.
1001 386 1041 429 οἳ
1073 386 1115 430 δ’
1141 385 1252 437 ἐντὸς
1274 384 1426 439 ἔξωθεν
1446 390 1746 446 προσδοκῶντες

282 453 473 510 δυνάμεις
498 457 554 506 εἷς
574 455 735 513 ἀρωγὴν
756 456 888 500 αὐτῶν
910 453 1172 507 ἐλεύσεσθαι,
1203 453 1336 512 λόγοις
1362 456 1581 511 ἀπατηλοῖς
1603 461 1746 507 τοῦτον

282 525 556 575 ἐξαπατῶντες
574 522 729 582 ἡμέραν
751 525 794 575 ἐξ
814 522 968 582 ἡμέρας
986 522 1279 583 ὕπερετίθεντο.
1346 522 1368 566 ὅ
1399 525 1444 567 δὲ
1462 523 1746 582 Παλαιολόγος
1779 546 1788 566 z
1848 520 1851 522 ’

282 595 324 635 Γ
320 591 484 651 εώργιος
513 593 571 648 μὴ
604 593 738 651 φέρων
763 593 837 649 τὴν
870 591 1101 651 παράλογον
1128 594 1278 648 ἐκείνην
1299 591 1536 651 στράτευσιν
1558 593 1778 652 ἓμπειρό-ς,

141 674 169 708 P
197 674 262 710 106
284 656 406 712 τατος
431 660 488 705 ὢν
517 663 585 704 καὶ
615 662 684 711 τὸν
715 660 907 719 ’ὑπόγυιον
946 663 987 705 ἐν
1026 661 1264 722 ὀφθαλμοῖς
1294 660 1374 718 ἤδη
1408 660 1515 719 ὁρῶν
1550 663 1745 715 κίνδυνον,

281 729 541 786 συνεβούλευε
572 729 703 789 τούτῳ
734 735 1038 786 παλινοστῆσαι.
1106 729 1127 779 ὅ
1161 731 1206 773 δὲ
1236 731 1332 782 τοὺς
1355 729 1501 782 τούτου
1523 728 1668 788 λόγους
1691 729 1746 786 ᾧς

281 804 406 858 λῆρον
436 797 651 856 δεξάμενος
676 800 816 859 ἀγνοίᾳ
846 804 920 843 τοῦ
942 800 1101 850 δέοντος
1130 803 1287 854 μᾶλλον
1304 799 1333 856 ἢ
1354 800 1547 860 καρτερία
1566 799 1747 858 προσ-μές-
1799 837 1801 839 .

280 886 360 912 νειν
389 867 576 924 ἐβούλετο
585 901 598 921 ,
634 868 710 919 ἕως
737 868 832 919 τοὺς
863 867 1074 926 Τούρκους
1106 866 1215 924 ἣκειν
1250 867 1330 925 ἤδη
1369 866 1601 923 πυθόμενος
1637 867 1747 921 ἄκων
1775 921 1779 923 Β

278 937 372 992 μετῗ
399 928 591 992 αἲσχύνης
609 935 928 994 ἓπαναζεύγνυσι.
1757 948 1803 986 19

419 1005 498 1050 36.
566 1002 704 1051 Πάλιν
726 1001 797 1049 οὖν
818 1004 839 1048 ὁ
859 1002 1145 1061 Παλαιολόγος
1162 1006 1204 1047 Γ
1200 1001 1363 1062 εώργιος
1380 1002 1669 1063 ταγματάρχης
1689 1002 1746 1054 ὢν

279 1071 566 1131 ἐμπειρότατος
593 1075 662 1115 καὶ
692 1074 795 1117 κατὰ
813 1081 931 1131 χεῖρα
952 1076 1019 1117 καὶ
1041 1072 1203 1130 γνώμην
1224 1080 1426 1130 γενναῖος,
1459 1071 1747 1132 παρρησιασά-

276 1159 396 1195 μενος
421 1139 683 1201 συνεβούλευε
708 1142 766 1197 μὴ
790 1140 845 1192 ὡς
869 1141 980 1196 ἔτυχε
1005 1146 1256 1186 παλινοστεῖν
1266 1174 1281 1194 ,
1310 1142 1416 1187 ἀλλὰ
1438 1142 1514 1185 σὺν
1545 1141 1655 1194 τάξει
1677 1143 1746 1191 καὶ

276 1208 416 1269 κόσμῳ
442 1214 501 1268 τῷ
532 1210 674 1253 δέοντι.
742 1208 763 1252 ὃ
794 1210 868 1265 μὲν
896 1210 1011 1262 τοῦτ’
1039 1209 1192 1266 ἔλεγεν,
1221 1208 1243 1252 ὃ
1271 1211 1315 1253 δὲ
1334 1210 1406 1266 τὴν
1422 1215 1503 1255 τῶν
1527 1210 1632 1253 ὅλων
1651 1208 1746 1267 ἦγε-

223 1295 254 1330 Β
275 1280 421 1333 μονίαν
443 1278 555 1337 αὐτῷ
574 1279 790 1335 ἐνεχείριζε.
859 1276 1118 1334 καταστήσας
1135 1273 1207 1321 οὖν
1227 1279 1284 1331 εἷς
1300 1276 1431 1330 τάξεις
1448 1278 1495 1321 τὸ
1513 1277 1745 1336 στράτευμα
1758 1290 1800 1326 15

276 1349 343 1391 καὶ
366 1348 497 1398 ἱππεῖς
516 1345 775 1405 παρεδρεύειν
795 1346 1127 1404 ἐγκελευσάμενος
1144 1346 1248 1402 πλὴν
1269 1346 1412 1404 ὀλίγων
1433 1351 1515 1391 τῶν
1527 1346 1746 1405 ,ἐνεδρεύειν

275 1419 343 1460 καὶ
360 1418 528 1471 λοχίζειν
548 1414 797 1471 μελλόντων,
833 1416 880 1459 τὸ
905 1417 949 1459 δὲ
972 1414 1174 1462 ὁπλιτικὸν
1198 1415 1268 1467 καὶ
1290 1415 1406 1469 πεζὸν.
1427 1413 1554 1468 τάξας
1576 1415 1746 1469 {fama-i?

273 1484 408 1540 βάδην
440 1486 641 1528 ἐκέλευσεν
677 1485 835 1528 ἀπιέναι
844 1517 857 1538 ,
892 1485 1016 1535 αὐτὸς
1051 1485 1095 1528 δὲ
1124 1483 1287 1542 περιιὼν
1317 1484 1392 1529 σὺν
1416 1484 1566 1541 ὀλίγοις
1587 1482 1654 1528 ὅτε
1670 1485 1745 1539 μὲν

274 1553 367 1596 κατ’
396 1553 589 1610 οὐραγίαν
615 1551 680 1595 ὁτὲ
708 1554 751 1595 δὲ
778 1554 882 1596 κατὰ
904 1553 950 1596 τὸ
973 1554 1095 1612 κέρας
1116 1553 1162 1596 τὸ
1183 1553 1312 1604 δεξιὸν
1346 1552 1421 1608 (τὸ
1437 1552 1517 1610 γὰρ
1537 1550 1744 1608 εὐώνυμον

274 1616 325 1677 ἦν
357 1622 399 1664 ἓν
437 1621 642 1681 ἀσφαλείᾳ
676 1622 749 1676 τὴν
784 1623 927 1677 λίμνην
962 1622 1055 1677 ἕχον
1088 1619 1402 1678 ἐπαρήγουσαν)
1439 1619 1629 1676 ἀπεσόβει
1663 1624 1799 1683 τῶνξᾳ

276 1688 473 1748 Τούρκων
497 1689 592 1740 τοὺς
611 1691 970 1748 προεκτρέχοντας,
1006 1690 1080 1740 ἕως
1102 1690 1271 1745 πλησίον
1291 1693 1364 1745 τῆς
1385 1691 1605 1740 Βασιλείας
1625 1688 1744 1748 φθά-

274 1775 416 1809 σαντες
434 1757 536 1816 πρὸς
556 1757 602 1800 τὸ
627 1757 955 1815 στρατοπεδεύειν
976 1759 1164 1815 γένοιντο.

274 1935 358 1978 vet,
389 1936 424 1967 et
446 1932 603 1967 admotus
625 1932 731 1967 muris
754 1932 895 1978 petebat
917 1943 940 1967 a
961 1931 1209 1967 Nicaeensibus
1224 1934 1263 1967 ut
1277 1932 1481 1967 deditionem
1494 1933 1660 1968 facerent.
1705 1935 1744 1968 at

272 1979 322 2013 illi
349 1979 471 2024 quibus
498 1985 592 2018 esset
615 1990 693 2024 spes
719 1983 815 2013 certa
831 1983 1028 2025 paratarum
1044 1979 1217 2023 copiarum
1232 1979 1276 2013 ad
1290 1979 1446 2022 auxilium
1460 1979 1543 2025 ipsis
1555 1978 1742 2025 ferendum,

273 2025 389 2059 verbis
406 2024 583 2059 fallacibus
600 2025 709 2069 ipsum
723 2025 892 2059 lactantes
907 2024 995 2058 diem
1012 2036 1056 2058 ex
1071 2024 1126 2058 die
1141 2024 1321 2060 ducebant.
1366 2023 1594 2070 Palaeologus
1608 2025 1742 2060 interim

274 2070 450 2114 Georgius
464 2071 519 2104 cui
534 2071 708 2105 consilium
722 2070 806 2104 illud
821 2070 1017 2125 imprudens
1031 2070 1169 2116 placere
1183 2081 1251 2104 non
1265 2074 1420 2116 poterat3
1450 2083 1473 2117 q
1497 2070 1506 2079 ‘
1532 2081 1575 2105 ue
1595 2081 1658 2117 pro
1677 2081 1740 2105 suo

272 2116 463 2162 praestanti
478 2116 526 2150 rei
543 2116 694 2151 militaris
710 2127 774 2150 usu
787 2116 961 2151 imminens
978 2128 1021 2150 ex
1035 2127 1130 2157 mora
1144 2117 1331 2171 Periculum
1346 2116 1443 2162 quasi
1456 2129 1498 2151 oc
1534 2117 1562 2151 's
1573 2120 1742 2161 cerneret,

272 2162 427 2197 eunucho
454 2162 623 2197 suadebat
648 2165 687 2196 ut
710 2174 747 2197 se
771 2174 811 2197 ac
837 2163 952 2208 copias
967 2162 1138 2208 reciperet
1151 2174 1186 2196 ln
1201 2167 1322 2197 tutum.
1366 2163 1424 2197 ille
1438 2167 1557 2208 contra
1569 2173 1742 2200 sermones

272 2207 345 2243 eius
371 2219 433 2253 pro
460 2208 561 2252 nugis
586 2209 713 2242 babens
739 2208 930 2253 ignorantia
954 2209 1041 2243 recti
1063 2208 1177 2254 potius
1195 2220 1294 2254 quam
1309 2209 1500 2255 constantia
1514 2208 1740 2254 perstabatin

271 2253 451 2334 teigerario
458 2253 615 2333 dconsilio
626 2281 637 2297 ‚
669 2254 777 2288 donec
801 2255 918 2290 audito
941 2254 1081 2290 tandem
1096 2254 1259 2290 advenire
1274 2255 1408 2290 Turcos
1421 2252 1574 2301 ingratiis
1587 2264 1652 2289 nec
1665 2253 1740 2299 sine

296 2310 319 2334 u
344 2311 404 2334 ore
418 2311 457 2335 re
480 2300 530 2333 ire
545 2311 584 2334 co
610 2299 688 2335 itur.
1478 2301 1484 2309 ”

270 2310 294 2346 P
331 2348 334 2351 ’
362 2346 419 2381 36.
467 2345 535 2380 Hic
560 2311 678 2380 rffrsus
702 2345 928 2391 Palaeologus
945 2346 1116 2392 Georgius
1131 2346 1284 2393 apprime
1299 2346 1424 2382 callens
1437 2347 1544 2382 artem
1559 2344 1738 2391 ordinandi

269 2402 313 2427 ac
334 2391 447 2437 perite
472 2391 614 2436 regendi
637 2392 798 2426 militares
821 2403 937 2427 manus
963 2404 1026 2428 nec
1049 2393 1157 2428 minus
1182 2393 1320 2434 consilio
1347 2403 1447 2439 quam
1463 2402 1565 2438 manu
1579 2391 1680 2426 fortis
1694 2402 1738 2427 ao

269 2441 449 2483 promptus
461 2465 472 2482 ‚
503 2441 637 2484 sumpta
651 2438 712 2473 tali
724 2441 879 2484 tempore
900 2438 1045 2482 fiducia,
1075 2443 1196 2482 auctor
1212 2443 1287 2474 erat
1300 2451 1343 2474 ne
1358 2437 1666 2484 quomodocumque
1678 2448 1737 2472 re-

272 2483 453 2526 cederent,
483 2483 543 2518 sed
571 2495 646 2522 cum
672 2484 791 2519 ordine
813 2495 854 2519 ac
876 2485 973 2519 modo
989 2485 1215 2529 convenienti.
1259 2486 1344 2520 haec
1357 2483 1513 2519 suadenti
1528 2483 1735 2528 Palaeologo

270 2528 407 2563 ductum
422 2529 572 2564 universi
587 2530 755 2564 exercitus
770 2530 913 2565 Ioannes
927 2531 962 2565 in
976 2531 1043 2566 isto
1058 2536 1200 2578 receptu
1215 2530 1390 2567 commisit.
1445 2528 1549 2574 igitur
1564 2528 1736 2575 Georgius

272 2573 416 2618 digessit
442 2575 627 2610 exercitum
649 2576 684 2610 in
708 2576 862 2622 ordineS,
892 2577 990 2612 iussit
1010 2577 1360 2623 equites'praecedere
1374 2575 1522 2610 intentos
1537 2575 1582 2610 ad
1594 2574 1736 2621 ferenda

272 2630 341 2664 quo
359 2631 443 2665 opus
459 2621 552 2655 foret
566 2622 709 2663 auxilia,
732 2628 870 2668 praeter
883 2634 1011 2669 paucos
1027 2635 1112 2669 quos
1127 2623 1160 2657 in
1174 2623 1302 2666 insidiis
1314 2621 1441 2656 abdere
1455 2622 1606 2656 volebat.

271 2675 349 2699 vem
377 2670 577 2701 armaturam
603 2671 640 2702 et
662 2668 826 2714 reliquum
849 2669 1036 2714 peditatum
1058 2674 1152 2704 retro
1171 2667 1355 2714 disposuit,
1385 2668 1477 2702 lento
1493 2667 1601 2713 gradu
1614 2666 1735 2711 iubens

271 2711 446 2756 progredi.
491 2712 565 2757 ipse
587 2724 661 2748 cum
685 2715 801 2758 paucis
817 2715 1014 2750 circumiens
1029 2715 1144 2750 obibat
1158 2715 1256 2749 modo
1271 2719 1456 2749 extremum
1470 2725 1607 2758 agmen,
1632 2706 1733 2747 modo

272 2768 378 2793 cornu
391 2756 476 2791 aciei
491 2757 668 2793 dexterum
685 2761 703 2803 (
711 2771 787 2795 nam
800 2760 935 2805 laevum
947 2772 1102 2806 securum
1117 2765 1193 2795 erat
1204 2764 1391 2807 protectum
1407 2771 1429 2794 a
1444 2759 1569 2806 palude
1577 2761 1616 2805 J„
1637 2758 1733 2794 'rur-

273 2813 330 2838 cos
346 2807 564 2839 excurrentes
578 2815 739 2839 coercens
751 2831 762 2849 ‚
795 2807 910 2852 quoad
933 2807 1163 2852 admovissent
1177 2806 1370 2851 secastello
1384 2804 1523 2851 Basilea.
1531 2805 1643 2850 dicto,
1672 2803 1732 2852 ubi

272 2851 384 2885 castra
397 2849 519 2885 metari
532 2850 787 2886 constituerant.
