1878 3262
250 207 346 253 180
813 203 1148 248 DESCRIPTIO

247 318 519 366 saicorumque
538 313 826 365 aedificiorum,
855 320 974 366 atque
995 327 1085 352 cum
1101 313 1328 366 pavimento
1348 314 1438 353 miri
1456 315 1599 367 ingenii
1617 329 1715 355 con-

248 381 374 413 texto.
430 372 565 422 ibique
591 371 634 409 in
665 371 745 410 alto
772 376 812 409 et
833 385 954 424 supra
970 383 1078 410 mare
1096 375 1180 409 erat
1203 369 1242 394 ¹⁷
1267 371 1475 422 speculam
1497 373 1716 411 immensu-

246 430 382 470 rabilis
401 427 700 480 magnitudiniS,
731 428 1061 480 circumspectum
1083 442 1106 465 a
1125 427 1239 478 longe
1257 427 1391 476 nimis,
1423 434 1464 466 et
1482 430 1613 468 omnia
1631 429 1716 468 eius

248 487 423 525 aedificia
445 497 667 524 marmorea
688 485 729 523 in
749 498 856 524 mare
882 486 1072 525 videntur
1105 490 1374 536 prosternata,
1403 498 1527 536 prope
1548 484 1588 510 1⁸
1609 501 1715 538 por-

247 545 382 582 tulam
406 543 662 594 imperatoris
683 541 792 580 dicti.
850 542 969 580 etiam
992 541 1039 579 de
1059 540 1096 565 1⁹
1119 543 1308 579 immenso
1327 541 1491 592 palatio
1514 555 1638 593 usque
1661 543 1713 581 ad

247 603 443 640 Sanctam
477 599 695 651 Sophiam,
736 603 823 637 erat
850 612 922 651 per
950 598 1117 637 milliare
1142 597 1185 622 ²⁰
1208 599 1274 637 via
1302 598 1576 637 columnarum
1594 599 1714 638 bina-

245 672 336 697 rum
353 689 363 708 ‚
393 670 464 709 per
491 670 610 707 quam
638 655 822 694 dominus
851 655 1082 704 accedebat,
1116 654 1186 693 ubi
1201 654 1242 679 21
1263 654 1579 706 octingentorum
1598 656 1714 694 cleri-

246 728 383 753 corum
402 726 472 765 per
489 713 698 751 circuitum
719 713 860 751 domus
879 719 1012 762 erant3
1042 718 1081 749 et
1100 711 1148 749 de
1166 712 1290 750 totius
1306 711 1457 750 insulae
1476 711 1714 762 Trinacriae,

242 778 290 810 ut
324 771 491 820 dicitur,
521 770 701 808 fructum
731 769 950 822 capiebant.
1009 767 1052 792 '²²
1075 782 1182 807 nunc
1202 775 1333 807 autem
1353 768 1436 806 sola
1461 768 1620 807 testudo
1647 781 1715 807 eo—

243 828 381 866 clesiae
401 833 580 866 remanet
598 827 640 864 in
660 840 727 877 ea,
759 826 852 877 quia
870 826 1001 865 omnia
1021 825 1199 877 disrupta
1218 831 1312 864 sunt
1328 830 1366 862 et
1384 825 1435 863 ad
1452 824 1621 864 nihilum
1640 825 1714 864 de·-

243 891 461 934 venerunt,
494 898 515 921 a
540 897 619 934 qua
638 882 680 907 ²3
701 895 826 933 usque
849 884 901 921 ad
919 883 1194 934 pavimentum
1218 881 1298 924 144
1321 881 1594 932 brachiorum,
1623 888 1664 921 et
1688 895 1714 920 a

241 942 470 994 pavimento
506 952 630 990 usque
668 940 832 991 planum
864 940 1134 990 fundamenti,
1185 939 1278 991 quia
1306 944 1393 977 toto
1423 952 1505 976 una
1536 941 1712 977 cisterna

241 999 412 1050 optimae
434 1010 557 1047 aquae
582 997 796 1048 ampliatur
819 996 1075 1035 brachiorum
1100 1000 1166 1039 17.
1222 996 1386 1047 insuper
1412 1009 1484 1047 per
1511 996 1713 1034 ecclesiam

239 1060 333 1094 sunt
365 1054 414 1092 de
447 1053 590 1104 angulo
616 1053 668 1090 ad
690 1053 876 1104 angulum
901 1056 980 1094 120
1002 1051 1186 1103 brachia,
1222 1052 1314 1103 quia
1334 1052 1503 1104 desuper
1522 1052 1713 1103 rotunda,

240 1117 280 1149 et
301 1111 343 1149 in
364 1110 482 1162 plano
499 1109 818 1161 quadrangulata
843 1109 1006 1149 recedit.
1065 1110 1203 1160 quisue
1223 1109 1373 1160 poterit
1393 1121 1625 1148 enumerare
1643 1123 1713 1147 or-

238 1173 426 1206 namenta
443 1179 687 1205 marmorum
707 1172 827 1216 atque
850 1165 1167 1218 porphyrorum‚
1197 1179 1288 1205 cum
1305 1165 1483 1203 Mosaicis
1500 1166 1712 1204 liniamen-

238 1225 312 1273 tis,
347 1224 439 1274 quia
468 1227 505 1261 et
532 1236 554 1260 a
581 1236 659 1273 quo
690 1223 813 1260 latere
842 1223 1014 1274 incipere
1034 1222 1176 1262 vellem
1196 1234 1397 1261 evanesco.
1455 1227 1571 1262 extra
1588 1222 1711 1274 igitur

238 1281 440 1319 ecclesiam
466 1279 516 1318 ad
547 1279 753 1317 meridiem
781 1279 823 1317 in
851 1280 983 1331 platea
1004 1278 1049 1303 24
1069 1279 1258 1317 columna
1277 1278 1614 1330 septingentorum
1635 1291 1709 1317 cu-

235 1338 413 1376 bitorum
445 1337 525 1374 alta
553 1336 737 1387 videtur,
768 1336 879 1375 cuius
906 1337 948 1374 in
976 1337 1103 1388 capite
1123 1335 1361 1375 Iustinianus
1379 1347 1514 1373 aereus
1529 1341 1710 1385 equester

234 1394 429 1443 habetur,
471 1399 510 1430 et
536 1407 699 1445 pomum
727 1406 818 1431 cum
845 1394 959 1432 laeva
988 1406 1156 1432 aureum
1180 1398 1339 1441 tenens,
1377 1391 1429 1429 ad
1455 1392 1710 1430 Occidentem

95 1456 124 1490 P
151 1456 217 1491 180
241 1465 331 1490 cum
363 1451 527 1489 dextera
557 1450 746 1488 minatur.
805 1455 843 1487 et
869 1450 984 1488 iuxta
1008 1449 1114 1488 hanc
1142 1462 1211 1488 sex
1233 1450 1444 1487 columnae
1462 1462 1710 1487 marmoreae

235 1514 390 1546 erectae
419 1519 582 1557 magnae
611 1506 804 1544 videntur
832 1507 1022 1549 seriatim.
1077 1507 1185 1545 ultra
1211 1519 1307 1545 vero
1335 1505 1408 1542 has
1433 1505 1485 1543 ad
1503 1505 1709 1544 meridiem

235 1564 277 1590 2⁵
303 1561 597 1615 hippodromus
631 1562 910 1611 descenditur‚'
935 1563 1046 1613 quod
1064 1563 1185 1601 latine
1204 1562 1295 1613 equi
1316 1574 1454 1599 cursus
1472 1562 1708 1614 appellatur.

233 1622 276 1660 in
298 1620 377 1659 hoc
396 1625 528 1658 autem
545 1619 673 1670 spatio
694 1619 846 1657 nobiles
867 1633 999 1657 coram
1018 1618 1059 1643 2⁶
1077 1619 1300 1658 iustrabant
1315 1618 1484 1669 populo,
1515 1625 1556 1657 et
1577 1617 1708 1658 duella

235 1684 353 1729 atque
387 1675 652 1715 torniamenta
687 1676 956 1727 parabantur,
993 1678 1075 1718 690
1112 1676 1229 1713 etiam
1261 1674 1532 1725 magnitudine
1569 1675 1706 1715 brach.

233 1740 274 1773 et
301 1733 382 1776 134
402 1733 626 1784 ampliatur.
685 1738 726 1769 et
743 1745 864 1784 supra
889 1732 1092 1769 columnas
1122 1732 1372 1769 aedificatum
1390 1737 1470 1780 est,
1498 1732 1542 1769 in
1563 1732 1708 1782 quibus

236 1789 279 1815 ²⁷
298 1792 474 1828 cisterna
494 1788 732 1840 amplissima
750 1789 921 1840 optimae
936 1801 1059 1839 aquae
1074 1794 1204 1827 totum
1224 1801 1344 1839 supra
1361 1786 1510 1826 dictum
1530 1788 1708 1827 continet

234 1847 417 1899 spatium.
474 1846 516 1884 in
538 1845 662 1897 capite
682 1857 779 1885 vero
805 1844 1064 1897 hippodromi
1094 1843 1149 1887 24
1183 1843 1226 1868 2⁸
1253 1849 1367 1883 erant
1397 1844 1606 1883 altissimae
1633 1858 1707 1884 co-

233 1905 414 1952 lumnae,
455 1901 497 1926 2⁹
527 1903 596 1940 ubi
626 1903 842 1953 imperator
874 1915 966 1940 cum
996 1901 1241 1954 principibus
1271 1900 1481 1940 residebat.
1540 1902 1589 1940 ab
1623 1915 1706 1940 una

234 1966 367 1999 autem
392 1965 507 2011 parte
534 1964 575 1996 et
599 1959 723 1997 altera
748 1958 1008 2010 hippodromi
1030 1958 1166 1996 sedilia
1183 1957 1378 2009 gradatim
1398 1958 1440 1996 in
1459 1958 1707 2009 longitudine

233 2017 355 2069 ipsius
375 2021 490 2054 erant
514 2019 752 2065 marmorea,
782 2015 852 2053 ubi
874 2015 1045 2067 populus
1064 2015 1238 2053 sedendo
1262 2014 1418 2054 omnem
1434 2014 1575 2053 ludum
1594 2028 1707 2054 com-

233 2073 515 2125 prehendebat.
572 2085 643 2124 per
686 2072 860 2110 medium
900 2072 1069 2123 denique
1097 2071 1193 2109 dicti
1229 2085 1367 2110 cursus
1388 2072 1430 2109 in
1457 2071 1704 2123 longitudine

233 2130 393 2168 humilis
415 2135 474 2166 est
493 2142 643 2167 murus,
701 2135 741 2167 et
768 2130 897 2180 primo
915 2142 1052 2168 versus
1073 2128 1270 2179 Sophiam
1290 2134 1350 2166 est
1370 2126 1410 2152 3⁰
1433 2128 1591 2166 ecclesia
1611 2141 1702 2167 cum

233 2200 350 2225 muro
376 2185 584 2236 magnifico
611 2192 651 2222 et
679 2186 1025 2224 innumerabilium
1049 2186 1310 2223 fenestrarum
1340 2190 1508 2235 ornatu,
1535 2183 1604 2223 ubi
1626 2184 1702 2223 do-

233 2244 362 2282 minae
380 2248 419 2280 et
437 2242 671 2280 iuvenculae
692 2256 782 2280 curn
797 2243 988 2280 matronis
1004 2256 1095 2280 suos
1116 2241 1407 2293 prospiciebant
1422 2241 1602 2291 dilectos,
1631 2241 1702 2280 ubi

232 2302 275 2338 in
292 2298 486 2351 principio
506 2298 601 2336 dicti
618 2298 724 2337 muri
742 2297 779 2322 ³¹
798 2312 975 2337 summus
998 2299 1164 2338 balneus·
1181 2298 1423 2349 erigebatur,
1451 2298 1492 2336 in
1508 2309 1586 2348 quo
1605 2298 1700 2336 vul-

234 2357 362 2394 nerati
389 2355 654 2407 ponebantur.
713 2354 855 2393 deinde
883 2355 925 2379 ³2
950 2357 1116 2408 Agulia
1136 2368 1187 2394 ex
1210 2368 1291 2393 uno
1315 2354 1445 2406 lapide
1462 2354 1504 2392 in
1524 2360 1700 2404 quatuor

233 2413 362 2451 aeneis
390 2411 540 2450 taxillis
567 2412 608 2449 in
638 2411 762 2449 altum
794 2418 925 2451 erecta
949 2413 1126 2451 cernitur
1154 2411 1380 2455 cubitorum
1399 2409 1455 2454 24
1477 2415 1518 2449 et
1535 2410 1577 2450 in
1597 2410 1699 2464 pede

233 2469 315 2507 eius
337 2482 473 2510 versus
495 2468 550 2506 sic
570 2474 706 2507 sonat:

453 2532 643 2586 difficili-s·
672 2533 881 2586 quondam
910 2533 1088 2576 dominis
1108 2548 1255 2587 parere
1281 2533 1440 2580 serenis,

454 2592 593 2629 iussas
623 2599 659 2629 et
687 2593 894 2630 exstinctis
914 2592 1105 2643 palmam
1126 2598 1295 2643 portare
1322 2592 1518 2640 tyrannis,

452 2649 591 2684 omnia
627 2647 844 2687 Theodosio
875 2648 1020 2687 cedunt
1047 2648 1254 2700 sobolique
1273 2647 1453 2698 perenni,

449 2709 508 2739 ter
538 2702 651 2742 denis
679 2707 737 2743 sic
765 2707 899 2744 victus·
927 2720 998 2758 ego
1028 2703 1282 2756 domitusque
1309 2701 1449 2740 diebus

449 2757 584 2798 iudice
613 2761 687 2799 sub
725 2764 865 2801 Proolo
895 2775 1063 2814 superas
1092 2762 1222 2800 elatus
1251 2758 1312 2798 ad
1337 2772 1476 2800 aurae.

1847 2930 1871 3262 Qsss.2m2«—-
1859 2818 1873 2927 ..mn-
1869 2784 1873 2799 ,<
1870 2763 1873 2774 ,
