1878 3262
436 622 725 682 INDEX
773 607 1326 680 HISTORICUS.

135 940 340 1017 Abrytani
357 972 412 1016 26,
429 974 484 1008 12.

137 1019 410 1054 Acclamationes
439 1019 602 1054 militares
630 1018 673 1053 ad
699 1019 852 1054 Alexium

135 1109 238 1144 Acies
258 1111 414 1145 Romana
439 1122 462 1146 a
486 1110 612 1146 Turcis
626 1110 780 1144 caeditur
795 1109 853 1152 41,

133 1201 374 1246 Adrianopolis
392 1203 535 1247 108‚‚18.
562 1202 705 1247 144,21.
732 1201 853 1244 157,9.

133 1249 243 1281 Aetus
261 1249 338 1292 149,
357 1249 412 1282 19.

134 1293 251 1327 Africa
267 1294 324 1335 26,
339 1294 372 1327 9.

134 1338 286 1382 Agarcni
303 1339 380 1382 163,
400 1340 454 1374 12.

133 1384 278 1427 Alania,
302 1384 398 1418 Alani
414 1385 471 1427 56,
485 1385 519 1419 7.
543 1385 601 1426 72,
620 1384 676 1419 14.
699 1384 756 1427 83,
771 1385 828 1421 20.

133 1430 236 1464 Alani
262 1441 323 1464 cur
348 1431 508 1465 deserant
530 1430 771 1474 Palaeologum
793 1430 851 1473 83,

133 1520 273 1556 Alexius
306 1521 500 1556 Comnenus
530 1520 721 1555 Botaniatis
742 1521 852 1567 impe-

177 1566 262 1600 rium
278 1577 381 1611 aegre
396 1567 466 1601 fert
480 1568 514 1610 6,
530 1567 564 1602 4.
613 1568 730 1600 ambos
756 1568 851 1601 Con—

179 1613 349 1647 stantinos
363 1614 480 1647 Ducas
494 1613 676 1647 conciliare
686 1614 851 1647 Botania-

177 1662 238 1692 tae
251 1659 380 1694 frustra
396 1664 539 1693 conatur
554 1661 588 1703 7,
606 1660 662 1694 12.
703 1670 764 1692 cur
780 1660 849 1692 Bo-

178 1704 332 1738 taniatae
348 1710 384 1739 et
398 1706 470 1739 eius
492 1705 650 1739 ministris
671 1710 851 1750 suspectus

179 1755 216 1783 et
230 1750 359 1784 invisus
374 1752 409 1795 8,
419 1752 453 1785 7.
484 1750 596 1784 edicto
612 1751 749 1784 iubetur
764 1763 850 1784 exu—

178 1795 252 1829 lare
263 1821 274 1836 ,
295 1795 358 1829 sed
373 1796 558 1841 imperator
574 1797 775 1830 sententiam
792 1808 850 1830 re-

177 1847 281 1875 vocat
300 1843 334 1883 8,
354 1842 408 1876 15.
457 1842 499 1874 ab
524 1841 729 1886 imperatore
753 1842 850 1875 bellis

179 1887 376 1920 difficilibus
389 1887 587 1932 praeficitur
600 1894 637 1920 ut
648 1888 806 1931 pereat9,
815 1888 849 1921 9.

177 1933 386 1977 Bryennium
395 1938 430 1966 et
439 1932 622 1966 Basilacem
635 1932 741 1966 vincit
748 1934 782 1976 9,
791 1933 848 1967 23.

177 1979 332 2022 ingratae
345 1979 440 2013 vices
451 1990 519 2024 pro
533 1978 720 2012 benefactis
731 1978 848 2012 Alexio

178 2024 337 2059 redditae
354 2027 407 2066 10,
426 2025 479 2060 13.
515 2024 558 2057 ad
574 2024 745 2069 imperium
762 2024 849 2057 arri-

177 2070 337 2116 piendum
354 2070 568 2115 compellitur
588 2071 642 2112 11,
658 2071 692 2104 2.
724 2070 848 2104 Adria-

178 2117 296 2161 nopoli
326 2116 507 2161 imperator
534 2116 764 2161 proclamatur
791 2117 847 2159 11,

179 2163 233 2197 17.
263 2162 395 2196 cuinam
411 2167 540 2208 partem
554 2162 684 2207 imperii
701 2173 848 2195 commu-

178 2208 270 2242 nicet
294 2210 349 2249 11,
369 2209 423 2244 19.
471 2219 492 2241 a
506 2208 690 2242 Botaniate
704 2208 758 2241 ius
775 2208 848 2241 eius

177 2253 223 2286 ad
238 2254 410 2299 imperium
426 2254 620 2298 agnoscitur
637 2255 690 2296 12,
706 2255 760 2289 11.
805 2253 849 2286 il-

177 2298 244 2332 lius
267 2300 387 2334 coniux
411 2312 430 2333 e
460 2301 630 2333 Ducarum
652 2299 777 2333 familia
793 2299 846 2340 12,

177 2346 235 2381 20.
281 2345 369 2379 illius
386 2357 562 2380 successor
580 2346 708 2388 13,.18.
747 2355 846 2390 quam

176 2391 267 2424 iuste
283 2391 463 2436 sumpserit
475 2391 648 2437 imperium
667 2392 720 2430 14,
732 2391 766 2425 3.

130 2436 269 2470 Alexius
290 2437 424 2471 Ioannis
447 2437 611 2472 Comneni
636 2448 737 2470 socer
758 2435 846 2470 unde

178 2482 317 2517 Charon
332 2483 442 2517 dictus
458 2485 514 2528 19,
530 2484 564 2519 4.
604 2482 676 2517 eius
690 2481 775 2516 mira
787 2482 845 2515 in-

178 2528 274 2562 doles
288 2529 344 2572 24,
361 2530 417 2564 17.

131 2574 270 2608 Alexius
298 2575 333 2608 in
362 2575 547 2609 exercitum
575 2574 740 2619 Diogenis
765 2573 846 2619 imp.

175 2619 274 2653 vadit
294 2620 352 2665 34,
372 2623 427 2656 18.
473 2621 534 2655 sed
557 2621 601 2654 ad
626 2625 764 2655 matrem
792 2620 846 2653 lu-

177 2669 314 2709 gentem
331 2666 515 2701 remittitur
530 2667 588 2710 35,
604 2667 637 2702 5.

130 2710 242 2745 Alexii
269 2722 342 2745 cum
366 2713 474 2747 fratre
499 2712 671 2748 militantis
686 2712 846 2750 alacritas

178 2757 236 2800 58,
259 2757 294 2793 4.
335 2757 424 2792 illius
446 2772 467 2794 e
491 2759 612 2794 castris
644 2758 737 2792 utilis
766 2768 846 2792 eru-

176 2802 249 2847 ptio
265 2802 322 2845 60,
337 2804 372 2838 7.
418 2805 490 2839 eius
514 2805 698 2851 periculum
717 2809 753 2838 et
773 2804 846 2838 eius

175 2848 212 2882 in
228 2859 269 2881 eo
285 2849 468 2894 fortitudo,
486 2858 522 2886 et
536 2852 579 2886 ad
595 2863 670 2887 eum
685 2851 846 2886 militares

204 2900 353 2948 Niceph.
376 2897 504 2949 Bryen.

944 969 1203 1007 acclamationes
1218 969 1274 1012 60,
1286 968 1330 1003 10
1338 979 1390 1013 sq.
1411 967 1470 1003 illo
1486 970 1617 1005 frustra

944 1018 1142 1052 retrahente
1159 1015 1300 1049 Romani
1323 1015 1446 1050 milites
1462 1028 1481 1050 e
1497 1017 1617 1051 castris

942 1064 1077 1107 fugiunt
1093 1064 1149 1106 61,
1169 1062 1221 1095 19.

898 1110 1038 1145 Alexius
1047 1107 1222 1142 Theodoti
1238 1106 1374 1140 consilio
1390 1110 1549 1142 servatus
1559 1109 1618 1149 62,

946 1157 980 1190 6.
1029 1166 1090 1188 cur
1113 1165 1179 1187 non
1205 1153 1354 1186 omiserit
1368 1153 1503 1187 loricam
1521 1154 1615 1198 pedi-

943 1202 1008 1235 bus
1023 1200 1185 1235 incedens
1201 1200 1255 1240 62,
1267 1200 1322 1234 17.
1371 1199 1617 1234 Gabadonien-

944 1247 1030 1281 sium
1059 1246 1095 1280 in
1125 1256 1201 1279 eum
1231 1245 1469 1279 benevolentia
1500 1245 1557 1288 63,
1578 1246 1615 1281 5.

944 1305 1006 1328 cur
1035 1291 1163 1338 speculi
1192 1301 1285 1324 usum
1315 1296 1450 1324 recuset
1476 1291 1533 1333 63,
1559 1292 1616 1327 13.

944 1343 1115 1383 Ancyram
1133 1348 1191 1371 cur
1206 1337 1389 1370 contendat
1404 1338 1461 1379 64,
1476 1337 1506 1370 1.
1555 1349 1617 1382 pe·

943 1385 1060 1419 eunias
1082 1383 1126 1417 ad
1149 1383 1292 1416 fratrem
1309 1382 1537 1416 redimendum
1554 1395 1615 1428 pa-

942 1436 1000 1466 rat
1021 1430 1079 1473 64,
1097 1431 1150 1464 11.
1198 1429 1372 1462 obsidetur
1403 1440 1477 1462 cum
1507 1430 1617 1463 fratre

942 1477 976 1511 in
998 1477 1097 1510 domo
1123 1475 1252 1509 rustica
1278 1487 1299 1508 a
1326 1474 1450 1508 Turcis
1476 1476 1532 1516 66,
1557 1477 1614 1510 22.

941 1523 1032 1558 illius
1057 1521 1166 1555 oratio
1190 1521 1232 1554 ad
1251 1521 1411 1554 obsessos
1426 1531 1540 1554 secum
1558 1522 1615 1563 67,

943 1571 999 1605 13.
1038 1568 1110 1602 eius
1126 1566 1338 1611 generositas
1354 1566 1387 1599 in
1404 1566 1540 1600 Turcos
1557 1567 1614 1607 70,

943 1618 999 1651 12.
1038 1614 1218 1647 invocatus
1235 1612 1479 1658 periclitantem
1495 1618 1615 1647 servat

940 1662 996 1702 70,
1015 1659 1071 1694 14.
1110 1659 1243 1693 Turcos
1258 1658 1291 1691 in
1307 1659 1421 1701 fugam
1437 1658 1542 1692 vertit
1555 1659 1615 1700 72,

940 1709 972 1742 8.
1018 1706 1107 1740 illius
1130 1705 1262 1739 reditus
1286 1704 1321 1738 in
1345 1704 1463 1738 urbem
1487 1710 1524 1738 et
1538 1703 1612 1739 laus

940 1754 999 1792 72,
1015 1753 1070 1786 17.

894 1798 1034 1833 Alexius
1052 1794 1184 1830 iuvenis
1199 1794 1363 1828 adversus
1378 1794 1551 1829 Urselium
1568 1796 1612 1830 ab

939 1844 1020 1888 imp.
1037 1841 1181 1876 mittitur
1196 1841 1252 1881 84,
1270 1841 1303 1874 5.
1352 1841 1395 1874 ab
1413 1853 1455 1875 ea
1472 1842 1612 1886 expedi-

941 1889 1035 1922 tione
1056 1893 1163 1921 mater
1188 1897 1262 1919 eum
1287 1886 1441 1920 deterret
1470 1887 1528 1928 84,
1556 1890 1612 1922 10.

941 1939 1043 1968 cauta
1058 1933 1129 1967 eius
1146 1932 1291 1966 bellandi
1308 1933 1394 1966 ratio
1412 1944 1487 1966 cum
1503 1933 1611 1968 Urse-

940 1980 986 2014 lio
1014 1979 1070 2021 84,
1090 1980 1145 2013 20.
1192 1978 1307 2011 audita
1339 1979 1463 2012 Urselii
1494 1979 1612 2023 prose-

941 2026 1052 2060 ctione
1069 2025 1111 2058 ad
1126 2023 1321 2058 Tutachum
1337 2025 1414 2068 quid
1431 2025 1542 2069 egerit
1552 2026 1610 2069 86,

943 2073 975 2106 1.
1020 2070 1109 2104 illius
1128 2069 1236 2103 oratio
1252 2069 1295 2103 ad
1310 2070 1344 2103 T
1347 2071 1459 2104 utachi
1474 2071 1612 2116 delega-

938 2123 1008 2157 tum
1027 2118 1084 2157 86,
1102 2117 1154 2151 19.
1201 2115 1292 2149 illius
1323 2116 1514 2150 sollicitudo
1545 2129 1610 2162 pro

938 2162 1084 2208 pecunia
1106 2162 1273 2207 promissa
1294 2162 1350 2204 87,
1378 2164 1432 2197 11.
1479 2174 1540 2196 cur
1563 2163 1608 2197 ab

938 2207 1114 2244 Amasenis
1144 2213 1242 2253 petat
1272 2207 1446 2252 pecuniam
1475 2209 1533 2251 88,
1554 2208 1610 2243 15.

937 2254 980 2288 ad
997 2265 1056 2288 eos
1072 2254 1182 2288 Alexii
1198 2253 1313 2287 concio
1331 2254 1386 2297 89,
1400 2254 1434 2288 3.
1472 2254 1611 2289 simulat

922 2300 1066 2339 ,Urselii
1082 2300 1359 2334 excaecationem
1374 2300 1431 2342 90,
1448 2301 1501 2334 10.
1547 2300 1609 2334 im·

938 2347 1128 2392 perfectum
1154 2345 1277 2380 bellum
1301 2345 1494 2389 relinquere
1510 2357 1608 2380 recu-

937 2398 991 2426 sat
1006 2392 1062 2427 91.
1077 2393 1113 2426 7.
1162 2403 1260 2425 arces
1277 2391 1320 2425 ab
1336 2390 1524 2424 Urselianis
1551 2402 1608 2425 ca-

936 2443 1015 2484 ptas
1030 2437 1154 2483 recipit
1166 2439 1222 2476 92.
1242 2438 1274 2471 1.
1315 2448 1335 2470 a
1359 2436 1523 2471 matruele
1536 2436 1607 2471 Do-

936 2495 1042 2517 ceano
1058 2483 1228 2528 excipitur
1242 2480 1389 2527 hospitio
1404 2483 1460 2522 92,
1476 2482 1509 2518 7.
1535 2483 1608 2518 avi·

935 2534 1005 2563 tam
1030 2529 1132 2571 visit,
1155 2540 1176 2562 a
1191 2528 1356 2562 Maurece
1380 2528 1548 2574 excipitur
1568 2534 1607 2565 et

937 2575 982 2609 ad
1011 2575 1173 2620 templum
1202 2574 1374 2619 Deiparae
1404 2585 1441 2608 se
1468 2575 1604 2609 confert

936 2621 993 2662 93,
1007 2622 1061 2655 15.
1087 2621 1222 2654 Turcos
1239 2620 1350 2653 obiter
1366 2620 1465 2664 fugat
1478 2621 1536 2663 94,
1550 2622 1606 2656 17.

936 2677 1025 2701 nave
1063 2672 1184 2712 petens
1223 2666 1549 2711 Constantinopolim
1584 2676 1608 2700 a

935 2713 1115 2756 naufragio
1132 2712 1275 2758 eripitur
1290 2724 1355 2757 ope
1368 2712 1540 2757 Deiparae
1549 2712 1607 2754 95,

934 2758 969 2793 5.
1016 2759 1205 2792 humaniter
1219 2758 1390 2793 Urselium
1406 2762 1534 2791 tractat
1548 2757 1608 2800 95,

938 2805 993 2838 19.
1041 2815 1141 2849 quam
1161 2805 1328 2838 benevole
1344 2804 1387 2837 ab
1403 2803 1607 2847 imperatore

936 2850 1128 2897 excipiatur
1151 2852 1210 2893 96,
1236 2851 1289 2885 14.
1337 2848 1549 2884 Andronicus
1573 2853 1608 2882 et

1279 2900 1330 2938 16
