1878 3262
467 238 528 282 IN
560 238 823 282 IOANNEM
856 238 1156 283 GINNAMUM
1187 239 1392 284 NOTAE.
1567 240 1667 287 307

304 359 346 399 p.
364 350 418 390 71
439 360 478 390 V.
499 350 566 391 11.
625 351 707 389 ταῖν
729 364 821 389 τινα
841 347 1140 402 ἔπισημοτέρων
1158 345 1428 404 ’Λλαμανοῖν]
1457 348 1526 390 Ait
1549 350 1668 390 Nice-

193 411 252 443 tas
270 409 481 456 cognatum
496 404 609 444 hunc
625 405 745 443 fuisse
762 405 864 458 regis
882 406 1006 457 ipsius
1025 407 1211 447 Conradj.

305 506 344 544 Ρ.
363 494 418 535 75
442 507 480 533 v,
507 498 571 537 13.
629 493 698 535 ἐπί
714 511 752 535 τι
770 510 854 535 των
867 489 1094 564 ἇντιπέρας
1110 496 1354 547 Βυζαντίου]
1387 496 1596 535 Choniates
1615 496 1667 535 de

189 548 404 658 ἰιὲἓεέἕῗοε
431 553 484 607 τῇ
517 553 666 608 περαία
696 547 1021 605 ἐναυλιζόμενος,
1051 549 1140 605 ἥτις
1157 556 1234 595 τοῦ
1254 554 1470 608 Πικριδίου
1495 569 1668 596 κατονο-

305 709 345 735 v
372 698 436 739 16.
494 694 634 749 λιμένα
661 692 841 750 ἐπιμήκη
875 697 1110 746 Βυζαντίοις
1139 694 1422 752 ἐργαζόμενος]
1462 698 1668 738 Eiusmodi

191 753 386 791 aestuaria
415 750 767 805 λιμνοθαλάττας
756 768 799 792 m
829 754 1032 793 Garumna
1055 760 1175 794 vocat
1197 756 1364 805 Strabo,
1393 762 1441 795 ut
1460 762 1500 794 et
1516 756 1667 795 Cinna-

189 822 279 848 mus
293 810 335 848 in
354 810 620 861 sequentibus.

303 913 344 951 p.
368 903 423 942 76
446 912 487 938 v.
509 902 579 942 20.
638 897 694 947 ὥς
721 897 777 952 μή
808 899 945 949 ξενίαν
973 891 1353 950 ἄδικοῦντεςλδόξαν
1376 897 1452 942 ofin
1473 897 1664 955 ἀγαθήν]

189 957 357 995 Sacrum
385 956 588 1007 quondam
614 956 849 995 mortalibus
878 962 919 995 et
946 956 1059 996 haud
1086 963 1235 996 temere
1252 957 1486 997 violandum
1503 964 1591 996 erat
1604 958 1667 997 ius

187 1012 291 1051 illud
322 1013 615 1065 hospitalitatis.
670 1013 764 1051 inde
798 1014 843 1052 T.
871 1013 922 1062 Q.
956 1014 1158 1066 Crispinus
1187 1014 1314 1053 Dadio
1338 1015 1560 1066 Campano,
1591 1015 1668 1053 ali-
1736 1063 1741 1066 ι

188 1070 348 1120 quando
376 1069 525 1122 hospiti
553 1083 626 1109 suo
655 1069 828 1121 Romae,
857 1076 947 1108 tum
977 1084 1074 1110 vero
1101 1071 1307 1109 lacessenti
1339 1078 1380 1110 et
1405 1073 1667 1124 provocanti:

187 1140 260 1165 nec
289 1127 372 1170 sibi
384 1156 396 1176 ‚
425 1141 496 1165 nec
527 1127 615 1177 illi,
643 1126 776 1165 hostes
807 1126 958 1179 deesse,
989 1130 1035 1166 in
1052 1128 1203 1180 quibus
1219 1130 1411 1167 virtutem
1431 1128 1667 1167 ostendant.-

187 1197 230 1221 se
263 1184 315 1222 ab
348 1197 420 1233 eo,
449 1185 573 1221 etiam
607 1185 646 1221 si
673 1186 762 1222 acie
793 1192 1002 1235 occurrat,
1033 1184 1361 1236 declinaturum,
1390 1200 1439 1224 ne
1466 1186 1668 1238 hospitale.

187 1239 308 1278 caede
325 1239 508 1279 dextram
523 1240 667 1290 violet;
697 1241 805 1293 apud
826 1242 983 1282 Livium
1001 1241 1027 1281 1.
1046 1242 1101 1285 25
1123 1256 1157 1281 c.
1175 1244 1241 1286 18.

299 1332 446 1383 p.100
466 1343 506 1369 v,
523 1332 562 1372 9.
619 1329 724 1371 ἔνθα
747 1332 905 1384 πετρῶν
922 1330 1145 1384 προσβολαὶ
1166 1331 1317 1384 ῤαίων
1336 1294 1486 1380 ἰκανῶς
1507 1331 1668 1374 ἐπιστο-

186 1383 426 1441 βαζόμεναι]
457 1387 557 1425 Puto
578 1399 642 1424 me
662 1393 772 1426 recte
796 1388 1006 1427 emendare
1038 1388 1192 1438 locum,
1222 1388 1432 1427 scribendo
1457 1387 1563 1429 ἔνθα
1593 1403 1669 1429 πε-

185 1447 294 1497 τρῶν
316 1443 516 1497 προβολαι
537 1442 606 1484 καὶ
628 1444 779 1496 ῤἀχίων
798 1445 947 1493 ἷκανῶς
965 1444 1367 1498 ἐπιστοιβαζομένων.
1426 1445 1498 1483 ubi
1518 1453 1575 1483 est
1593 1445 1667 1483 ob-

185 1503 293 1539 iectu
311 1508 528 1553 petrarum
554 1508 590 1538 et
616 1515 768 1552 rapum
789 1503 897 1539 satis
915 1509 1218 1540 coarctatarum
1243 1501 1437 1554 difficili-5·
1461 1501 1583 1540 aditu
1604 1502 1668 1540 lo-

186 1572 274 1598 cus.
331 1564 371 1596 et
386 1557 450 1595 his
468 1557 621 1595 munita
642 1563 702 1595 est
719 1558 767 1596 ab
787 1570 831 1595 ea
847 1564 963 1609 parte
985 1559 1171 1610 Corcyra.
1229 1559 1431 1611 προβολαί
1444 1572 1518 1610 pro
1537 1570 1669 1612 προσ-

184 1614 315 1669 βολαί.
344 1627 464 1666 quam
483 1627 624 1653 vocem
642 1628 725 1652 non
743 1615 862 1653 semel
877 1615 985 1667 apud
1001 1614 1312 1667 Xenophontem
1331 1615 1507 1667 legimus.
1539 1628 1669 1654 unum

184 1672 361 1710 adferam
382 1671 610 1723 exemplum
628 1684 648 1709 e
664 1671 782 1710 tertio
802 1671 1137 1710 Memorabilium:
1164 1671 1233 1712 καὶ
1258 1688 1306 1712 τα
1331 1673 1578 1726 προκείμενα
1594 1674 1670 1725 τῆς

184 1725 319 1797 χώρας
346 1744 420 1781 ορη
450 1727 711 1780 κατέχοντας,
740 1726 964 1782 βλαβεροῦς
995 1726 1070 1782 μὲν
1099 1732 1186 1777 τοῖς
1214 1729 1419 1781 πολεμίοις
1443 1725 1570 1779 εἶναι,
1600 1743 1670 1782 με-

184 1782 315 1839 γαλην
341 1782 384 1825 δὲ
410 1782 618 1837 προβολὴν
649 1789 735 1832 τοῖς
766 1787 948 1834 πολίταις
970 1789 1045 1839 τῆς
1067 1782 1200 1838 χώρας
1221 1782 1555 1826 κατεσκευάσθαι.
1616 1799 1668 1823 ac

186 1849 339 1879 montes
366 1849 460 1879 ante
491 1843 690 1893 regionem
726 1855 849 1879 suam
878 1844 980 1880 sitos
1011 1841 1226 1894 praesidio
1260 1849 1440 1892 teneant,
1478 1841 1668 1879 hostibus·

187 1897 353 1951 quidem
375 1897 608 1935 detrimento
621 1927 634 1948 ,
663 1899 798 1949 ipsiu-9
817 1906 955 1938 autem
978 1901 1074 1950 agri
1091 1898 1253 1936 civibus
1262 1898 1575 1950 propugnaculi
1594 1899 1667 1935 in-

185 1963 276 1993 star
291 1969 374 1992 esse
391 1955 643 1992 constitutos.
695 1954 751 1992 sic
771 1961 812 1993 et
835 1955 1011 1994 obiectus
1029 1955 1198 2002 montis,
1228 1955 1367 2005 molis,
1395 1954 1554 2007 paludis
1582 1954 1668 1994 fre-

185 2017 354 2064 quenter
374 2010 483 2063 apud
504 2011 697 2050 Tacitum.

299 2127 342 2166 p.
364 2111 445 2156 145
470 2127 512 2155 v-
536 2115 601 2155 12.
659 2109 761 2166 ὄῖρας
787 2112 946 2154 ἐκεῖθεν
975 2111 1068 2166 περὶ
1092 2112 1224 2154 λίθων
1247 2110 1359 2165 ἇφοῖς
1375 2111 1442 2155 ἐπὶ
1467 2109 1667 2154 Μονὸπο-

185 2174 251 2212 λιν
278 2170 466 2222 ἐφέρετο]
506 2169 616 2207 Idem
647 2170 861 2219 mendum,
900 2170 949 2208 de
978 2182 1058 2220 quo
1088 2183 1208 2222 supra
1235 2170 1407 2208 diximus
1430 2169 1472 2207 in
1502 2169 1665 2209 lucerna

186 2228 273 2277 illa,
303 2241 423 2279 quam
446 2226 619 2265 moriens
641 2227 805 2266 Ioannes
825 2226 1042 2278 imperator
1056 2226 1278 2275 dedicavit,
1309 2232 1348 2264 et
1367 2232 1503 2279 postea
1520 2240 1665 2266 mona-

187 2284 285 2324 chus
306 2285 464 2324 viderat
483 2284 730 2323 translatam.
787 2284 922 2334 itaque
955 2283 1222 2322 correximus.
1265 2299 1366 2334 αρας
1388 2283 1547 2324 ἐκεῖθεν
1567 2282 1663 2336 περὶ

186 2339 344 2395 λύχνων
368 2338 478 2392 ἇφας
507 2339 573 2381 ἐπὶ
604 2337 851 2381 Μονόπολιν
875 2337 1049 2390 ἐφέρετο.
1106 2339 1163 2378 sic
1183 2339 1414 2378 Herodotus
1436 2339 1664 2391 Polymnia:

188 2397 366 2453 ωρμέατο
407 2395 451 2438 δὲ
479 2395 571 2450 περὶ
603 2394 762 2450 λυχνων
791 2393 904 2445 ἆφας
932 2395 976 2436 ἐκ
1009 2398 1086 2437 τοῦ
1108 2395 1390 2450 στρατοπέδου.
1446 2397 1518 2434 ille
1549 2398 1663 2434 circa

187 2456 450 2494 lucernarum
482 2455 774 2503 accensionem,
814 2453 859 2492 id
888 2457 968 2501 est,
1011 2453 1087 2491 sub
1119 2455 1423 2506 crepusculum,
1464 2468 1484 2491 e
1511 2454 1663 2491 castris

181 2512 391 2564 profectus
415 2517 485 2549 est.

298 2626 340 2665 p·
363 2615 444 2656 190
468 2625 506 2652 v.
526 2615 591 2655 10.
648 2606 704 2664 ἦν
731 2626 810 2665 γαρ
835 2610 903 2651 και
931 2607 982 2650 τοὶ
1008 2625 1052 2664 γε
1082 2612 1248 2652 τοιαῦτα
1276 2607 1452 2658 πολλους
1482 2624 1564 2650 των
1592 2607 1662 2650 δια

189 2668 283 2722 βίον
298 2669 390 2719 περὶ
408 2667 483 2722 τὴν
507 2669 655 2721 ἰατρων
678 2665 1014 2720 ἀναστραφέντων
1035 2664 1298 2719 παρελαυνων
1323 2666 1492 2720 τέχνην]
1523 2667 1661 2705 Posset

190 2725 325 2763 mirari
348 2725 453 2776 quis,
483 2726 652 2764 describi
681 2724 795 2763 nobis
823 2738 847 2761 a
875 2725 1068 2763 Cinnamo
1095 2724 1340 2771 ΜειυιιὲΙεω,
1368 2723 1489 2762 modo
1518 2729 1661 2761 contra

190 2782 362 2821 maxima
387 2781 567 2821 hostium
594 2782 755 2834 agmina
775 2781 902 2819 solum
927 2787 1169 2834 pugnantem
1197 2787 1236 2820 et
1262 2781 1507 2829 vincentem3
1537 2779 1658 2818 modo

189 2838 386 2878 medicum
400 2838 570 2890 factum,
599 2845 640 2878 et
653 2838 988 2889 sollertissimum,
1016 2845 1223 2878 sanantem
1239 2838 1419 2888 vulnera,
1445 2837 1659 2889 pharmaca
