1878 3262
548 203 1088 250 COMMENTARIORUM
1113 208 1160 250 L.
1181 206 1259 251 lv.
1541 210 1632 257 131

181 318 248 359 καὶ
268 315 339 371 τὴν
358 314 470 368 τάξιν
487 319 554 360 καὶ
573 319 642 362 τὸν
661 319 809 376 ἄγοντα
830 317 1083 376 ἓμεγάλυνον.
1139 322 1221 364 ἐπεὶ
1257 322 1299 364 δ’
1325 321 1500 378 ἐγίνοντο
1531 329 1634 380 πλη-

181 387 291 437 σιόν,
334 386 372 427 οἱ
402 387 466 428 gni
493 392 572 430 τῶν
602 387 806 446 ἑταιρειῶν
834 389 1066 443 τεταγμένοι
1099 392 1168 432 καὶ
1197 390 1249 433 τὰ
1276 388 1430 434 τούτων
1449 393 1550 449 πρὸς
1566 394 1636 437 τὸν

178 458 444 508 βασιλειῶντα
467 456 673 514 ἀνέφερον.
724 455 745 499 ὅ
770 457 814 500 δὲ
836 455 1027 508 κελεύσας
1048 457 1123 508 τὰς
1142 457 1273 510 τάξεις
1291 464 1432 515 στῆναι
1455 463 1522 503 καὶ
1543 463 1638 513 τοὺς

178 521 357 578 λογάδας
390 524 664 582 παραλαβών,
700 524 770 568 τόν
804 543 847 568 τε
867 523 1125 569 Μακεδόνων
1154 527 1332 585 ἄρχοντα
1366 531 1435 570 καὶ
1463 530 1638 590 Θρᾳκῶν

145 591 428 649 ὄστρατηγούς
455 611 497 636 τε
529 597 596 636 καὶ
618 592 788 651 ἰλάρχας
807 595 875 637 καὶ
892 593 1116 651 ἄρχοντας,
1151 594 1295 654 μικρόν
1317 614 1355 638 τι
1378 602 1451 653 τῆς
1471 598 1630 656 ([άλαγ-
1654 602 1686 636 D

152 676 246 717 ,γος
266 659 448 718 ὑπεξῄει,
495 665 563 705 καὶ
591 661 752 705 πάντων
781 660 1020 717 ἀποβάντων
1050 669 1130 707 τῶν
1151 666 1287 708 ἵππων
1318 668 1385 708 καὶ
1418 669 1631 723 στοιχηδὸν

175 729 279 786 παρ’
319 729 504 785 ἀλλήλων
541 730 721 774 στάντων
759 730 884 786 μόνος
913 731 1086 788 ἔφιππος
1111 728 1183 786 ἦν,
1227 735 1354 776 ἵππου
1385 739 1531 778 λευκοῦ
1561 737 1634 792 τὴν

171 799 312 854 χρειάν
335 799 461 841 αὐτοῦ
482 803 742 857 πληροῦντος.
805 802 948 842 ἵστατο
979 801 1023 842 δὲ
1049 801 1122 842 οὐκ
1146 802 1187 843 ἐν
1213 809 1297 852 τοῖς
1320 802 1458 854 ὅπλοις
1477 805 1571 847 ἀλλ’
1596 807 1636 847 ἓν

174 865 314 924 κόσμῳ
337 871 558 927 βασιλικῷ,
588 868 633 911 ὃν
655 867 782 911 ἐδόκει
802 872 958 923 μᾶλλον
979 870 1126 919 ἐκεῖνος
1146 876 1309 924 κοσμεῖν
1334 871 1435 928 ἀνὴρ
1457 873 1513 915 ὢν
1533 874 1635 931 ἀγα-

120 933 253 985 ΙΟθός
285 953 326 978 τε
358 936 404 978 τὸ
435 935 540 988 εἶδος
569 940 638 980 καὶ
671 936 862 992 ὁμιλῆσαι
894 935 1132 989 δεινότατος.
1202 937 1450 995 ἓγγισάντων.
1479 942 1523 983 δὲ
1556 947 1636 984 τῶν

172 1005 377 1060 πρέσβεων
404 1007 471 1047 καὶ
503 1006 576 1061 τὴν
608 1004 766 1061 συνήθη
799 1006 1015 1063 πρίσβευσι
1045 1008 1326 1062 ποιησαμένων
1346 1011 1632 1066 προσηγορίαν,
1656 1023 1687 1059 V
1711 1025 1754 1060 64

172 1074 239 1114 καὶ
262 1073 389 1115 αὐτοῦ
408 1078 482 1116 τοῦ
498 1079 741 1131 κρατοῦντος
760 1073 1249 1132 ἀντιπροσαγορεύσαντος
1268 1079 1335 1118 καὶ
1356 1078 1492 1128 αὐτοῖς
1509 1079 1637 1133 ἠπίως

171 1143 524 1199 προσφερομένου,
573 1145 755 1200 ἐπειρᾶτο
779 1142 1062 1187 ἀναδιδάσκειν
1085 1145 1234 1194 αὐτοὺς
1256 1145 1314 1186 δι’
1337 1145 1387 1199 ἢν
1409 1148 1541 1188 αἰτίαν
1561 1147 1634 1202 τὴν

170 1209 272 1267 παρ’
303 1211 425 1253 αὐτὸν
453 1210 691 1267 ἐποιήσαντο
723 1211 873 1269 ἄφιξιν.
937 1211 1061 1270 χάριν
1091 1211 1250 1270 εῗρήν-ης
1283 1230 1325 1255 τε
1355 1216 1421 1254 καὶ
1450 1218 1635 1258 σπονδῶν

115 1286 159 1322 15
173 1279 364 1336 φαμένων
401 1282 467 1322 καὶ
505 1282 788 1338 κοινοπραγίας
835 1285 1075 1338 πεμφθῆναι
1123 1281 1236 1339 παρὰ
1270 1285 1343 1324 τοῦ
1379 1288 1635 1339 κρατοῦντος,

169 1342 293 1398 αὖθις
312 1346 478 1405 ἐπήρετο
499 1350 562 1391 ε’πὶ
586 1351 666 1391 τίσι
688 1349 762 1399 τὰς
783 1348 1002 1403 ξυμβάσεις
1022 1353 1214 1401 αἰτοῦσιν,
1250 1350 1288 1392 οἱ
1311 1351 1354 1392 δὲ
1371 1349 1504 1394 πάντα
1527 1354 1634 1403 διεξ-

166 1414 291 1472 ῄεσαν
321 1417 373 1459 τὰ
401 1417 514 1473 παρὰ
545 1418 770 1471 βασιλέως,
805 1422 878 1460 τοῦ
908 1420 1269 1474 Στραβορωμανοῦ
1299 1423 1379 1462 τῶν
1401 1418 1532 1476 λόγων
1554 1440 1629 1463 κα-
1654 1430 1682 1464 Ρ
1707 1432 1750 1466 89

165 1483 397 1542 τάρχοντος.
433 1480 551 1536 οὗτος
570 1486 647 1543 γὰρ
669 1488 736 1528 καὶ
758 1485 803 1529 τὸ
828 1490 899 1541 τῆς
919 1488 1134 1543 πρεσβείας
1156 1485 1234 1540 εἶχε
1258 1492 1380 1544 κῦρος
1399 1488 1467 1530 ἅτε
1491 1492 1635 1540 οἰκεῖος

165 1552 222 1596 ῶν
241 1557 413 1607 βασιλεῖ’.
483 1552 504 1596 ὃ
538 1556 581 1597 δὲ
611 1555 745 1612 ἕτερος
770 1553 892 1612 χάριν
920 1558 994 1597 τοῦ
1021 1556 1176 1597 πείθειν
1209 1555 1433 1598 ἀπέσταλτο
1467 1558 1537 1599 διὰ
1559 1558 1633 1614 τὴν
1688 1613 1691 1615 Β

109 1622 268 1680 Ξοπρός
286 1623 356 1665 τὸν
373 1627 641 1678 βασιλειῶντα
661 1624 704 1666 ἐκ
725 1628 798 1666 τοῦ
817 1621 966 1679 κήδους
984 1622 1220 1680 οἰκειότητα.

304 1692 347 1736 3.
419 1692 486 1734 Τὰ
516 1693 560 1735 δὲ
589 1696 662 1748 τῆς
683 1694 908 1750 πρεσβείας
936 1687 1041 1748 ἦσαν
1071 1691 1220 1736 τοιάδε.
1291 1690 1433 1749 “ε’γὼ”
1462 1696 1586 1751 φησὶν
1610 1693 1631 1736 ὁ

166 1765 324 1815 κρατῶν
338 1759 494 1803 “nciam
516 1761 586 1804 τὸν
603 1761 675 1804 σὸν
696 1763 851 1818 πατέρα
872 1759 1088 1817 γινώσκων,
1113 1761 1242 1819 ἄνδρα
1265 1761 1393 1804 δεινὸν
1413 1763 1488 1815 μὲν
1506 1780 1631 1820 στρα-

165 1832 335 1884 τηγῆσαι
372 1831 440 1870 καὶ
472 1829 604 1871 πολλὰ
637 1829 742 1872 κατὰ
776 1833 952 1872 Σκυθῶν
986 1829 1272 1881 ἀναστήσαντα
1308 1828 1506 1886 τρόπαια,
1564 1833 1631 1872 καὶ

257 1957 311 1992 13.
336 1954 531 2003 ἐπειρᾶτο]
553 1956 690 1992 Bekker
712 1954 895 2001 ἐπηρώτα.

163 2082 239 2105 mox
261 2082 335 2105 cum
357 2082 463 2116 prope
488 2070 712 2106 accessissent
734 2069 1023 2117 praecurrentium
1046 2069 1235 2105 cohortium
1261 2070 1419 2107 ductores
1433 2097 1444 2115 ‚
1474 2073 1594 2109 adesse
1609 2086 1631 2109 a

163 2118 455 2163 Constantinopoli
477 2116 609 2161 legatos
629 2116 737 2151 missis
758 2116 884 2151 nuntiis
900 2116 1072 2160 Bryennio
1094 2116 1306 2161 indicarunt,
1340 2118 1399 2163 qui
1413 2119 1503 2153 iussa
1518 2121 1631 2155 consi—

163 2169 256 2197 stere
271 2163 363 2204 acie,
394 2163 597 2209 primoribus
613 2163 801 2204 exercitus,
831 2163 917 2196 duce
941 2173 1062 2208 nempe
1075 2162 1300 2198 Macedonum
1323 2170 1360 2198 et
1374 2165 1544 2200 Thracum
1563 2167 1629 2201 tri-

162 2209 262 2243 bunis
285 2220 326 2243 ac
349 2208 531 2254 praefectis
545 2208 688 2253 alarum,
722 2220 833 2243 secum
849 2208 1029 2253 assumptis
1043 2208 1214 2254 paululum
1230 2221 1250 2242 e
1266 2209 1432 2255 phalange
1450 2213 1628 2256 processit,

162 2255 222 2289 ubi
237 2255 365 2289 cunctis
382 2255 472 2289 circa
490 2266 533 2289 ex
549 2266 637 2300 equo
655 2254 801 2299 delapsis
817 2260 853 2288 et
867 2254 957 2288 serie
971 2253 1143 2289 hincinde
1158 2254 1315 2289 continua
1329 2257 1507 2292 stantibus
1533 2258 1627 2292 solus

161 2301 237 2346 ipse
261 2300 296 2334 in
319 2312 407 2346 equo
430 2300 572 2335 candido
599 2300 763 2344 eminens,
794 2300 1030 2345 oetaphractus
1044 2299 1262 2346 imperatorio
1278 2307 1422 2345 ornatu,
1455 2305 1509 2337 cui
1525 2316 1625 2338 orna-

162 2351 310 2380 mentum
327 2358 369 2380 ex
383 2358 460 2381 sese
475 2346 602 2380 addere
616 2346 730 2391 specie
743 2345 918 2390 praeclara
933 2345 1113 2381 videbatur
1126 2373 1136 2389 ‚
1167 2347 1277 2380 forma
1302 2347 1439 2381 heroica
1454 2349 1624 2383 excellens

163 2397 199 2425 et
217 2392 386 2437 egregiam
400 2393 434 2426 in
450 2403 632 2436 congressu
646 2391 880 2426 humanitatem
895 2391 1048 2438 spirans,
1076 2391 1207 2436 legatos
1223 2393 1358 2438 excepit
1371 2394 1624 2430 venerationem

161 2437 229 2482 ipsi
249 2449 432 2481 congruam
455 2443 491 2472 et
514 2438 635 2483 primas
646 2443 690 2471 >ut
706 2438 849 2471 decebat
863 2438 1079 2475 salutationes
1095 2437 1307 2472 exhibentes.
1354 2450 1439 2483 quos
1455 2440 1626 2474 humanis-

163 2484 248 2517 sima
269 2484 414 2518 vicissim
437 2484 640 2518 allocutione
656 2484 813 2527 dignatus
828 2484 1095 2529 percontabatur
1108 2509 1119 2526 ‚
1151 2483 1233 2528 quid
1249 2483 1424 2526 venirent,
1455 2496 1623 2531 quamque

162 2540 231 2563 rem
246 2529 390 2572 vellent,
420 2529 530 2575 iisque
551 2529 836 2575 respondentibus
859 2541 899 2564 se
921 2529 964 2563 ad
987 2528 1198 2563 tractandam
1223 2541 1340 2583 pacem
1357 2531 1400 2564 ab
1415 2530 1623 2576 imperatore

162 2575 299 2608 missosz
330 2587 446 2609 rursus
473 2577 659 2620 quaerebat
684 2586 768 2620 quas
791 2575 1000 2608 conditiones
1023 2574 1256 2608 conventionis
1282 2575 1422 2610 ferrent.
1469 2581 1551 2612 tunc
1575 2578 1621 2612 illi

162 2626 286 2653 cuncta
300 2622 487 2656 retulerunt
502 2632 589 2666 quae
603 2622 783 2666 imperator
796 2620 958 2664 iusserat,
974 2621 1239 2655 Straboromano
1253 2621 1361 2655 verba
1375 2621 1542 2667 faciente,
1567 2624 1621 2657 hic

162 2666 248 2699 enim
263 2670 381 2710 utpote
397 2668 662 2712 consanguineus
677 2666 872 2711 imperatori
887 2666 1066 2710 legationis
1081 2670 1183 2712 caput
1197 2670 1284 2700 erat.
1323 2667 1411 2702 alter
1428 2680 1510 2703 vero
1526 2669 1617 2715 quod

162 2711 333 2756 Bryennio
350 2720 426 2747 erat
439 2713 550 2747 affinis
561 2741 572 2757 ,
602 2713 673 2747 eius
691 2711 879 2757 pellicieudi
894 2710 998 2746 causa
1013 2712 1126 2746 fuerat
1140 2712 1327 2746 adiunctus.

252 2757 285 2791 3.
329 2756 394 2792 His
408 2763 516 2793 autem
531 2759 606 2793 fere
621 2759 734 2793 verbis
748 2758 882 2802 nomine
894 2757 1108 2803 imperatoris
1123 2757 1329 2792 Botaniatae
1346 2770 1507 2805 expressa
1521 2760 1616 2803 lega-

161 2801 263 2836 tionis
277 2803 444 2837 sententia
456 2804 498 2839 ad
515 2805 720 2850 Bryennium
740 2807 802 2839 est.
836 2806 933 2848 “ego
949 2808 1079 2850 patrem
1094 2807 1187 2837 tuum
1202 2803 1279 2839 olim
1295 2804 1394 2850 novi,
1410 2806 1617 2850 praeclarum

162 2847 239 2882 belli
254 2847 371 2883 ducem
387 2849 510 2895 quique
523 2851 628 2887 multa
642 2849 784 2886 devictis
800 2850 941 2896 Scythis
957 2855 1097 2896 tropaea
1113 2850 1243 2886 statuit.
1292 2849 1345 2885 cui
1371 2851 1469 2886 etiam
1486 2851 1616 2885 memini
