1878 3262
247 214 311 260 76
730 213 955 258 IOANNIS
989 214 1222 259 clNNAMI

250 326 326 382 εἶχε
351 328 394 370 δὲ
413 321 488 370 ὧδε
510 326 560 368 τὰ
578 325 810 381 μηνύματα.
883 324 909 341 “
918 326 1000 383 χρὴ
1029 331 1199 382 βασιλεῦ
1225 328 1287 370 ἐπὶ
1313 330 1431 372 παντὶ
1450 325 1518 371 τόν
1539 344 1582 384 γε
1609 332 1703 371 νοῦν

250 396 390 450 ἔχοντα
414 396 461 436 οὐ
485 395 530 436 τὸ
561 399 728 451 πρᾶγμα
758 401 917 437 σκοπεῖν
943 396 1045 438 καθ’
1080 394 1199 438 ἑαυτό
1213 427 1227 448 ,
1262 396 1331 439 τὸν
1356 398 1401 440 ὁέ
1433 398 1583 440 σκοπὸν
1603 396 1701 439 ὅθεν

248 466 398 519 γένοιτο
429 466 774 518 πολυπραγμονεῖν
801 461 993 518 μάλιστα.
1062 463 1086 506 ὃ
1100 464 1177 521 γὰρ
1205 462 1367 520 γνώμης
1385 464 1560 522 ἤρτηταί
1581 471 1705 517 τινος,Ι

245 531 335 573 οὕτε
361 531 519 587 ἀγαθὸν
534 530 579 572 ὃν
602 533 817 574 ἐπαινεῖται
838 530 1051 584 πολλάκις,
1082 532 1172 574 οὕτε
1190 537 1348 589 φαῦλον
1367 531 1605 590 φαινόμενον
1622 534 1702 588 ψέ-

127 611 158 644 V
181 611 227 646 34
248 604 394 655 γεσθ·αι
426 600 590 656 πέφυκε.
659 602 730 642 καί
757 618 818 650 τις
838 599 940 656 πρὸς
953 602 1115 657 ἐχθρῶν
1139 601 1213 655 μὲν
1230 601 1392 656 ἀγαθοῦ
1411 601 1523 658 παρὰ
1541 599 1735 657 γνώμην5

242 670 363 710 ἐνίοτε·
393 666 599 723 τυγχάνει,
635 667 821 725 φλαύρου
850 669 891 710 δ’
919 664 971 711 αὖ
1000 669 1100 726 πρὸς
1117 674 1197 712 τῶν
1227 670 1356 727 φίλων
1376 670 1565 726 πειρᾶταί
1582 685 1702 719 τινος.

123 746 151 780 Ρ
175 744 221 781 43
243 737 300 790 μὴ
328 737 461 778 τοίνυν
490 740 570 778 τῶν
599 741 658 793 τῷ
678 735 833 791 ’πλήθει
864 741 937 792 τῆς
967 735 1164 793 ἡμετέρας
1184 742 1376 794 στρατιᾶς
1388 738 1493 792 χθὲς
1520 739 1609 794 περὶ
1629 737 1702 791 τὴν

236 803 378 861 χώραν
397 802 689 861 ἡμαρτημένων
717 806 789 860 τὴν
820 805 894 859 σὴν
913 806 987 856 τὰς
1009 808 1140 856 αἷτίας
1167 807 1240 863 ἐφ’
1262 805 1371 861 ἡμᾶς
1390 806 1483 862 ἄγε,
1512 806 1616 861 μηδὲ
1634 805 1702 847 διὰ

241 877 369 915 ταῦτα
388 874 628 926 χαλέπαινε,
664 875 745 916 ἐπεὶ
771 874 846 927 οὐχ
874 872 988 927 ἡμεῖς
1018 875 1136 916 αὐτοί
1161 891 1225 916 σοι
1256 879 1337 916 τῶν
1365 873 1556 917 τοιούτων
1574 875 1703 916 καθέ-

241 958 390 995 σταμεν
415 941 556 992 αἴτιοι,
583 940 609 996 ἦ
638 943 682 984 δὲ
708 947 780 983 τοῦ
799 941 984 996 πλήθους
1008 943 1118 1000 φορὰ
1135 941 1290 998 ἀλόγως
1320 942 1421 985 ἔνθα
1442 942 1552 996 ἔτυχε
1577 959 1702 999 φερο-
1715 953 1760 987 10

239 1011 337 1064 μένη
361 1010 636 1063 αὐτοματίζειν
658 1008 739 1052 οἶδε
759 1011 886 1052 ταυτί.
956 1009 1257 1067 στρατεύματος
1277 1011 1354 1066 γὰρ
1374 1011 1486 1061 ξένου
1517 1012 1584 1052 καὶ
1605 1009 1703 1064 ε’πή-

243 1081 364 1127 λυδος
381 1078 425 1120 τὸ
449 1079 523 1132 μὲν
543 1079 604 1119 ἐπὶ
625 1078 782 1137 ἱστορίᾳ
803 1083 875 1133 τῆς
888 1077 1029 1135 χώρας
1052 1079 1096 1121 τὸ
1118 1080 1160 1121 δὲ
1185 1081 1248 1121 ἐπὶ
1271 1083 1459 1136 πορισμῷ
1481 1083 1562 1121 τῶν
1579 1078 1703 1134 ἄναγ-

243 1148 367 1189 καίων
386 1145 611 1199 πολλαχόσε
643 1148 902 1200 πλανωμένου
933 1149 998 1189 καὶ
1025 1149 1345 1204 περιτρέχοντος,
1378 1151 1546 1190 τοιαῦτα
1566 1145 1703 1188 ἑκατέ-

244 1219 378 1271 ρωθεν
391 1213 699 1271 ἁμαρτάνεσθαι
716 1215 879 1264 ἀπεικὸς
899 1213 1010 1269 οἶμαι
1029 1216 1190 1258 widh-'³
1207 1217 1426 1269 Ἀλαμανοὶ
1438 1216 1511 1269 μὲν
1525 1218 1705 1256 τοσαῦτα

245 1281 365 1326 εἶπον.
434 1283 625 1337 βασιλεὺς
656 1284 699 1324 δὲ
729 1272 931 1339 εἰρωνείαν
959 1284 1004 1326 τὸ
1031 1288 1198 1340 πρᾶγμα
1231 1282 1491 1339 λογισάμενος
1515 1283 1700 1336 ἀμείβετο
1715 1289 1758 1324 15

244 1346 334 1393 ὧδε.
398 1349 424 1365 “
443 1350 535 1392 οὐδὲ
553 1351 626 1405 τὴν
640 1349 835 1407 ἡμετέραν
853 1353 999 1406 λέληθε
1014 1354 1225 1406 βασιλείαν
1251 1350 1279 1406 ἦ
1298 1357 1372 1394 τοῦ
1397 1350 1583 1406 πλήθους
1599 1350 1703 1408 ῥοπὴ

245 1417 478 1475 δυσάγωγόν
506 1437 543 1461 τι
586 1414 689 1462 οὖσα
729 1421 795 1461 καὶ
825 1418 1013 1474 δυσήνιον
1047 1421 1107 1462 ἀεὶ
1134 1425 1292 1477 χρῆμα.
1369 1420 1505 1474 ἀμέλει
1535 1420 1602 1461 καὶ
1636 1418 1704 1460 διὰ

194 1495 223 1529 Β
248 1490 461 1544 φροντίδος
488 1486 584 1541 ’ἡμῖν
603 1482 674 1542 ἦν,
710 1492 796 1538 πῶς
827 1487 876 1529 ἄν
907 1488 974 1530 διὰ
999 1493 1071 1543 τῆς
1090 1486 1286 1545 ἡμετέρας
1308 1488 1502 1543 ἀβλαβῶς
1530 1489 1704 1530 &swern

242 1554 351 1609 ὑμᾶς
377 1557 528 1610 γένοιτο
558 1556 693 1605 ξένους
722 1558 788 1597 καὶ
817 1555 1020 1610 ἐπήλυδας
1038 1556 1190 1613 ἄνδρας
1208 1559 1274 1598 καὶ
1302 1557 1417 1598 οὐδὲν
1447 1555 1469 1598 ὅ
1494 1573 1532 1598 τι
1552 1556 1702 1598 ἀδικεῖν

239 1622 348 1678 ἡμᾶς
369 1623 458 1666 οὔτε
486 1625 847 1679 ἐπαγγελλομένους
869 1623 959 1666 οὕτε
988 1623 1121 1674 ἄλλως
1142 1625 1452 1678 δεδυνημένους,
1485 1622 1541 1673 ὥς
1557 1623 1614 1677 μὴ
1635 1626 1758 1673 ige-20

237 1694 326 1734 νιάν
357 1693 585 1741 ἀδικοῦντες
613 1690 735 1741 δόξαν
766 1692 839 1733 οὗκ
873 1692 1035 1747 ἀγαθὴν
1063 1692 1176 1748 παρὰ
1216 1691 1451 1748 ἀνθρώποις
1479 1689 1702 1746 ἄπενεγκώ-

237 1765 364 1814 μεθα.
433 1762 514 1802 ἐπεὶ
536 1760 579 1801 ‹5'
599 1758 694 1814 ὑμῖν
713 1758 781 1802 ἅτε
812 1759 1095 1811 ξυνετωτάτοις
1115 1755 1204 1803 οῧσι
1225 1762 1293 1802 καὶ
1315 1760 1388 1811 τὰς
1410 1764 1491 1803 τῶν
1510 1757 1702 1817 πραγμά-

330 1879 387 1915 ΞΟ.
410 1876 530 1925 ἡμᾶς]
557 1879 643 1914 Cod.
667 1876 775 1923 ὑμᾶς.

243 1983 340 2023 rent,
366 1992 504 2026 quarum
521 1985 595 2016 erat
610 1982 789 2016 sententia.
834 1982 958 2027 „decet
971 1982 1078 2016 virum
1094 1982 1290 2028 prudentem
1303 2008 1313 2027 ‚
1335 1983 1538 2029 imperator,
1553 1991 1620 2014 non
1639 1989 1704 2024 per

242 2037 282 2061 se
296 2038 351 2060 res
366 2028 458 2072 ipsas
470 2053 480 2066 ,
505 2028 564 2061 sed
581 2039 647 2072 quo
664 2028 732 2061 fine
747 2029 834 2062 fiant
853 2029 994 2062 maxime
1009 2029 1194 2064 attendere.
1238 2029 1293 2063 ille
1309 2029 1393 2063 enim
1409 2028 1502 2062 cuius
1517 2036 1703 2073 praeut-cuj-

243 2077 343 2118 patus
359 2079 411 2106 est
425 2073 552 2106 animus
568 2101 578 2117 ‚
597 2085 706 2118 neque
722 2074 812 2119 quod
830 2076 949 2108 bonum
966 2080 1019 2108 est
1038 2075 1193 2119 laudare,
1218 2086 1281 2108 nec
1294 2075 1383 2119 quod
1400 2074 1533 2108 videtur
1545 2071 1703 2105 vitiosum

245 2117 440 2163 vituperare
452 2143 461 2158 ‚
484 2129 725 2163 saepenumero
751 2121 850 2154 solet.
895 2120 1061 2153 interdum
1077 2121 1178 2154 etiam
1202 2126 1339 2165 praeter
1352 2126 1493 2154 mentem
1509 2117 1582 2162 quis
1597 2117 1702 2150 bene-

245 2164 355 2198 ficium
371 2165 413 2196 ab
429 2163 586 2206 inimicis,
610 2165 651 2197 ab
669 2165 782 2199 amicis
804 2177 887 2198 vero
903 2166 1057 2199 damnum
1073 2166 1207 2211 accipit.
1253 2177 1369 2199 eorum
1383 2165 1504 2208 igitur,
1527 2173 1615 2206 quae
1636 2172 1701 2194 nu-

246 2220 307 2255 per
324 2210 367 2243 ab
388 2209 561 2242 incondita
587 2211 754 2243 exercitus
778 2211 986 2244 multitudine
999 2212 1032 2244 in
1049 2211 1140 2255 agris
1158 2212 1223 2245 tuis
1238 2217 1431 2256 perpetrata
1446 2213 1542 2251 sunt,
1565 2217 1701 2241 causam

246 2255 314 2288 noli
337 2255 370 2287 in
392 2265 453 2287 nos
478 2254 636 2297 reficere,
670 2267 779 2299 neque
803 2260 985 2301 propterea
1017 2258 1101 2291 haec
1127 2262 1218 2290 tuum
1247 2257 1281 2290 in
1297 2267 1357 2290 nos
1372 2255 1515 2289 animuin
1529 2257 1700 2297 moveant,

245 2311 320 2334 cum
335 2299 466 2333 minime
481 2299 514 2332 in
531 2300 628 2344 culpa
646 2301 743 2333 simus
755 2327 764 2343 ,
789 2302 847 2334 sed
864 2303 1075 2336 inordinatae
1091 2302 1309 2336 multitudinis
1324 2312 1458 2346 quaqua
1473 2309 1607 2333 versum
1623 2309 1701 2332 sese
1758 2304 1762 2309 ¹

244 2347 384 2380 ferentis
399 2346 552 2390 iinpetu3‚
575 2346 735 2390 quidquid
753 2347 960 2381 commissum
977 2354 1027 2381 est
1045 2349 1132 2381 ultro
1148 2347 1348 2392 patraverit.
1394 2345 1542 2379 exercitu
1558 2355 1700 2388 natuque

244 2391 422 2437 peregrino
447 2397 678 2435 externoque,
712 2396 782 2424 tum
805 2392 993 2436 provincias
1021 2394 1202 2435 lustrante,
1226 2399 1294 2426 tum
1317 2392 1360 2425 ad
1377 2389 1603 2435 comparanda
1625 2388 1699 2423 usui

243 2437 432 2471 necessaria
465 2436 596 2480 longius
620 2442 786 2480 evagante
813 2437 865 2470 vel
889 2444 1109 2479 excurrente,
1136 2439 1300 2483 utrimque
1315 2439 1423 2471 factas
1447 2448 1522 2470 esse
1547 2434 1699 2477 iniurias,

244 2483 332 2516 haud
349 2482 505 2527 equidem
522 2482 705 2515 mirandum
723 2482 913 2516 existimo.’'
957 2484 1042 2517 haec
1057 2490 1091 2517 et
1107 2484 1226 2517 similia
1241 2482 1425 2517 Alemanni.
1465 2487 1502 2516 at
1516 2482 1699 2525 imperator

245 2529 330 2562 liaeo
353 2528 508 2562 simulate
528 2527 594 2561 dici
615 2528 828 2570 existimans,
857 2528 891 2562 in
917 2528 1002 2562 hunc
1018 2530 1147 2563 modum
1172 2529 1364 2574 rescripsit:
1385 2528 1619 2570 „maiestatem
1634 2537 1698 2560 no—

243 2579 347 2608 stram
376 2585 441 2606 non
464 2574 566 2614 latet,
590 2573 697 2618 plebis
718 2574 875 2619 impetum
899 2574 1067 2619 quidpiam
1091 2586 1224 2621 semper
1251 2574 1373 2615 fuisse,
1398 2573 1488 2618 quod
1504 2583 1608 2616 aegre
1631 2583 1698 2615 gu·-

243 2619 377 2654 bernari
393 2618 499 2663 possit
514 2630 554 2652 ac
571 2619 716 2652 retineri.
764 2626 969 2665 quapropter
985 2626 1020 2653 et
1034 2621 1129 2653 nobis
1143 2620 1349 2666 potissimum
1365 2630 1464 2652 curae
1479 2618 1563 2659 fuit,
1588 2622 1627 2651 ut
1641 2617 1697 2662 qui

243 2665 397 2699 advenae
422 2664 504 2697 estis
529 2669 564 2698 et
590 2665 743 2707 externi,
775 2665 852 2699 dum
880 2676 944 2710 per
967 2666 1156 2710 provincias
1184 2670 1314 2699 nostras
1333 2665 1399 2698 iter
1429 2663 1549 2708 agitis,
1573 2663 1696 2697 nullum

243 2710 396 2744 damnum
429 2710 647 2754 pateremini,
672 2711 869 2755 praesertim
898 2722 972 2744 cum
988 2722 1049 2744 vos
1073 2711 1137 2755 ipsi
1153 2722 1262 2755 neque
1279 2710 1363 2743 malo
1385 2709 1491 2743 animo
1507 2709 1699 2749 venissetis,
1738 2718 1743 2722 ·

244 2766 353 2800 neque
369 2755 519 2789 iniuriam
535 2756 630 2789 nobis
646 2757 757 2790 facere
772 2757 927 2801 possetis.
976 2768 1039 2790 nec
1053 2767 1134 2790 sane
1150 2767 1204 2789 res
1219 2756 1316 2790 aliter
1330 2755 1404 2789 fieri
1421 2755 1539 2799 potuit,
1563 2767 1606 2789 ne
1620 2754 1695 2789 vio—

243 2802 314 2835 lato
335 2800 576 2846 hospitalitatis
597 2801 671 2834 iure
692 2802 777 2846 male
798 2802 886 2847 apud
912 2801 1057 2835 homines
1073 2801 1271 2835 audiremus.
1317 2800 1583 2845 quandoquidem
1615 2811 1697 2835 vero
1716 2808 1717 2811 ’

244 2847 302 2884 ina
326 2847 444 2890 vobis,
469 2850 588 2891 utpote
612 2846 694 2881 viris
715 2847 997 2893 prudentissimis,
1020 2851 1056 2882 et
1077 2847 1111 2881 in
1125 2846 1357 2891 investiganda
1371 2857 1480 2881 rerum
1503 2853 1624 2882 natura
1637 2857 1697 2881 so·
