1878 3262
689 261 766 304 DE
801 260 1065 305 CINNAMO.
1519 269 1606 300 xxv

145 376 309 422 serendi
327 391 418 426 sese
437 376 558 418 offert
574 374 748 417 occasio.
815 383 922 416 certe
942 375 987 416 in
1007 375 1090 416 isto
1108 387 1253 431 opere,
1287 372 1391 414 utin
1413 386 1608 414 enarran-

146 447 212 489 dis
244 446 494 489 Graecorum
524 445 652 498 gestis
675 444 849 484 nimium
876 445 957 484 sibi
976 443 1139 485 videtur
1163 442 1403 493 indulsisse,
1440 441 1539 483 dum
1557 455 1607 482 ea

145 518 267 569 longe
294 516 472 565 maiora,
520 526 644 569 quam
669 520 802 564 erant,
822 512 954 562 Tacit,
988 513 1046 552 ita
1071 513 1113 552 in
1140 511 1354 568 pontifices
1378 511 1607 562 Romanos,

144 585 414 642 imperatores
434 582 722 632 Germanicos,
757 588 878 635 atque
895 579 1000 620 adeo
1021 581 1066 620 in
1085 580 1254 621 Latinos
1274 594 1418 621 omnes
1430 611 1440 630 ‚
1471 595 1525 620 ex
1544 580 1611 619 in-

132 662 245 695 ·nato
267 651 527 694 Graecanicis
545 650 721 703 ingeniis
741 650 784 689 in
803 650 895 689 illos
917 647 1014 688 odio
1027 681 1038 699 ,
1075 662 1147 688 seu
1167 649 1303 704 potius
1321 647 1500 700 invidia,
1535 661 1612 704 pa-

147 736 239 763 rum
260 735 435 776 aequus,
465 721 595 761 immo
618 732 781 774 semper
796 725 838 758 et
857 718 1002 757 acriter
1021 718 1298 772 intemperans
1316 725 1392 757 est.
1460 715 1534 758 sed
1552 715 1611 767 id,

149 798 195 830 ut
227 789 337 841 dixi,
372 804 457 830 non
480 787 680 829 cinnamo
704 786 919 837 duntaxat,
947 783 1021 826 sed
1042 786 1186 826 ceteris
1205 786 1330 825 etiam
1350 785 1612 841 scriptoribus

151 857 318 900 Graecis
345 872 418 899 seu
443 856 686 911 Byzantinis
718 856 921 895 familiare
954 861 1030 895 est.
1095 853 1263 894 militari
1284 852 1420 894 studio
1445 867 1615 909 operam

151 926 317 967 dedisse
360 925 627 976 Cinnamum,
678 938 733 965 ex
767 924 986 980 ipsiusmet
1023 923 1183 978 scriptis
1218 922 1407 974 arguitur.
1476 923 1615 962 scribit

151 996 264 1036 enim
282 995 353 1035 lib.
367 996 387 1036 1
411 1008 498 1050 cap.
512 997 548 1044 1,
570 1007 615 1034 se
633 991 807 1034 vixdum
827 991 1129 1033 adolescentem
1149 1005 1231 1031 una
1250 1005 1342 1030 cum
1358 989 1550 1031 Manue'le
1570 990 1614 1030 in

150 1071 365 1118 utramque
385 1063 660 1103 continentem
678 1063 905 1117 profectum
922 1074 1036 1111 esse,
1071 1060 1264 1115 initisque
1280 1060 1323 1100 in
1340 1060 1392 1100 iis
1414 1059 1531 1099 bellis
1547 1060 1614 1099 in-

152 1132 365 1173 terfuisse:
398 1131 480 1171 ἓπεὶ
506 1131 573 1171 καὶ
604 1128 715 1170 oifmo
738 1130 931 1186 μειρακίῳ
954 1145 996 1183 γε
1022 1126 1105 1170 ὄντι
1127 1144 1197 1181 μοι
1219 1128 1408 1176 πλείστας
1430 1128 1616 1168 συνεκδέ-

153 1199 372 1254 δημηκὲναι
406 1198 445 1240 οἳ
475 1202 556 1240 τῶν
585 1200 640 1247 εἷς
667 1196 831 1254 ἤπειρον
860 1196 1052 1253 ἑκατέραν
1080 1197 1308 1250 συνέβαινεν
1331 1197 1618 1251 ἔκστρατειῶνς

154 1276 196 1310 et
210 1269 281 1310 lib.
300 1269 326 1309 5
350 1281 437 1324 cap.
457 1269 508 1309 18
531 1268 589 1307 ait
608 1281 653 1308 se
673 1267 718 1307 in
737 1267 941 1308 Manue‘lis
969 1266 1163 1306 comitatu
1196 1267 1347 1316 fuisse,
1388 1279 1480 1304 cum
1506 1265 1618 1306 Zeu-

154 1338 340 1390 gminum
363 1335 627 1392 oppugnavit.
675 1334 850 1392 denique
870 1336 1035 1377 Nicetas
1057 1336 1148 1375 loco
1175 1333 1339 1375 laudato
1363 1341 1531 1374 testatur
1549 1332 1620 1373 Io·-

155 1419 307 1446 annem
337 1403 602 1456 Cinnamum,
640 1419 762 1459 quem
794 1402 978 1457 Κινάμον
997 1401 1184 1456 Ἰωάννην
1211 1411 1354 1454 vocat,
1389 1401 1621 1443 Andronico

155 1474 354 1527 Tyranno
373 1473 587 1523 militasse,
611 1487 702 1513 cum
724 1472 777 1513 ad
795 1472 1026 1529 Lopadium
1047 1472 1090 1512 in
1103 1471 1299 1524 Bithynia
1323 1479 1451 1511 castra
1470 1471 1623 1527 posuit.

156 1541 267 1582 unde
287 1544 393 1582 forte
412 1542 582 1581 miretur
606 1542 774 1596 aliquis,
808 1540 919 1596 quod
938 1542 1004 1583 vir
1022 1541 1143 1581 rebus
1163 1541 1340 1591 bellicis,
1375 1540 1623 1594 militarique

159 1611 296 1651 officio
328 1617 414 1651 tota
447 1610 534 1651 vita
563 1623 637 1650 sua
664 1609 912 1667 impeditus,
955 1609 1059 1661 regii
1089 1623 1162 1650 seu
1198 1609 1337 1665 potius
1368 1607 1626 1665 imperatorii

158 1679 414 1732 grammatici
428 1692 577 1719 munus
598 1679 769 1730 obierit,
805 1677 914 1734 quod
935 1671 1049 1718 idem
1067 1679 1145 1718 suit
1162 1691 1208 1717 ac
1226 1677 1376 1718 notarii
1395 1691 1468 1718 scu
1490 1691 1625 1717 secre—

158 1749 266 1789 tarii.
330 1761 451 1798 nam,
479 1755 524 1787 ut
553 1755 692 1788 auctor
716 1755 780 1788 est
804 1748 1086 1800 Hieronymus
1113 1745 1264 1787 Blanca
1296 1747 1340 1786 in
1367 1747 1537 1803 prologo
1572 1743 1626 1784 ad

161 1815 491 1858 Commentarios
511 1830 647 1856 rerum
671 1816 1004 1869 Aragonensium,
1042 1816 1159 1872 “ipsi
1186 1815 1350 1866 notarii,
1387 1828 1433 1854 ac
1455 1814 1626 1870 privile-

160 1885 323 1938 giorum
340 1883 579 1925 huiusmodi
598 1885 828 1941 scriptores,
852 1893 940 1925 tum
960 1884 1116 1925 scribae
1132 1884 1247 1936 regii,
1275 1891 1363 1924 tum
1379 1891 1420 1923 et
1438 1881 1626 1937 quando-

162 1968 242 2009 que
258 1953 514 2006 grammatici
529 1967 671 2006 regum
690 1954 896 2010 appellari,
908 1952 1064 1995 Graeco
1077 1954 1246 1993 nomine
1260 1959 1431 2002 retento,
1451 1964 1625 1990 consue-

162 2024 344 2063 verunt?
389 2029 509 2077 atque
524 2022 601 2061 hac
618 2023 787 2063 notione
804 2024 1084 2077 γραμματικοῦ
1101 2035 1248 2079 vocem
1269 2033 1487 2076 usurpasse
1504 2018 1626 2059 vide-

163 2097 230 2130 tur
260 2089 532 2142 Pachymeres
564 2091 634 2130 lib.
657 2093 676 2131 1
707 2105 793 2147 cap.
818 2093 869 2131 19
898 2091 968 2130 lib.
989 2092 1014 2130 ὃ
1045 2103 1132 2146 cap.
1156 2091 1206 2130 11
1239 2097 1280 2129 et
1306 2089 1375 2128 lib.
1397 2089 1424 2129 5
1450 2101 1536 2144 cap.
1555 2089 1624 2129 26.

166 2171 271 2214 quae
292 2156 458 2213 quidem
476 2159 693 2214 appellatio
713 2159 884 2199 notariis
900 2157 1030 2198 indita
1051 2165 1123 2209 est,
1148 2156 1257 2213 quod
1275 2156 1319 2197 id
1335 2157 1514 2197 muneris
1532 2157 1627 2196 lite-

166 2234 278 2267 ratos
295 2227 559 2283 potissimum
576 2227 690 2268 viros
710 2234 930 2283 spectaret:
965 2240 1081 2277 nam,
1116 2234 1161 2266 ut
1178 2227 1236 2266 ait
1257 2224 1486 2267 Diomedes
1510 2225 1580 2264 lib.
1602 2227 1630 2265 2

169 2293 223 2336 de
245 2302 330 2335 arte
349 2302 564 2347 grarmnat.
592 2296 903 2348 “grarmnaticus
929 2296 1053 2336 latine
1078 2295 1263 2336 literatus
1284 2302 1347 2335 est
1369 2295 1632 2351 appellatus.”

169 2364 424 2416 grammatici
442 2364 564 2416 igitur
582 2365 836 2420 imperatorii
854 2362 1031 2416 dignitas
1050 2365 1230 2420 palatina
1250 2364 1348 2414 fuit,
1389 2363 1468 2403 etsi
1496 2363 1541 2403 in
1563 2375 1634 2401 ca·-

170 2433 318 2484 talogis
346 2433 575 2474 officiorum
606 2434 721 2473 aulae
746 2432 1219 2489 Constantinopolitanae
1239 2434 1347 2473 nulla
1364 2433 1472 2472 illius
1494 2445 1636 2471 occur-

170 2508 234 2541 rat
252 2501 423 2543 mentio.
492 2500 683 2543 Cinnami
706 2502 922 2542 historiam
942 2503 1100 2559 primus
1123 2517 1147 2543 e
1162 2503 1392 2543 Vaticanae
1412 2500 1636 2540 bibliothe-

173 2583 244 2609 cae
276 2567 428 2611 Codice
455 2571 670 2627 exscripsit
699 2570 862 2611 Isaacus
887 2571 1068 2612 Vossius
1099 2571 1405 2625 maioribusque
1434 2567 1634 2609 distentus

174 2638 278 2678 curis
300 2636 490 2679 Cornelio
507 2639 643 2680 Tollio
657 2639 939 2681 Ultraiectensi
959 2638 1128 2680 tradidit
1145 2639 1263 2680 Latio
1283 2636 1519 2679 donandam
1536 2652 1635 2693 pro-

173 2705 465 2762 ferendamque
487 2707 531 2747 in
550 2709 693 2748 lucem.
739 2709 843 2748 hanc
871 2709 940 2748 ille
964 2707 1132 2749 tandem
1150 2709 1287 2749 emisit
1308 2707 1636 2749 Traiectensibus

175 2775 286 2831 typis
308 2789 416 2816 anno
439 2774 547 2818 1652
571 2792 663 2818 cum
686 2777 910 2818 levioribus
939 2777 1094 2832 aliquot
1121 2778 1252 2828 notis,
1290 2790 1394 2832 quae
1424 2790 1510 2816 non
1535 2773 1637 2814 tanti

177 2842 294 2883 visae
322 2851 434 2896 sunt,
477 2852 523 2885 ut
548 2860 620 2887 eas
647 2846 742 2886 huic
772 2845 1038 2898 adiungerem
1066 2845 1258 2897 editioni,
1294 2859 1387 2885 cum
1416 2844 1519 2884 nihil
1551 2845 1638 2882 sere

180 2923 322 2952 eorum
342 2926 444 2968 quae
461 2912 516 2954 ad
539 2915 736 2956 historiae
755 2913 1018 2957 Cinnamicae
1037 2914 1348 2957 illustrationem
1369 2920 1437 2953 aut
1456 2913 1638 2953 locorum
