1878 3262
656 201 1051 246 HISTORIARUM
1083 201 1132 243 L.
1163 175 1243 245 vl.
1596 196 1696 243 265

222 303 351 362 Αδυεῖν
373 314 542 374 ὕστερον
565 313 736 373 ἡμέραιν
760 315 870 376 ῥᾴων
892 315 1063 372 γεγονὼς
1089 315 1151 357 ε’πὶ
1171 311 1391 369 Ἀπάμειαν
1415 311 1590 370 ἐφέρετο.
1629 308 1698 354 οἷα

241 388 287 430 δὲ
321 386 426 436 εῗκὸς
459 385 687 435 συντάσεως
718 386 761 427 ἐκ
795 389 868 439 τῆς
901 383 1134 439 ὁδοιπορίας
1163 384 1420 439 γεγενημένης
1450 381 1557 431 τινὸς
1581 379 1698 436 ὄγκος

241 450 367 506 αὖθις
391 455 513 509 ἀνέβη
540 456 607 496 καὶ
644 452 783 496 ὀδύναι
819 457 960 495 τοῦτον
993 453 1172 494 ἓκέντουν
1197 454 1353 506 συχναί.
1421 445 1495 492 καῖ
1514 450 1565 504 δὴ
1592 449 1700 506 ἀμφὶ

242 522 355 566 πόλει
381 525 591 582 Σηλυβρίᾳ
615 523 689 572 τὰς
713 523 964 576 πασχαλιόυς
989 519 1213 576 διαγαγών,
1246 518 1454 576 ἐπειδήπερ
1478 518 1631 575 ᾔσθετο
1658 519 1699 560 ἓν

207 594 421 637 smmum
446 590 636 648 γεγονώς,
665 592 729 633 ἐπὶ
755 590 828 645 τὴν
857 591 1060 632 Φιλίππου
1087 590 1264 646 ἐφέρετο.
1304 589 1406 631 ἔνθα
1433 588 1483 642 δὴ
1508 588 1700 644 πρέσβεσι

238 662 496 718 χρηματίσας
521 662 564 702 ἐκ
587 658 781 702 Παιόνων
805 659 1083 716 ἀφικομένοις,
1117 657 1251 711 ἐπειδὴ
1272 658 1398 712 μηδὲν
1421 654 1528 712 ὑγιὲς
1553 654 1701 705 αὐτοὺς

243 730 505 785 ἀπαγγέλλειν
530 728 652 784 ἔγνω,
689 729 903 784 ἐκεχειρίαν
929 728 973 769 δὲ
996 724 1119 781 μόνον
1144 727 1211 767 καὶ
1238 724 1386 780 ἄνοχήν
1410 743 1499 767 τινα
1524 729 1597 767 τοῦ
1621 741 1698 767 πο-

242 799 366 852 λέμου
402 799 445 839 ἐκ
480 797 630 846 παντὸς
662 795 812 854 τρόπου
847 800 1067 853 ’πειρῶντας
1098 798 1259 849 λαβεῖν,
1291 793 1439 843 αὐτοὺς
1462 794 1535 847 μὲν
1561 792 1695 850 ἄπρά-
1716 798 1746 833 P
1771 797 1835 834 155

242 883 363 916 κτους
385 866 666 919 ἀπεπέμψατο,
693 865 977 919 συνεκπέμψας
1002 864 1139 913 αὐτοῖς
1164 865 1231 906 καὶ
1251 861 1461 917 Ῥωμαίων
1486 860 1588 913 τινά,
1623 862 1694 919 ἐφ’

189 944 235 979 10
246 929 280 993 ᾧ
303 933 372 977 τόν
397 952 438 977 τε
464 932 695 991 Χαλούφην
720 932 927 988 αἰτήσαιτο
954 934 1044 984 καί,
1072 934 1106 975 εἲ
1130 932 1188 987 μὴ
1214 939 1297 982 τοῖς
1322 931 1573 986 δεδογμένοις
1597 931 1700 986 ἄγα-

242 1007 350 1060 πῷεν
385 1003 528 1045 αὐτίκα
538 1035 551 1054 ,
592 1004 660 1044 καὶ
692 1000 813 1044 πάλιν
847 1000 1059 1056 ἀπειλήσαι
1091 1002 1262 1055 βασιλέα
1302 1002 1369 1043 καὶ
1395 999 1465 1042 τὸν
1483 997 1700 1054 “Ρωμαίων

241 1071 416 1128 στρατὸν
442 1071 638 1125 ὄψεσθαι.
689 1069 710 1113 ὁ
738 1071 782 1113 δὲ
807 1071 870 1112 ἐπὶ
896 1073 1103 1128 Σαρδικῆς
1126 1069 1296 1126 γεγονὼς
1321 1071 1502 1112 ἐνταῦθα
1526 1069 1600 1118 τὰς
1626 1070 1700 1111 δυ-

239 1138 379 1194 νάμεις
402 1139 608 1196 ἤθροισεν.

378 1207 425 1253 6.
494 1208 627 1250 Ἔνθα
663 1207 874 1264 διατριβὴν
908 1206 1147 1261 ποιουμένου
1191 1207 1382 1250 συνέπεσέ
1421 1225 1460 1250 τι
1504 1212 1698 1251 τοιοῦτον.

186 1275 431 1328 15Ἀλέξιος,
467 1275 512 1327 ὃς
548 1277 621 1331 τὴν
653 1274 1012 1333 πρωτοστράτορος
1046 1273 1160 1327 τότε,
1189 1274 1244 1326 ὡς
1268 1274 1460 1327 πολλάκις
1483 1294 1552 1332 μοι
1579 1275 1700 1334 ἐρρή-

241 1349 327 1400 θη,
359 1347 504 1387 διεῖπεν
530 1343 659 1401 ἀρχήν
667 1377 680 1397 ,
720 1346 762 1386 ἐκ
796 1348 949 1386 πολλοῦ
979 1345 1054 1398 μὲν
1086 1344 1336 1388 ἀποστασίαν
1369 1345 1506 1398 ὤδινε,
1542 1345 1630 1388 τότε
1658 1346 1703 1388 δὲ

242 1413 481 1471 καταφανὴς
505 1414 675 1470 γεγονώς
698 1413 771 1468 τὴν
796 1415 914 1469 τρίχα
934 1411 1058 1469 ἓκάρη
1085 1415 1152 1455 καὶ
1173 1415 1214 1464 ἐς
1235 1414 1330 1464 τοὺς
1349 1415 1553 1469 μοναχοῧς
1576 1432 1703 1468 μετα-

241 1483 416 1536 θέμενος
440 1484 507 1524 ε’πί
528 1500 566 1525 τι
592 1487 672 1524 τῶν
697 1482 917 1538 ὃρεστέρων
942 1481 1111 1536 ἀπήχθη
1138 1484 1339 1536 σεμνείων,
1366 1483 1466 1539 ἅπερ
1494 1485 1555 1525 ἐπὶ
1571 1487 1705 1540 Στρυ-

242 1549 366 1605 μόνος
391 1552 432 1592 ἓν
459 1550 540 1608 ὄρει
566 1553 757 1608 Παπικίῳ
778 1551 964 1606 ἵδρυνται
989 1554 1167 1593 πλεῖστα.
1220 1551 1321 1593 ἔνθα
1347 1553 1416 1609 ἐφ’
1447 1552 1582 1594 ἱκανὸν
1610 1554 1700 1594 δια·
1723 1563 1754 1598 Β

187 1619 377 1675 Ξογαγών
411 1619 577 1673 ἀπεβίω.
647 1619 742 1662 ἀλλ’
780 1618 878 1661 ὅθεν
911 1637 954 1661 τε
989 1621 1056 1661 καὶ
1092 1619 1169 1661 ἀπ’
1207 1622 1339 1671 αι’τιάς
1372 1622 1478 1671 τίνος
1512 1623 1553 1671 ές
1587 1626 1706 1663 τοῦτο

242 1687 368 1742 τύχης
392 1686 414 1729 ὃ
441 1687 660 1745 ἄνθρωπος
683 1682 833 1743 ἦλθεν,
862 1687 941 1743 ἤδη
968 1689 1155 1744 λέγωμεν.
1210 1682 1328 1739 οὗτος
1353 1687 1522 1744 ὁπηνίκα
1547 1689 1620 1744 τὴν
1641 1691 1705 1733 ἐπὶ

244 1757 433 1805 Κιλικίας
469 1757 670 1798 ἐστέλλετο
706 1755 924 1813 πρότερον,
959 1755 1220 1813 αὐτοκράτωρ
1255 1763 1329 1799 τοῦ
1353 1760 1528 1812 πολέμου
1556 1760 1704 1803 ἐκείνου

245 1823 347 1881 πρὸς
378 1825 578 1878 βασιλέως
610 1825 880 1879 ἄναδειχθείς,
916 1826 1096 1881 ἐπίτηδες
1131 1828 1173 1876 ἐς
1192 1825 1354 1868 Ἰκόνιον
1378 1827 1623 1882 συγγεγονὼς
1646 1829 1706 1885 τῷ,

339 1954 395 1989 10.
417 1950 631 1999 αἰτήσαιτο]
655 1949 931 1999 &notat-victoum?
1057 1957 1112 1991 11.
1136 1951 1358 2002 ἀπειλῆσαι]
1384 1956 1470 1992 Cod.
1494 1954 1703 2003 ἀπειλῆσαι.

245 2066 349 2101 biduo
366 2070 478 2102 autem
494 2071 594 2113 post,
623 2079 697 2101 cum
713 2069 957 2110 convaluisset,
985 2071 1167 2114 Apameam
1184 2069 1427 2114 proficiscitur:
1457 2075 1495 2105 at
1509 2083 1553 2105 ex
1566 2071 1701 2118 itinere,

245 2124 311 2147 nec
326 2113 443 2146 mirum
455 2139 466 2155 ‚
497 2120 572 2148 orta
586 2125 764 2147 nervorum
779 2114 984 2149 distensione
997 2142 1006 2157 ,
1033 2121 1143 2148 tumor
1157 2115 1274 2149 iterum
1292 2116 1392 2150 rediit
1402 2145 1412 2159 ,
1436 2118 1612 2163 crebrique
1626 2130 1703 2154 eum

246 2159 381 2192 dolores
395 2170 557 2204 punxere.
603 2166 810 2205 quapropter
822 2161 856 2194 in
872 2161 956 2194 urbe
969 2160 1130 2204 Selybria
1146 2161 1263 2195 diebus
1277 2162 1494 2197 Paschalibus
1508 2165 1704 2209 transactis,

245 2212 285 2238 ut
301 2205 416 2238 melius
431 2217 470 2239 se
486 2206 610 2239 habere
625 2206 729 2239 sensit
741 2231 752 2247 ‚
785 2206 1038 2251 Philippopolim
1061 2206 1250 2240 contenditz
1281 2208 1339 2241 ubi
1356 2220 1429 2242 cum
1445 2210 1637 2244 Pannonum
1654 2211 1704 2245 le-

245 2251 334 2295 gatis
357 2262 558 2294 congressus
572 2278 580 2288 ,
612 2263 686 2284 cum
709 2251 790 2285 nihil
813 2263 873 2286 eos
896 2252 967 2285 sani
982 2251 1115 2286 adferre
1131 2253 1368 2295 cognovisset,
1402 2255 1463 2288 sed
1480 2256 1558 2290 belli
1575 2262 1703 2290 tantum

244 2296 398 2330 inducias
413 2297 500 2330 omni
517 2297 612 2331 modo
629 2297 824 2339 sollicitare,
853 2298 952 2331 rebus
964 2297 1098 2331 insectis
1113 2298 1254 2333 dimisit:
1283 2299 1393 2344 iisque
1407 2301 1560 2335 adiunxit
1576 2303 1705 2336 Roma-

247 2353 324 2376 num
352 2343 527 2387 quemdam
539 2368 549 2384 ,
581 2343 688 2388 qui-et
703 2342 901 2388 Chaluphen
917 2349 1088 2388 repeteret
1098 2369 1110 2385 ‚
1139 2351 1174 2378 et
1189 2345 1251 2378 nisi
1266 2356 1344 2379 mox
1360 2346 1526 2391 imperata
1542 2349 1706 2390 facerent,

245 2387 480 2432 imperatorem
497 2400 627 2422 rursum
642 2389 937 2434 Romanorumque
950 2389 1133 2423 exercitum
1149 2398 1287 2436 praesto
1302 2393 1378 2426 sore
1393 2393 1586 2427 minaretur.
1632 2394 1707 2439 ipse

246 2440 359 2468 autem
381 2434 554 2469 Sardicam
578 2446 795 2480 progressus,
826 2435 940 2481 copias
964 2436 1150 2470 contrahit:
1182 2437 1239 2471 ubi
1264 2436 1342 2471 dum
1369 2445 1518 2472 moratur
1540 2439 1626 2473 haec
1647 2451 1708 2474 ac-

246 2479 372 2514 cidere.

340 2526 375 2560 6.
413 2525 552 2560 Alexius
577 2525 635 2572 qui
660 2526 918 2571 protostratoris
931 2530 1014 2560 tunc
1028 2526 1193 2571 dignitate
1208 2527 1434 2572 fungebatur,
1463 2529 1514 2563 uti
1533 2530 1668 2575 saepius
1688 2542 1710 2566 a

250 2579 304 2603 me
332 2577 504 2605 narratum
533 2577 587 2606 est
598 2597 608 2615 ,
641 2571 830 2606 iamdudum
854 2572 987 2617 quidem
1006 2573 1227 2607 desectionem
1249 2574 1383 2608 molitus
1394 2600 1404 2618 ‚
1435 2579 1504 2608 tum
1522 2587 1603 2609 vero
1619 2577 1710 2611 illius

251 2616 426 2651 convictus
439 2617 580 2652 resectis
595 2618 741 2652 crinibus
757 2619 936 2652 monachus
950 2620 1060 2652 factus
1072 2624 1125 2652 est
1135 2645 1146 2661 ‚
1178 2618 1261 2652 etin
1276 2620 1525 2655 monticolarum
1542 2622 1710 2666 quoddam

253 2662 487 2697 monasterium
501 2675 543 2697 ex
558 2663 599 2697 iis
609 2691 620 2708 ‚
650 2675 738 2708 quae
754 2664 797 2698 ad
812 2664 1025 2708 Strymonem
1040 2664 1074 2698 in
1090 2669 1203 2698 monte
1218 2665 1358 2711 Papicio
1382 2666 1523 2712 plurima
1538 2668 1605 2702 sita
1619 2674 1711 2711 sunt,

253 2706 463 2743 amandatus,
509 2720 576 2753 quo
591 2709 626 2743 in
639 2709 714 2743 loco
730 2722 803 2744 cum
820 2722 925 2744 annos
940 2710 1068 2754 aliquot
1084 2710 1272 2754 exegisset.
1297 2712 1368 2745 vita
1382 2713 1518 2746 tandem
1531 2715 1711 2748 concessit.

252 2751 313 2784 sed
332 2752 420 2787 unde
433 2759 470 2788 et
483 2765 551 2799 qua
567 2755 610 2789 de
624 2766 726 2790 causa
741 2756 784 2790 ad
800 2767 872 2790 eam
888 2758 1055 2790 fortunam
1073 2756 1229 2790 redactus
1243 2757 1301 2791 ille
1315 2758 1438 2800 fuerit,
1473 2771 1711 2793 commemora-

255 2797 375 2832 bimus.
419 2798 450 2832 is
473 2810 547 2834 oum
567 2800 602 2834 in
621 2801 771 2836 Ciliciam
788 2802 927 2848 primum
943 2813 1069 2836 summo
1086 2813 1159 2836 cum
1173 2802 1312 2848 imperio
1329 2804 1420 2838 bello
1434 2804 1489 2838 isti
1505 2806 1549 2838 ab
1564 2806 1710 2849 impera-

254 2848 331 2878 tore
345 2845 568 2891 ,praepositu-
591 2846 709 2882 minus
730 2853 842 2893 esset,
869 2848 912 2884 ad
927 2848 1103 2883 Sultanum
1117 2847 1232 2884 dedita
1245 2860 1352 2896 opera
1365 2850 1512 2886 leonium
1526 2851 1621 2886 venit
1631 2875 1643 2893 ‚
1674 2853 1711 2885 ot
