1878 3262
639 199 1037 244 HISTORIARUM
1067 200 1118 245 L.
1151 199 1206 243 Π.
1585 196 1650 243 61

182 322 255 360 λον
270 314 372 370 μηδ’
393 308 580 359 ἀνίεσθαι
596 319 671 371 τῆς
686 316 936 373 προθυμίας.
1005 313 1122 357 ἄλλοι
1141 313 1215 368 μὲν
1231 312 1334 368 μετὰ
1350 313 1537 368 πλείστην
1555 310 1653 367 ὅσην

182 385 256 441 τὴν
283 386 419 435 δίωξιν
443 384 580 439 ἐπειδὴ
607 385 734 439 μηδὲν
762 383 919 429 ἀνύτειν
937 381 1041 437 εἶχον
1058 381 1129 427 τόν
1145 400 1187 425 τε
1201 387 1339 440 χῶρον
1357 382 1460 424 ἔνθα
1477 383 1652 424 ἐπιπλεῖ-

183 470 279 498 στον
296 453 590 503 ἐκπεπτωκότες
605 449 739 509 ἦλθον
756 450 907 510 ἔρημόν
924 469 966 494 τε
984 453 1052 493 καὶ
1071 453 1208 502 δεινῶς
1227 451 1381 506 ἄβατον
1399 451 1522 507 ἴγνων
1530 483 1544 503 ,
1563 449 1653 492 ὄπί-

183 538 243 565 σω
263 521 454 580 ἐχώρουν.
523 521 544 564 ὃ
566 523 610 565 δὲ
627 527 685 581 τῷ
703 523 910 578 ἓξαδέλφῳ
927 521 1152 577 περιτυχών
1161 520 1401 578 Ἀνδρονίκῳ
1412 553 1427 573 ,
1464 514 1513 562 οὗ
1529 519 1656 562 πολὺν

148 601 171 636 5
183 578 224 633 ἐν
258 599 343 641 τοῖς
377 590 609 649 ἔμπροσθεν
643 589 923 645 ἐποιησάμεθα
953 587 1092 644 λόγον,
1128 589 1201 643 τὴν
1229 591 1292 631 ἐπὶ
1319 590 1415 640 τοὺς
1440 590 1656 644 πολεμίους

181 659 282 702 ι’όντι
311 662 379 702 καὶ
409 661 521 719 αῧτῷ
546 660 678 702 πολλὰ
705 658 954 714 βιασάμενος
969 658 1040 701 τὸν
1052 659 1177 700 ἵππον
1196 658 1372 715 ἀφεῖται.
1441 658 1585 714 ἐπιβὰς
1611 657 1656 700 δὲ

182 729 307 771 αὐτὸν
337 729 556 783 με’νάὗτοῦ
572 729 702 783 με’νειν
721 729 851 771 εἴασεν
870 726 1164 782 ἕπισκήψαςᾶν
1182 726 1335 784 εἴρηται
1346 727 1539 783 Ἀγρίμην
1558 725 1653 769 ὅσον
1690 737 1693 740 “

182 798 255 839 οὐκ
289 797 368 852 ἤδη
403 796 754 853 κομισθησόμενον
784 802 920 852 λαβεΐν
939 796 1046 838 οὕτω
1062 815 1105 839 τε
1124 796 1198 839 σὺν
1217 796 1330 853 αὐτῷ
1347 797 1410 838 ἐπὶ
1428 795 1502 850 τὴν
1519 794 1654 850 μάχην

182 867 318 908 ε’λθεΐν
331 898 345 919 ,
383 865 405 908 ὃ
440 867 484 909 δὲ
512 867 586 921 τὴν
614 868 678 908 ἐπὶ
703 866 800 916 τοὺς
816 867 1032 920 πολεμίους
1049 866 1227 924 ἐφέρετο.
1294 866 1479 923 Πέρσαις
1498 866 1541 906 δὲ
1560 866 1653 918 δίχα

127 943 173 977 10
183 934 369 991 διῄρηται
386 935 432 978 τὸ
453 926 698 992 στράτευμα.
744 937 811 977 καὶ
830 935 876 977 τὸ
893 936 967 989 μὲν
983 933 1166 991 πρόσθεν
1181 935 1255 989 τὴν
1268 936 1393 977 ἰ’ππον
1411 932 1654 990 ἐπαγόμενον

179 1009 318 1046 πᾶσαν
353 1002 516 1061 ἐχώρει,
554 1003 629 1060 ὅση
657 1003 750 1046 ἄνευ
779 1002 1094 1061 ἕπιστρωμάτων
1121 1004 1288 1060 ἀγελαιά
1316 1002 1476 1053 τούτοις
1502 1004 1654 1046 εἵπετο·

179 1073 226 1114 τὸ
258 1072 398 1115 λοιπὸν
429 1074 474 1115 δὲ
502 1071 669 1115 κατόπιν
686 1072 895 1130 ἐπορεύετο
909 1071 1133 1127 Ῥωμαίους
1151 1071 1335 1123 ἐπιόντας
1350 1070 1653 1126 ὑποδεξάμενον.
1679 1080 1709 1113 C

180 1139 237 1191 ὡς
255 1142 299 1182 δὲ
317 1142 448 1192 οὐδεὶς
465 1142 656 1196 οὐδαμῶς
666 1141 876 1197 Ῥωμαίων
892 1141 1133 1199 ὑπεφαίνετο
1137 1174 1150 1194 ,
1176 1141 1461 1198 θαρσήσαντες
1476 1146 1550 1184 τοῦ
1567 1146 1654 1184 λοι-

180 1214 260 1251 nos>
277 1208 474 1267 συνῄεσάν
492 1228 534 1253 τε
554 1211 742 1266 ἀλλήλοις
760 1214 826 1253 καὶ
845 1212 918 1267 τὴν
938 1214 1063 1254 ἵππον
1082 1211 1220 1254 ἄνετον
1236 1205 1338 1268 ᾗπερ
1358 1211 1511 1269 εἴρηται
1531 1229 1654 1269 φερο-

125 1285 168 1321 15
178 1279 303 1333 με’νην
319 1280 389 1337 ἐφ’
411 1280 480 1322 ἵνα
493 1285 632 1337 χῶρον
649 1280 830 1336 ξυνάγειν
850 1283 1087 1323 διενοοῦντο.
1157 1279 1292 1335 ἐπειδή
1320 1297 1362 1323 τε
1385 1281 1558 1335 βασιλέα
1574 1279 1654 1335 μό-

178 1364 248 1389 νον
278 1349 322 1390 ἒκ
350 1347 512 1391 πάντων
534 1348 746 1403 Ῥωμαίων
774 1348 1060 1405 ἀθωράκιστον
1078 1349 1144 1391 ἐπ’
1167 1349 1316 1400 αὐτοὺς
1334 1347 1446 1392 ἰόντα
1464 1349 1654 1406 κατενόη-

179 1433 280 1469 σαν,
318 1415 467 1474 ἀθρόοι
489 1418 630 1459 λοιπὸν
647 1419 712 1460 εἶπ’
735 1419 858 1460 αὐτὸν
876 1419 1074 1472 ἐξεχέοντο
1094 1419 1327 1468 ε’ντείνοντές
1342 1435 1383 1461 τε
1402 1418 1454 1461 τὰ
1472 1418 1570 1470 τόξα
1588 1423 1657 1463 καὶ

179 1485 371 1540 ἀλλήλοις
399 1485 706 1541 ἒγκελευόμενοι.
776 1485 797 1529 ὅ
828 1488 871 1529 δὲ
897 1486 1070 1543 ἡρωικόν
1098 1505 1188 1529 τινα
1216 1489 1283 1529 καὶ
1314 1487 1501 1545 ἀνδρείας
1517 1487 1657 1545 πρόσω

178 1552 330 1611 τρόπον
348 1554 566 1609 ἀναλαβών
576 1588 590 1608 ,
617 1556 753 1611 ἐπειδὴ
771 1555 971 1599 κῦκλωσίν
986 1574 1076 1599 τινα
1096 1556 1222 1599 αὐτοῦ’
1239 1556 1342 1613 πρὸς
1358 1560 1658 1617 τῶνήπολεμίων

123 1625 377 1679 ΞΟγεγονέναι
412 1623 594 1668 ἀδύνατα
630 1624 729 1668 εἶναι
765 1623 942 1668 κατενόει
979 1627 1141 1682 (χιῦρος
1167 1623 1246 1682 γάρ
1272 1633 1334 1676 τις
1352 1625 1597 1684 ἀμφιλαφὴς
1615 1628 1659 1669 ἔκ

178 1693 358 1749 θατέρου
376 1696 668 1750 παρακείμενος
684 1695 834 1751 μέρους
851 1697 893 1737 ἔκ
911 1697 1049 1737 ποδῶν
1067 1697 1123 1745 εἷς
1140 1699 1260 1737 τοῦτο
1280 1695 1418 1745 αὐτοῖς
1435 1694 1658 1751 καθειστή-

180 1761 295 1814 κει),
331 1760 404 1815 τὴν
431 1763 667 1818 συμπλοκὴν
694 1763 951 1818 ἀναδέχεται,
988 1765 1199 1814 πλείστους
1224 1781 1266 1805 τε
1286 1764 1420 1806 αὐτῶν
1437 1766 1500 1807 ἐπὶ
1520 1764 1654 1819 στόμα
1678 1772 1709 1807 D

180 1828 424 1884 κατενεγκὼν
458 1832 554 1881 τοὺς
588 1832 754 1882 λοιποὺς
784 1835 841 1882 εἷς
870 1832 1002 1889 φυγὴν
1027 1833 1181 1886 βλέψαι
1200 1831 1436 1888 ἠνάγκασεν.
1506 1832 1571 1876 ὅτε
1589 1836 1657 1876 καὶ

270 1939 304 1972 2.
345 1933 498 1972 ἀνύτειν
517 1938 531 1982 ]
576 1938 664 1972 Cod.
707 1935 892 1973 ἄνύττειν.
1075 1939 1111 1974 5.
1150 1937 1264 1983 ἔγνων
1282 1938 1296 1984 ]
1337 1939 1441 1973 Immo
1481 1937 1658 1984 ἔγνωσαν.

271 1984 304 2021 5.
344 1981 627 2028 ἐποιησάμεθα]
666 1983 721 2018 Ita
754 1984 842 2018 Duc.
890 1983 977 2018 Cod.
1009 1983 1260 2028 ποιησόμεθα.
1401 1988 1435 2021 6.
1475 1984 1655 2032 ἀφεῖται]

270 2029 397 2064 Nonne
418 2028 664 2075 ἅφαιρεῖταιῖ
801 2031 859 2065 21.
884 2028 924 2065 ἐκ
945 2031 1100 2075 ποδῶν]
1123 2031 1359 2077 Expectabam
1381 2030 1567 2076 ἐμποδών.

179 2121 222 2156 ab
238 2120 364 2155 ardore
377 2119 601 2156 remitterent.
649 2120 706 2155 alii
720 2120 853 2166 quidem
865 2132 939 2155 cnm
956 2126 1036 2167 post
1050 2122 1225 2167 plurimam
1238 2122 1481 2158 insecutionem
1495 2124 1574 2159 nihil
1590 2124 1652 2159 de·-

179 2179 268 2202 mum
292 2172 515 2212 peragerent,
549 2172 585 2201 et
609 2167 805 2212 regionem,
832 2167 866 2201 in
885 2179 984 2212 quam
1013 2174 1258 2213 pervenerant,
1287 2171 1458 2205 desertam
1472 2183 1536 2205 nec
1551 2172 1652 2205 facile

167 2213 331 2258 'perviam
361 2224 437 2247 esse
465 2213 640 2255 viderent,
671 2220 765 2247 retro
794 2225 950 2248 cessere:
981 2215 1140 2260 princeps
1155 2220 1267 2250 autem
1283 2216 1476 2251 Andronico
1492 2218 1652 2262 patrueli,

181 2259 227 2293 de
249 2270 316 2304 quo
343 2259 448 2293 multa
463 2270 485 2293 a
500 2260 596 2294 nobis
612 2259 647 2293 in
663 2259 892 2305 superioribus
907 2260 999 2294 dicta
1012 2266 1092 2294 sunt
1103 2286 1113 2303 ,
1142 2261 1176 2295 in
1202 2263 1335 2297 hostem
1356 2264 1571 2297 contendenti
1587 2265 1651 2298 ob-

180 2305 268 2340 viam
292 2306 403 2339 sactus
425 2317 546 2350 equum
568 2306 675 2340 invito
693 2310 893 2350 extorquet,
922 2317 1020 2351 quem
1035 2307 1092 2341 ille
1104 2307 1228 2347 insilit.
1262 2315 1299 2343 et
1315 2320 1387 2343 eum
1406 2316 1591 2355 expectare
1604 2309 1652 2343 ibi

179 2350 348 2396 tantisper
374 2351 490 2395 iubet,
519 2352 597 2397 dum
622 2352 785 2397 Agrimen
812 2352 903 2386 illum
927 2352 1060 2387 iamiam
1075 2353 1309 2389 adducendum
1323 2361 1443 2389 nactus
1456 2367 1571 2390 secum
1587 2366 1653 2389 una

179 2397 403 2431 contenderet
415 2397 449 2431 in
465 2398 638 2443 praelium.
685 2398 818 2432 interim
832 2397 868 2431 in
883 2398 1013 2433 hostem
1036 2400 1274 2444 proficiscitur.
1323 2401 1439 2446 copias
1454 2401 1584 2435 Persae
1598 2402 1655 2435 bi-

179 2442 299 2477 fariam
324 2443 520 2477 diviserant.
566 2444 659 2490 prior
685 2455 764 2490 pars
788 2445 968 2478 constabat
992 2456 1033 2479 eo
1058 2446 1232 2490 equitatu,
1264 2447 1322 2492 qui
1349 2447 1489 2481 liberius
1522 2448 1654 2493 absque

181 2489 375 2523 stramentis
403 2489 569 2534 gregatim
602 2490 759 2535 subsequi
791 2490 888 2524 solet.
933 2491 1084 2537 reliquus
1106 2492 1277 2526 exercitus
1301 2504 1322 2525 a
1344 2497 1443 2537 tergo
1460 2494 1654 2538 incedebat,

182 2535 366 2569 subeuntes
383 2535 555 2570 Romanos
575 2543 790 2581 excepturus.
838 2536 897 2570 ubi
911 2548 996 2571 vero
1013 2549 1109 2571 nemo
1125 2538 1352 2572 Romanorum
1369 2539 1575 2584 conspicitur
1591 2552 1655 2574 au-

182 2579 335 2614 daciores
349 2581 467 2615 effecti
478 2606 492 2626 ι
518 2584 641 2616 οοὲωιῐ.
655 2583 688 2616 in
704 2593 804 2616 unum
819 2594 934 2617 omnes
944 2610 955 2627 ‚
985 2584 1239 2628 equitatumque
1249 2609 1260 2626 ,
1290 2585 1348 2629 qui
1363 2585 1502 2620 liberius
1516 2591 1556 2620 ut
1570 2586 1653 2630 dixi,

183 2626 354 2668 excurrit,
382 2627 418 2660 iu
432 2627 541 2662 locum
557 2639 659 2662 unmn
673 2632 836 2674 statuunt.
882 2629 980 2663 simul
995 2640 1036 2663 ac
1050 2635 1165 2663 autem
1180 2631 1416 2676 imperatorem
1431 2631 1538 2666 solum
1548 2658 1559 2676 ‚
1590 2644 1654 2667 nec

182 2670 291 2706 lorica
303 2671 454 2707 indutum
466 2698 477 2714 ‚
504 2680 627 2708 contra
641 2686 680 2708 se
695 2674 882 2708 adventare
896 2680 1040 2709 cernunt
1050 2701 1060 2717 ‚
1086 2675 1218 2709 irruunt
1233 2672 1274 2710 in'
1282 2676 1392 2721 ipsum
1408 2677 1577 2720 universi,
1596 2690 1653 2712 sa-

181 2716 342 2762 gittisque
354 2718 536 2764 impetunt,
554 2731 633 2755 sese
646 2720 790 2755 invicem
805 2721 949 2755 subinde
965 2721 1010 2755 ad
1025 2721 1184 2756 virtutem
1200 2722 1337 2760 hortati.
1369 2723 1431 2758 sed
1443 2724 1502 2758 ille
1516 2725 1654 2758 heroico

182 2773 416 2811 generosoque
445 2765 624 2811 plusquam
652 2772 827 2812 resumpto
857 2767 966 2801 animo
979 2794 989 2810 ‚
1019 2772 1200 2812 postquam
1231 2779 1336 2812 aegre
1362 2769 1599 2804 circumveniri
1617 2781 1656 2803 se

182 2819 287 2886 posse
314 2809 358 2843 ab
386 2810 537 2847 hostibus
565 2813 725 2857 agnovit,
759 2813 881 2858 (locus
896 2814 1021 2858 quippe
1037 2813 1152 2848 densis
1163 2814 1321 2859 virgultis
1337 2815 1466 2850 obsitus
1483 2817 1527 2850 ab
1542 2817 1652 2850 altero

195 2858 290 2888 atere
313 2853 354 2888 iis
377 2855 652 2902 obversabatur)
680 2859 841 2904 praelium
864 2859 1080 2904 aggreditur,
1121 2860 1301 2906 multisque
1334 2861 1564 2903 obtruncatis,
1593 2872 1652 2895 ce-
