1878 3262
278 212 337 255 IN
356 209 661 255 NICEPHORI
675 208 943 254 BRYENNII
960 207 1251 252 COMMENT.
1271 206 1475 250 NOTAE.
1508 208 1604 253 215

150 322 373 361 coenobiali
393 322 682 367 observatione,
713 327 758 358 ut
777 320 899 357 talem
916 320 1051 358 virum
1071 317 1245 368 decebat,
1274 318 1375 357 bono
1386 319 1476 370 fine
1495 321 1606 371 quie-

149 382 222 420 vit.
276 378 479 417 Robertus
513 375 723 429 Crispinus
753 379 885 414 minor
909 377 1049 428 frater
1075 377 1377 414 Normanniam
1412 390 1606 428 egressus,
1630 381 1659 416 P
1683 380 1750 416 207

140 436 345 488 plurimas
362 436 605 487 peragravit
634 435 832 486 regiones,
872 431 996 470 donec
1027 432 1418 484 Constantinopolim
1444 435 1606 483 veniret,

148 500 186 530 et
203 491 256 530 ab
279 493 515 543 imperatore
531 505 622 528 cum
640 490 786 528 honore
805 497 1033 541 susceptus,
1063 491 1281 541 magnique
1300 491 1477 527 nominis
1494 488 1612 541 apud

149 563 282 587 omnes
304 548 484 601 effectus,
515 548 594 596 ibi,
623 555 670 585 ut
682 548 833 597 fertur,
863 545 1024 584 invidia
1047 547 1295 584 Graecorum
1313 559 1457 584 veneno
1469 549 1608 598 periit.

152 605 400 644 Gislebertus
408 602 446 652 *)
473 604 688 654 Crispinus
702 605 832 641 maior
847 603 994 641 horum
1014 605 1138 640 trium
1145 604 1334 653 fratrum
1353 618 1379 640 a
1395 602 1496 641 duce
1505 604 1608 642 ,Nor-

150 676 392 700 mannorum
420 668 602 699 castrum
638 661 878 713 Tegularias
909 658 1025 713 (Gall.
1060 657 1254 715 Tillieres)
1288 661 1332 697 in
1362 659 1610 700 haereditate

150 717 457 756 custodiendum
474 718 650 768 accepit,
679 716 792 769 quod
809 715 996 754 haeredes
1017 718 1105 754 eius
1123 723 1252 754 tenent
1273 730 1400 768 usque
1418 717 1478 755 ad
1486 732 1608 769 prae-

147 790 236 813 sens
253 783 420 827 tempus,
443 773 680 826 praedictus
704 774 940 812 Wllelmus
950 771 1007 825 **)
1036 773 1260 824 Crispinus,
1290 773 1448 812 medius
1455 776 1609 825 frater,

144 834 304 884 generis
324 831 554 880 nobilitate,
585 838 621 868 et
637 845 792 868 morum
805 830 1027 882 probitate,
1059 837 1180 881 atque
1198 830 1352 868 militia
1360 832 1609 881 famosissi-

149 903 260 936 mus,
290 890 393 926 inter
413 889 742 926 Normannorum
764 889 921 938 primos
947 885 1194 937 habebatur,
1225 889 1319 938 qui,
1351 895 1396 925 ut
1419 886 1608 938 diximus,

149 944 198 982 de
213 946 346 996 primo
373 945 651 996 Crispinorum
662 951 783 996 patre
803 943 1021 982 Gisleberto
1041 944 1218 995 optimus
1231 944 1376 994 filius,
1407 943 1466 981 ad
1484 947 1609 983 totius

145 1003 300 1053 generis
319 1003 385 1039 sui
398 1002 576 1053 gloriam
591 1001 786 1052 felicibus
804 1001 1001 1051 auspiciis
1011 998 1191 1050 prodiit,
1224 1006 1260 1036 et
1273 1001 1383 1037 sicut
1400 1002 1503 1038 inter
1521 1003 1608 1039 Ro-

149 1073 291 1096 manos
308 1059 406 1096 olim
424 1058 565 1107 Fabii,
595 1058 658 1095 vel
670 1056 836 1106 Anicii,
865 1059 947 1094 sive
965 1057 1121 1094 Manlii·
1140 1057 1319 1107 insignes
1339 1056 1607 1108 habebantur,

149 1117 211 1152 ita
235 1115 415 1166 Crispini
431 1116 534 1152 inter
551 1115 806 1152 ,Normannos
823 1120 859 1150 et
875 1114 1054 1151 Francos
1071 1113 1346 1151 honoratiores
1359 1115 1609 1165 reputaban-

149 1179 231 1212 tur.
290 1170 363 1208 sed
385 1173 460 1209 iste
484 1171 720 1209 Wllelmus
738 1172 839 1207 inter
858 1184 990 1207 omnes
1012 1171 1364 1207 nominatissimus
1366 1172 1508 1219 fuisse
1512 1173 1610 1223 fir-

149 1235 237 1276 tur,
268 1229 340 1279 qui
354 1242 427 1266 suo
446 1235 617 1278 tempore
634 1229 805 1266 militiae
821 1227 957 1264 titulis
972 1228 1167 1278 insignis,
1194 1241 1321 1277 paene
1336 1241 1458 1278 super
1476 1242 1610 1266 omnes

148 1282 325 1322 eiusdem
343 1285 590 1335 tempestatis
605 1286 714 1321 viros
735 1285 890 1322 enituit.
948 1282 1054 1320 unde
1073 1284 1290 1334 praeclara
1311 1285 1398 1321 eius
1421 1287 1609 1335 probitas

145 1341 284 1393 plures
314 1340 394 1378 sibi
426 1340 605 1393 effecerat
631 1339 815 1390 invidos,
858 1347 980 1391 atque
997 1339 1130 1377 hostes
1153 1339 1386 1378 reddiderat
1403 1344 1610 1380 atrocissi—

149 1411 248 1436 mos.
308 1411 356 1434 ea
386 1404 614 1448 tempestate
633 1398 785 1435 Franci
816 1404 982 1434 auctore
1004 1397 1073 1435 JV
1065 1397 1205 1434 alterio
1229 1397 1275 1436 V
1268 1398 1373 1434 etzelo
1397 1401 1538 1436 comite
1561 1398 1610 1436 de

148 1456 278 1491 Ponte
296 1453 455 1501 Isarae,
487 1455 561 1505 qui
581 1461 708 1491 totam
731 1462 879 1491 terram
899 1456 1010 1491 intra
1030 1453 1155 1492 Ittam
1174 1460 1211 1490 et
1226 1453 1457 1504 Andelam,
1486 1463 1610 1507 atque

151 1511 405 1561 Sequanam,
438 1524 559 1547 suam
583 1510 716 1548 debere
737 1525 818 1548 esse
834 1509 1009 1559 dicebat,
1050 1510 1208 1547 crebras
1228 1511 1474 1562 irruptiones
1496 1513 1610 1550 ultra

155 1567 275 1605 Ittam
287 1566 514 1619 faciebant,
545 1576 580 1604 et
594 1566 777 1618 praedas
795 1566 842 1604 de
868 1567 1098 1606 Vilcassino
1119 1566 1304 1618 agebant.
1363 1574 1398 1604 et
1416 1567 1503 1605 ideo
1527 1567 1610 1606 dux

153 1624 481 1662 Normannorum
503 1623 761 1673 lVillelmus,
791 1626 862 1676 qui
871 1631 1016 1675 postea
1032 1637 1099 1661 rex
1114 1624 1348 1675 Anglorum
1359 1625 1465 1674 fuit,
1494 1640 1614 1676 prae-

151 1679 306 1718 dictum
330 1680 587 1719 Wllelmum
613 1681 869 1732 Crispinum,
910 1683 1010 1731 quia
1043 1688 1129 1717 erat
1148 1680 1469 1731 probatissimus
1500 1683 1544 1719 in
1572 1696 1613 1719 re

151 1737 347 1786 militari,
389 1737 602 1775 collocavit
620 1739 665 1774 in
683 1744 815 1775 castro
838 1735 984 1788 Melsia
998 1734 1077 1790 ***)
1109 1744 1250 1774 contra
1270 1738 1521 1775 Francorum
1543 1739 1613 1775 in-

152 1806 320 1841 cursus,
359 1792 418 1829 ad
444 1793 681 1830 coercendas
709 1807 844 1831 eorum
860 1795 1227 1844 praesumptiones,
1267 1792 1423 1831 donans
1443 1796 1523 1845 ipsi
1543 1808 1614 1832 ca-

152 1857 284 1887 strum
306 1850 464 1900 ipsum,
494 1855 530 1885 et
555 1851 595 1888 V
592 1850 780 1887 ilcassini
797 1851 1116 1887 vicecomitatum
1138 1851 1226 1886 iure
1250 1849 1522 1888 haereditario
1545 1865 1614 1889 cu-

152 1904 432 1954 stodiendum,
469 1912 505 1941 et
520 1906 632 1956 filiis
654 1907 741 1942 eius
757 1913 855 1956 post
871 1919 982 1954 eum,
1012 1907 1119 1943 sicut
1136 1919 1260 1957 usque
1276 1905 1395 1944 liodie
1416 1906 1611 1946 videmus.

153 1970 198 2000 at
224 1962 293 1999 ille
320 1961 378 1998 ibi
407 1963 655 1999 mansionem
683 1963 913 2011 constituit,
955 1963 1176 2012 familiam
1211 1969 1248 1999 et
1274 1963 1423 2000 milites
1451 1965 1496 2002 in
1523 1965 1609 2002 loco

146 2020 293 2071 posuit
318 2025 458 2055 contra
486 2019 731 2070 irruptiones
749 2019 1012 2057 Francorum.
1071 2033 1154 2070 qua
1182 2016 1230 2055 de
1251 2033 1291 2056 re
1320 2020 1473 2058 Franci
1498 2021 1610 2059 velie.

154 2082 301 2113 menter
314 2076 432 2122 irati,
463 2075 508 2112 in
524 2082 683 2113 tantum
702 2073 841 2113 odium
861 2082 1003 2113 contra
1024 2075 1146 2113 illum
1164 2083 1410 2124 exarserunt,
1440 2084 1487 2114 ut
1503 2091 1609 2115 mor-

153 2139 230 2170 tem
250 2133 338 2169 eius
355 2138 442 2168 tota
460 2130 661 2169 aviditate
680 2139 913 2183 appeterent.
948 2131 1047 2170 haec
1066 2132 1139 2170 etsi
1159 2131 1304 2170 fusiora
1319 2134 1608 2184 praemittenda

153 2188 239 2228 visa
263 2193 357 2227 sunt
375 2187 416 2225 in
438 2188 601 2238 gratiam
620 2188 899 2226 illustrissimae
913 2190 1060 2239 gentis,
1090 2188 1255 2227 cui-non
1272 2189 1471 2228 modicum
1489 2203 1608 2242 prae-

154 2245 290 2283 stitere
315 2244 562 2295 splendorem
579 2245 742 2283 Roberti
771 2258 835 2283 res
868 2246 971 2284 bello
1002 2246 1044 2283 in
1067 2246 1227 2284 Graecia
1249 2251 1398 2296 gestae,
1440 2260 1536 2297 quas
1555 2247 1607 2285 ad

152 2301 432 2340 illustrandum
450 2301 690 2354 Bryennium
723 2315 813 2339 cum
838 2301 943 2340 bona
962 2302 1118 2341 lectoris
1134 2302 1250 2341 venia
1269 2302 1380 2342 brevi
1399 2302 1464 2341 hic
1482 2304 1607 2355 elogio

154 2357 469 2409 perstringendas
486 2358 892 2398 instituiVNormanni
911 2360 1036 2398 nostri
1053 2365 1151 2397 tunc
1166 2358 1338 2410 primum
1356 2359 1398 2397 in
1414 2359 1609 2412 Apuliam,

154 2414 315 2453 bellicae
336 2414 464 2453 laudis
485 2415 730 2466 quaerendae
752 2427 842 2465 ergo
863 2416 1027 2466 profecti
1054 2421 1147 2454 sunt
1166 2414 1365 2454 Richardo
1386 2416 1433 2456 Π.
1463 2423 1503 2455 et
1527 2417 1612 2455 Ro-

154 2470 268 2510 berto
292 2471 338 2510 11.
364 2471 568 2511 Neustriae
595 2471 896 2524 imperantibus:
924 2473 1118 2525 primique
1136 2485 1186 2511 ex
1205 2471 1252 2509 iis
1274 2472 1505 2526 Turstinus,
1539 2487 1610 2513 co-

250 2660 286 2704 *)
309 2661 363 2696 De
383 2661 579 2698 Gisleberto
596 2666 702 2708 agunt
717 2662 875 2698 Orderic.
892 2663 916 2698 l.
932 2662 952 2696 5
970 2673 1002 2708 p.
1018 2661 1103 2705 575,
1127 2660 1286 2700 willelm.
1302 2663 1438 2697 Gemet.
1456 2663 1479 2697 1.
1496 2664 1519 2699 7
1535 2675 1563 2698 c.
1581 2664 1615 2699 5.

233 2728 287 2772 **)
310 2729 355 2762 V.
371 2730 529 2769 willelm.
545 2732 678 2766 Pictav.
704 2744 738 2778 p.
765 2733 840 2767 187.
872 2731 1010 2765 Henric.
1029 2729 1240 2765 Huntindon.
1267 2731 1290 2765 l.
1307 2732 1329 2767 7
1351 2743 1384 2776 p.
1398 2732 1467 2767 380
1489 2735 1523 2765 et
1538 2732 1617 2766 381.

160 2773 297 2808 Simeon
313 2774 465 2814 Dunelm.
482 2778 572 2812 Rad.
591 2779 632 2812 de
646 2779 767 2813 Diceto
784 2778 981 2824 Brompton.
1005 2778 1070 2812 Au.
1090 2778 1187 2814 1106.
1206 2778 1305 2814 1112.
1325 2779 1424 2814 1119.
1454 2777 1615 2811 Malmes-

158 2820 259 2864 burg.
276 2820 298 2853 Ι.
315 2821 348 2857 3.
378 2821 532 2860 Orderic.
550 2825 572 2860 l.
591 2826 633 2860 12
649 2830 713 2860 etc.

221 2881 294 2924 ***)
317 2879 401 2925 Leg.
418 2881 543 2917 Nelfia.
