<?xml version="1.0" encoding="UTF-8"?>
<!DOCTYPE html PUBLIC "-//W3C//DTD XHTML 1.0 Transitional//EN"
    "http://www.w3.org/TR/xhtml1/DTD/xhtml1-transitional.dtd">
<html xmlns="http://www.w3.org/1999/xhtml" xml:lang="en" lang="en">
 <head>
  <title>
</title>
<meta http-equiv="Content-Type" content="text/html;charset=utf-8" />
  <meta name='ocr-system' content='tesseract 3.04.00' />
  <meta name='ocr-capabilities' content='ocr_page ocr_carea ocr_par ocr_line ocrx_word'/>
</head>
<body>
  <div class='ocr_page' id='page_1' title='image "./corpusscriptorum26niebuoft_0493.png"; bbox 0 0 1878 3262; ppageno 0'>
   <div class='ocr_carea' id='block_1_1' title="bbox 581 195 1662 243">
    <p class='ocr_par' dir='ltr' id='par_1_1' title="bbox 581 195 1662 243">
     <span class='ocr_line' id='line_1_1' title="bbox 581 195 1662 243; baseline 0.001 -2"><span class='ocrx_word' id='word_1_1' title='bbox 581 195 1126 242; x_wconf 79' lang='lat' dir='ltr'>COMMENTARIORUM</span> <span class='ocrx_word' id='word_1_2' title='bbox 1157 197 1209 243; x_wconf 89' lang='lat' dir='ltr'>L.</span> <span class='ocrx_word' id='word_1_3' title='bbox 1240 195 1277 242; x_wconf 91' lang='lat' dir='ltr'>I.</span> <span class='ocrx_word' id='word_1_4' title='bbox 1597 196 1662 242; x_wconf 85' lang='lat'>33</span> 
     </span>
    </p>
   </div>
   <div class='ocr_carea' id='block_1_2' title="bbox 119 306 1707 1812">
    <p class='ocr_par' dir='ltr' id='par_1_2' title="bbox 187 306 1660 575">
     <span class='ocr_line' id='line_1_2' title="bbox 191 306 1660 370; baseline -0.001 -15"><span class='ocrx_word' id='word_1_5' title='bbox 191 330 268 370; x_wconf 92' lang='grc' dir='ltr'>ραν</span> <span class='ocrx_word' id='word_1_6' title='bbox 284 308 540 367; x_wconf 76' lang='grc' dir='ltr'><em>ποιήσασθαι</em></span> <span class='ocrx_word' id='word_1_7' title='bbox 558 309 718 355; x_wconf 81' lang='grc' dir='ltr'><em>τούτου.</em></span> <span class='ocrx_word' id='word_1_8' title='bbox 787 312 855 354; x_wconf 79' lang='grc' dir='ltr'><em>καὶ</em></span> <span class='ocrx_word' id='word_1_9' title='bbox 874 310 1116 369; x_wconf 73' lang='grc' dir='ltr'><em>προσελθὼν</em></span> <span class='ocrx_word' id='word_1_10' title='bbox 1138 310 1250 370; x_wconf 70' lang='grc' dir='ltr'><em>αὐτῷ</em></span> <span class='ocrx_word' id='word_1_11' title='bbox 1267 306 1501 367; x_wconf 78' lang='grc' dir='ltr'><em>καταμόνας</em></span> <span class='ocrx_word' id='word_1_12' title='bbox 1520 312 1588 354; x_wconf 78' lang='grc' dir='ltr'><em>καὶ</em></span> <span class='ocrx_word' id='word_1_13' title='bbox 1607 311 1660 354; x_wconf 79' lang='grc' dir='ltr'>τὰ</span> 
     </span>
     <span class='ocr_line' id='line_1_3' title="bbox 188 379 1660 439; baseline 0 -16"><span class='ocrx_word' id='word_1_14' title='bbox 188 381 284 424; x_wconf 73' lang='grc' dir='ltr'><em>κατ’</em></span> <span class='ocrx_word' id='word_1_15' title='bbox 325 381 449 423; x_wconf 78' lang='grc' dir='ltr'><em>αὐτὸν</em></span> <span class='ocrx_word' id='word_1_16' title='bbox 485 380 676 434; x_wconf 72' lang='grc' dir='ltr'><em>ἐξετάζων</em></span> <span class='ocrx_word' id='word_1_17' title='bbox 686 413 701 433; x_wconf 84' lang='grc'>,</span> <span class='ocrx_word' id='word_1_18' title='bbox 735 381 893 437; x_wconf 67' lang='grc' dir='ltr'><em>ἐπείπερ</em></span> <span class='ocrx_word' id='word_1_19' title='bbox 923 379 1023 437; x_wconf 74' lang='grc' dir='ltr'><em>ἴγνω</em></span> <span class='ocrx_word' id='word_1_20' title='bbox 1055 381 1126 424; x_wconf 83' lang='grc' dir='ltr'><em>τὸν</em></span> <span class='ocrx_word' id='word_1_21' title='bbox 1151 380 1282 437; x_wconf 76' lang='grc' dir='ltr'><em>ἄνδρα</em></span> <span class='ocrx_word' id='word_1_22' title='bbox 1307 383 1349 423; x_wconf 76' lang='grc' dir='ltr'><em>ἓν</em></span> <span class='ocrx_word' id='word_1_23' title='bbox 1373 379 1493 438; x_wconf 81' lang='grc' dir='ltr'><em>φόβῳ</em></span> <span class='ocrx_word' id='word_1_24' title='bbox 1521 385 1660 439; x_wconf 77' lang='grc' dir='ltr'><em>πολλῷ</em></span> 
     </span>
     <span class='ocr_line' id='line_1_4' title="bbox 187 447 1656 507; baseline -0.001 -15"><span class='ocrx_word' id='word_1_25' title='bbox 187 453 431 492; x_wconf 71' lang='grc' dir='ltr'><em>καθεστῶτα</em></span> <span class='ocrx_word' id='word_1_26' title='bbox 465 449 636 507; x_wconf 78' lang='grc' dir='ltr'>(ἠπόρει</span> <span class='ocrx_word' id='word_1_27' title='bbox 666 449 744 507; x_wconf 81' lang='grc' dir='ltr'>γὰρ</span> <span class='ocrx_word' id='word_1_28' title='bbox 783 447 839 500; x_wconf 83' lang='grc' dir='ltr'><em>ὥς</em></span> <span class='ocrx_word' id='word_1_29' title='bbox 869 449 971 506; x_wconf 83' lang='grc' dir='ltr'><em>πρὸς</em></span> <span class='ocrx_word' id='word_1_30' title='bbox 998 449 1070 492; x_wconf 83' lang='grc' dir='ltr'><em>τὸν</em></span> <span class='ocrx_word' id='word_1_31' title='bbox 1098 448 1318 492; x_wconf 89' lang='grc' dir='ltr'><em>σουλτάνον</em></span> <span class='ocrx_word' id='word_1_32' title='bbox 1339 448 1562 504; x_wconf 78' lang='grc' dir='ltr'><em>ἀξιομάχου</em></span> <span class='ocrx_word' id='word_1_33' title='bbox 1582 451 1656 492; x_wconf 78' lang='grc' dir='ltr'><em>δὐ-</em></span> 
     </span>
     <span class='ocr_line' id='line_1_5' title="bbox 187 517 1655 575; baseline 0 -14"><span class='ocrx_word' id='word_1_34' title='bbox 187 517 375 574; x_wconf 85' lang='grc' dir='ltr'><em>νάμεως)</em></span> <span class='ocrx_word' id='word_1_35' title='bbox 405 520 534 574; x_wconf 73' lang='grc' dir='ltr'><em>ἠπίων</em></span> <span class='ocrx_word' id='word_1_36' title='bbox 566 518 712 574; x_wconf 79' lang='grc' dir='ltr'><em>ἥπτετο</em></span> <span class='ocrx_word' id='word_1_37' title='bbox 739 517 870 575; x_wconf 89' lang='grc' dir='ltr'><em>λόγων</em></span> <span class='ocrx_word' id='word_1_38' title='bbox 898 517 1002 575; x_wconf 84' lang='grc' dir='ltr'><em>πρὸς</em></span> <span class='ocrx_word' id='word_1_39' title='bbox 1035 517 1159 560; x_wconf 76' lang='grc' dir='ltr'><em>αὐτόν</em></span> <span class='ocrx_word' id='word_1_40' title='bbox 1168 551 1182 570; x_wconf 88' lang='grc'>,</span> <span class='ocrx_word' id='word_1_41' title='bbox 1213 521 1280 561; x_wconf 85' lang='grc' dir='ltr'><em>καὶ</em></span> <span class='ocrx_word' id='word_1_42' title='bbox 1312 519 1363 574; x_wconf 83' lang='grc' dir='ltr'>δὴ</span> <span class='ocrx_word' id='word_1_43' title='bbox 1391 517 1581 573; x_wconf 81' lang='grc' dir='ltr'><em>μαλάξας</em></span> <span class='ocrx_word' id='word_1_44' title='bbox 1607 518 1655 561; x_wconf 80' lang='grc' dir='ltr'>τὸ</span> 
     </span>
    </p>

    <p class='ocr_par' dir='ltr' id='par_1_3' title="bbox 151 586 1706 919">
     <span class='ocr_line' id='line_1_6' title="bbox 151 586 1658 645; baseline -0.001 -14"><span class='ocrx_word' id='word_1_45' title='bbox 151 586 332 632; x_wconf 74' lang='grc' dir='ltr'><em>ὄτούτου</em></span> <span class='ocrx_word' id='word_1_46' title='bbox 370 587 680 645; x_wconf 82' lang='grc' dir='ltr'><em>σκληρόγνωμον</em></span> <span class='ocrx_word' id='word_1_47' title='bbox 712 587 1041 645; x_wconf 87' lang='grc' dir='ltr'><em>δραστικωτέρων</em></span> <span class='ocrx_word' id='word_1_48' title='bbox 1078 588 1222 643; x_wconf 69' lang='grc' dir='ltr'><em>ἐχρῆτο</em></span> <span class='ocrx_word' id='word_1_49' title='bbox 1260 586 1390 643; x_wconf 91' lang='grc' dir='ltr'><em>λόγων</em></span> <span class='ocrx_word' id='word_1_50' title='bbox 1423 586 1658 645; x_wconf 81' lang='grc' dir='ltr'><em>φαρμάκοις</em></span> 
     </span>
     <span class='ocr_line' id='line_1_7' title="bbox 186 649 1658 714; baseline 0 -16"><span class='ocrx_word' id='word_1_51' title='bbox 186 656 290 714; x_wconf 75' lang='grc' dir='ltr'><em>πρὸς</em></span> <span class='ocrx_word' id='word_1_52' title='bbox 305 657 378 711; x_wconf 81' lang='grc' dir='ltr'><em>τὴν</em></span> <span class='ocrx_word' id='word_1_53' title='bbox 401 658 589 714; x_wconf 86' lang='grc' dir='ltr'><em>δευτέραν</em></span> <span class='ocrx_word' id='word_1_54' title='bbox 609 655 844 714; x_wconf 82' lang='grc' dir='ltr'><em>ἀπόπειραν.</em></span> <span class='ocrx_word' id='word_1_55' title='bbox 911 655 964 698; x_wconf 81' lang='grc' dir='ltr'>τὰ</span> <span class='ocrx_word' id='word_1_56' title='bbox 985 656 1028 698; x_wconf 80' lang='grc' dir='ltr'>δὲ</span> <span class='ocrx_word' id='word_1_57' title='bbox 1043 649 1094 711; x_wconf 76' lang='grc' dir='ltr'><em>ἦν</em></span> <span class='ocrx_word' id='word_1_58' title='bbox 1112 654 1168 706; x_wconf 79' lang='grc' dir='ltr'><em>ὥς</em></span> <span class='ocrx_word' id='word_1_59' title='bbox 1185 658 1342 713; x_wconf 73' lang='grc' dir='ltr'><em>ἐπείπερ</em></span> <span class='ocrx_word' id='word_1_60' title='bbox 1360 661 1433 711; x_wconf 82' lang='grc' dir='ltr'><em>τῆς</em></span> <span class='ocrx_word' id='word_1_61' title='bbox 1446 658 1658 710; x_wconf 76' lang='grc' dir='ltr'><em>βασιλείας</em></span> 
     </span>
     <span class='ocr_line' id='line_1_8' title="bbox 186 723 1706 784; baseline 0 -17"><span class='ocrx_word' id='word_1_62' title='bbox 186 726 262 784; x_wconf 70' lang='grc' dir='ltr'>ἐρᾷ</span> <span class='ocrx_word' id='word_1_63' title='bbox 278 728 454 782; x_wconf 83' lang='grc' dir='ltr'><em>Περσῶν</em></span> <span class='ocrx_word' id='word_1_64' title='bbox 475 728 541 768; x_wconf 87' lang='grc' dir='ltr'><em>καὶ</em></span> <span class='ocrx_word' id='word_1_65' title='bbox 558 725 660 782; x_wconf 86' lang='grc' dir='ltr'><em>πρὸς</em></span> <span class='ocrx_word' id='word_1_66' title='bbox 678 725 748 768; x_wconf 84' lang='grc' dir='ltr'><em>τὸν</em></span> <span class='ocrx_word' id='word_1_67' title='bbox 765 729 992 782; x_wconf 82' lang='grc' dir='ltr'><em>κρατοῦντα</em></span> <span class='ocrx_word' id='word_1_68' title='bbox 1019 723 1169 779; x_wconf 83' lang='grc' dir='ltr'><em>ταύτην</em></span> <span class='ocrx_word' id='word_1_69' title='bbox 1194 725 1390 767; x_wconf 77' lang='grc' dir='ltr'><em>ἀδυνατεῖ</em></span> <span class='ocrx_word' id='word_1_70' title='bbox 1408 723 1650 782; x_wconf 80' lang='grc' dir='ltr'><em>παρατάξα-</em></span> <span class='ocrx_word' id='word_1_71' title='bbox 1673 730 1706 766; x_wconf 81' lang='lat' dir='ltr'>G</span> 
     </span>
     <span class='ocr_line' id='line_1_9' title="bbox 185 791 1655 851; baseline 0 -15"><span class='ocrx_word' id='word_1_72' title='bbox 185 798 289 836; x_wconf 77' lang='grc' dir='ltr'><em>σθαι</em></span> <span class='ocrx_word' id='word_1_73' title='bbox 318 793 387 836; x_wconf 84' lang='grc' dir='ltr'>ἅτε</span> <span class='ocrx_word' id='word_1_74' title='bbox 420 796 620 847; x_wconf 83' lang='grc' dir='ltr'><em>σπανίζων</em></span> <span class='ocrx_word' id='word_1_75' title='bbox 653 793 862 850; x_wconf 78' lang='grc' dir='ltr'><em>ἀξιολόγου</em></span> <span class='ocrx_word' id='word_1_76' title='bbox 896 791 1105 848; x_wconf 88' lang='grc' dir='ltr'><em>δυνάμεως</em></span> <span class='ocrx_word' id='word_1_77' title='bbox 1113 825 1126 845; x_wconf 85' lang='grc'>,</span> <span class='ocrx_word' id='word_1_78' title='bbox 1163 794 1235 835; x_wconf 81' lang='grc' dir='ltr'>οὒκ</span> <span class='ocrx_word' id='word_1_79' title='bbox 1262 793 1312 836; x_wconf 76' lang='grc' dir='ltr'><em>ἄν</em></span> <span class='ocrx_word' id='word_1_80' title='bbox 1340 794 1434 836; x_wconf 69' lang='grc' dir='ltr'><em>ποτ’</em></span> <span class='ocrx_word' id='word_1_81' title='bbox 1461 794 1573 851; x_wconf 77' lang='grc' dir='ltr'><em>αὐτῷ</em></span> <span class='ocrx_word' id='word_1_82' title='bbox 1601 794 1655 837; x_wconf 76' lang='grc' dir='ltr'>τὰ</span> 
     </span>
     <span class='ocr_line' id='line_1_10' title="bbox 185 861 1655 919; baseline 0.001 -15"><span class='ocrx_word' id='word_1_83' title='bbox 185 863 290 905; x_wconf 82' lang='grc' dir='ltr'><em>κατὰ</em></span> <span class='ocrx_word' id='word_1_84' title='bbox 319 863 470 906; x_wconf 84' lang='grc' dir='ltr'><em>σκοπὸν</em></span> <span class='ocrx_word' id='word_1_85' title='bbox 501 864 706 918; x_wconf 82' lang='grc' dir='ltr'><em>ἆποβαίη,</em></span> <span class='ocrx_word' id='word_1_86' title='bbox 742 865 778 906; x_wconf 81' lang='grc' dir='ltr'>εἲ</span> <span class='ocrx_word' id='word_1_87' title='bbox 809 862 868 918; x_wconf 87' lang='grc' dir='ltr'>μὴ</span> <span class='ocrx_word' id='word_1_88' title='bbox 896 862 999 919; x_wconf 85' lang='grc' dir='ltr'><em>πρὸς</em></span> <span class='ocrx_word' id='word_1_89' title='bbox 1020 862 1090 905; x_wconf 85' lang='grc' dir='ltr'><em>τὸν</em></span> <span class='ocrx_word' id='word_1_90' title='bbox 1110 863 1283 916; x_wconf 84' lang='grc' dir='ltr'><em>βασιλέα</em></span> <span class='ocrx_word' id='word_1_91' title='bbox 1295 861 1507 916; x_wconf 87' lang='grc' dir='ltr'><em>Ῥωμαίων</em></span> <span class='ocrx_word' id='word_1_92' title='bbox 1530 863 1655 905; x_wconf 82' lang='grc' dir='ltr'><em>αὖτο-</em></span> 
     </span>
    </p>

    <p class='ocr_par' dir='ltr' id='par_1_4' title="bbox 129 930 1658 1263">
     <span class='ocr_line' id='line_1_11' title="bbox 129 930 1655 988; baseline -0.003 -11"><span class='ocrx_word' id='word_1_93' title='bbox 129 942 176 977; x_wconf 85' lang='grc'>10</span> <span class='ocrx_word' id='word_1_94' title='bbox 183 930 372 987; x_wconf 80' lang='grc' dir='ltr'><em>μολήσειε</em></span> <span class='ocrx_word' id='word_1_95' title='bbox 394 933 575 975; x_wconf 83' lang='grc' dir='ltr'><em>κάκεῖνον</em></span> <span class='ocrx_word' id='word_1_96' title='bbox 595 931 807 986; x_wconf 75' lang='grc' dir='ltr'><em>ξύμμαχον</em></span> <span class='ocrx_word' id='word_1_97' title='bbox 825 933 941 986; x_wconf 86' lang='grc' dir='ltr'><em>σχοίη</em></span> <span class='ocrx_word' id='word_1_98' title='bbox 960 933 1028 973; x_wconf 81' lang='grc' dir='ltr'><em>καὶ</em></span> <span class='ocrx_word' id='word_1_99' title='bbox 1048 931 1150 988; x_wconf 85' lang='grc' dir='ltr'><em>πρὸς</em></span> <span class='ocrx_word' id='word_1_100' title='bbox 1167 930 1212 973; x_wconf 83' lang='grc' dir='ltr'>τὸ</span> <span class='ocrx_word' id='word_1_101' title='bbox 1231 932 1490 984; x_wconf 85' lang='grc' dir='ltr'><em>προκείμενον</em></span> <span class='ocrx_word' id='word_1_102' title='bbox 1512 947 1655 988; x_wconf 85' lang='grc' dir='ltr'><em>συνερ-</em></span> 
     </span>
     <span class='ocr_line' id='line_1_12' title="bbox 180 997 1655 1058; baseline -0.001 -15"><span class='ocrx_word' id='word_1_103' title='bbox 180 999 266 1056; x_wconf 85' lang='grc' dir='ltr'><em>γόν.</em></span> <span class='ocrx_word' id='word_1_104' title='bbox 337 999 358 1043; x_wconf 82' lang='grc' dir='ltr'><strong>ὅ</strong></span> <span class='ocrx_word' id='word_1_105' title='bbox 393 1003 436 1043; x_wconf 78' lang='grc' dir='ltr'>δὲ</span> <span class='ocrx_word' id='word_1_106' title='bbox 468 999 684 1058; x_wconf 80' lang='grc' dir='ltr'><em>ξυμβούλῳ</em></span> <span class='ocrx_word' id='word_1_107' title='bbox 709 1018 751 1043; x_wconf 83' lang='grc' dir='ltr'>τε</span> <span class='ocrx_word' id='word_1_108' title='bbox 776 999 863 1054; x_wconf 82' lang='grc' dir='ltr'><em>ἅμα</em></span> <span class='ocrx_word' id='word_1_109' title='bbox 889 997 1020 1058; x_wconf 78' lang='grc' dir='ltr'><em>τούτῳ</em></span> <span class='ocrx_word' id='word_1_110' title='bbox 1044 1002 1110 1042; x_wconf 86' lang='grc' dir='ltr'><em>καὶ</em></span> <span class='ocrx_word' id='word_1_111' title='bbox 1139 998 1275 1057; x_wconf 77' lang='grc' dir='ltr'><em>ὁδηγῷ</em></span> <span class='ocrx_word' id='word_1_112' title='bbox 1294 997 1553 1056; x_wconf 82' lang='grc' dir='ltr'><em>χρησάμενος</em></span> <span class='ocrx_word' id='word_1_113' title='bbox 1574 998 1655 1053; x_wconf 73' lang='grc' dir='ltr'>ἅμ’</span> 
     </span>
     <span class='ocr_line' id='line_1_13' title="bbox 183 1066 1657 1127; baseline -0.001 -16"><span class='ocrx_word' id='word_1_114' title='bbox 183 1070 296 1127; x_wconf 75' lang='grc' dir='ltr'><em>αὐτῷ</em></span> <span class='ocrx_word' id='word_1_115' title='bbox 319 1071 473 1124; x_wconf 90' lang='grc' dir='ltr'><em>ταχέως</em></span> <span class='ocrx_word' id='word_1_116' title='bbox 494 1071 567 1125; x_wconf 83' lang='grc' dir='ltr'><em>τὴν</em></span> <span class='ocrx_word' id='word_1_117' title='bbox 589 1071 783 1123; x_wconf 81' lang='grc' dir='ltr'><em>βασιλίδα</em></span> <span class='ocrx_word' id='word_1_118' title='bbox 805 1070 1025 1122; x_wconf 81' lang='grc' dir='ltr'><em>κατέλαβε,</em></span> <span class='ocrx_word' id='word_1_119' title='bbox 1053 1070 1121 1111; x_wconf 86' lang='grc' dir='ltr'><em>καὶ</em></span> <span class='ocrx_word' id='word_1_120' title='bbox 1144 1067 1165 1111; x_wconf 84' lang='grc' dir='ltr'>ὁ</span> <span class='ocrx_word' id='word_1_121' title='bbox 1187 1075 1272 1119; x_wconf 81' lang='grc' dir='ltr'><em>τοῖς</em></span> <span class='ocrx_word' id='word_1_122' title='bbox 1291 1067 1431 1118; x_wconf 79' lang='grc' dir='ltr'><em>ὅπλοις</em></span> <span class='ocrx_word' id='word_1_123' title='bbox 1449 1066 1657 1124; x_wconf 75' lang='grc' dir='ltr'><em>κρατήσας</em></span> 
     </span>
     <span class='ocr_line' id='line_1_14' title="bbox 181 1136 1657 1195; baseline -0.001 -15"><span class='ocrx_word' id='word_1_124' title='bbox 181 1136 289 1180; x_wconf 69' lang='grc' dir='ltr'><em>ἑάλω</em></span> <span class='ocrx_word' id='word_1_125' title='bbox 311 1137 441 1195; x_wconf 88' lang='grc' dir='ltr'><em>λόγων</em></span> <span class='ocrx_word' id='word_1_126' title='bbox 464 1136 672 1193; x_wconf 75' lang='grc' dir='ltr'><em>δεινότητι.</em></span> <span class='ocrx_word' id='word_1_127' title='bbox 740 1142 861 1180; x_wconf 83' lang='grc' dir='ltr'><em>τοῦτο</em></span> <span class='ocrx_word' id='word_1_128' title='bbox 886 1137 931 1179; x_wconf 85' lang='grc' dir='ltr'>τὸ</span> <span class='ocrx_word' id='word_1_129' title='bbox 949 1137 1064 1194; x_wconf 69' lang='grc' dir='ltr'><em>ἔργον</em></span> <span class='ocrx_word' id='word_1_130' title='bbox 1082 1139 1139 1187; x_wconf 76' lang='grc' dir='ltr'><em>εἷς</em></span> <span class='ocrx_word' id='word_1_131' title='bbox 1160 1138 1265 1192; x_wconf 87' lang='grc' dir='ltr'><em>μέγα</em></span> <span class='ocrx_word' id='word_1_132' title='bbox 1285 1137 1399 1186; x_wconf 91' lang='grc' dir='ltr'><em>κλέος</em></span> <span class='ocrx_word' id='word_1_133' title='bbox 1419 1136 1490 1178; x_wconf 88' lang='grc' dir='ltr'><em>τὸν</em></span> <span class='ocrx_word' id='word_1_134' title='bbox 1508 1153 1657 1194; x_wconf 87' lang='grc' dir='ltr'><em>κουρο-</em></span> 
     </span>
     <span class='ocr_line' id='line_1_15' title="bbox 179 1201 1658 1263; baseline -0.001 -15"><span class='ocrx_word' id='word_1_135' title='bbox 179 1205 365 1262; x_wconf 85' lang='grc' dir='ltr'><em>παλάτην</em></span> <span class='ocrx_word' id='word_1_136' title='bbox 392 1205 608 1263; x_wconf 81' lang='grc' dir='ltr'><em>ἀνήγαγεν·</em></span> <span class='ocrx_word' id='word_1_137' title='bbox 637 1209 704 1249; x_wconf 83' lang='grc' dir='ltr'><em>καὶ</em></span> <span class='ocrx_word' id='word_1_138' title='bbox 724 1207 802 1263; x_wconf 81' lang='grc' dir='ltr'>γὰρ</span> <span class='ocrx_word' id='word_1_139' title='bbox 822 1201 873 1261; x_wconf 76' lang='grc' dir='ltr'><em>ἦν</em></span> <span class='ocrx_word' id='word_1_140' title='bbox 894 1205 1021 1256; x_wconf 75' lang='grc' dir='ltr'><em>ὅντως</em></span> <span class='ocrx_word' id='word_1_141' title='bbox 1044 1206 1327 1256; x_wconf 78' lang='grc' dir='ltr'><em>ἀξιεπαίνετον.</em></span> <span class='ocrx_word' id='word_1_142' title='bbox 1396 1203 1658 1262; x_wconf 79' lang='grc' dir='ltr'><em>φιλοφρόνως</em></span> 
     </span>
    </p>

    <p class='ocr_par' dir='ltr' id='par_1_5' title="bbox 125 1270 1656 1401">
     <span class='ocr_line' id='line_1_16' title="bbox 125 1270 1656 1334; baseline -0.002 -16"><span class='ocrx_word' id='word_1_143' title='bbox 125 1284 170 1320; x_wconf 85' lang='grc'>15</span> <span class='ocrx_word' id='word_1_144' title='bbox 180 1270 253 1317; x_wconf 72' lang='grc' dir='ltr'><em>οὖν</em></span> <span class='ocrx_word' id='word_1_145' title='bbox 287 1278 356 1317; x_wconf 86' lang='grc' dir='ltr'><em>καὶ</em></span> <span class='ocrx_word' id='word_1_146' title='bbox 388 1275 515 1334; x_wconf 76' lang='grc' dir='ltr'><em>ἄμφω</em></span> <span class='ocrx_word' id='word_1_147' title='bbox 545 1274 568 1318; x_wconf 84' lang='grc' dir='ltr'><strong><em>ὃ</em></strong></span> <span class='ocrx_word' id='word_1_148' title='bbox 599 1275 794 1330; x_wconf 79' lang='grc' dir='ltr'><em>βασιλεὺς</em></span> <span class='ocrx_word' id='word_1_149' title='bbox 809 1273 1029 1325; x_wconf 72' lang='grc' dir='ltr'><em>ὑπεδέξατο</em></span> <span class='ocrx_word' id='word_1_150' title='bbox 1051 1276 1120 1317; x_wconf 83' lang='grc' dir='ltr'><em>καὶ</em></span> <span class='ocrx_word' id='word_1_151' title='bbox 1141 1276 1313 1332; x_wconf 76' lang='grc' dir='ltr'><em>δωρεαῖς</em></span> <span class='ocrx_word' id='word_1_152' title='bbox 1332 1272 1528 1330; x_wconf 81' lang='grc' dir='ltr'><em>μεγάλαις</em></span> <span class='ocrx_word' id='word_1_153' title='bbox 1550 1274 1656 1317; x_wconf 80' lang='grc' dir='ltr'><em>τετί-</em></span> 
     </span>
     <span class='ocr_line' id='line_1_17' title="bbox 176 1362 317 1401; baseline 0.007 -15"><span class='ocrx_word' id='word_1_154' title='bbox 176 1362 317 1401; x_wconf 87' lang='grc' dir='ltr'><em>μηκεν.</em></span> 
     </span>
    </p>

    <p class='ocr_par' dir='ltr' id='par_1_6' title="bbox 177 1406 1707 1608">
     <span class='ocr_line' id='line_1_18' title="bbox 322 1406 1707 1468; baseline -0.001 -11"><span class='ocrx_word' id='word_1_155' title='bbox 322 1413 398 1458; x_wconf 79' lang='grc'>12.</span> <span class='ocrx_word' id='word_1_156' title='bbox 459 1406 589 1468; x_wconf 88' lang='grc' dir='ltr'><em>Ἦρος</em></span> <span class='ocrx_word' id='word_1_157' title='bbox 611 1412 654 1454; x_wconf 81' lang='grc' dir='ltr'>δὲ</span> <span class='ocrx_word' id='word_1_158' title='bbox 679 1410 904 1467; x_wconf 72' lang='grc' dir='ltr'><em>ἀρχομένου</em></span> <span class='ocrx_word' id='word_1_159' title='bbox 929 1410 1035 1453; x_wconf 77' lang='grc' dir='ltr'><em>κατὰ</em></span> <span class='ocrx_word' id='word_1_160' title='bbox 1059 1413 1140 1453; x_wconf 79' lang='grc' dir='ltr'><em>τῶν</em></span> <span class='ocrx_word' id='word_1_161' title='bbox 1168 1407 1366 1468; x_wconf 78' lang='grc' dir='ltr'><em>Τούρκων</em></span> <span class='ocrx_word' id='word_1_162' title='bbox 1388 1407 1651 1467; x_wconf 74' lang='grc' dir='ltr'><em>ἐστράτευσεν</em></span> <span class='ocrx_word' id='word_1_163' title='bbox 1672 1418 1707 1456; x_wconf 89' lang='lat' dir='ltr'>D</span> 
     </span>
     <span class='ocr_line' id='line_1_19' title="bbox 177 1477 1655 1538; baseline -0.003 -14"><span class='ocrx_word' id='word_1_164' title='bbox 177 1479 424 1538; x_wconf 71' lang='grc' dir='ltr'><em>ἐπαγόμενος</em></span> <span class='ocrx_word' id='word_1_165' title='bbox 447 1481 518 1531; x_wconf 73' lang='grc' dir='ltr'><em>’ξὺν</em></span> <span class='ocrx_word' id='word_1_166' title='bbox 541 1481 653 1538; x_wconf 75' lang='grc' dir='ltr'><em>αὐτῷ</em></span> <span class='ocrx_word' id='word_1_167' title='bbox 682 1480 753 1522; x_wconf 84' lang='grc' dir='ltr'><em>τὸν</em></span> <span class='ocrx_word' id='word_1_168' title='bbox 782 1477 1118 1536; x_wconf 85' lang='grc' dir='ltr'><em>Χρυσόσκουλον.</em></span> <span class='ocrx_word' id='word_1_169' title='bbox 1188 1480 1400 1536; x_wconf 73' lang='grc' dir='ltr'><em>γενομένου</em></span> <span class='ocrx_word' id='word_1_170' title='bbox 1434 1479 1479 1521; x_wconf 75' lang='grc' dir='ltr'>δὲ</span> <span class='ocrx_word' id='word_1_171' title='bbox 1507 1477 1655 1521; x_wconf 78' lang='grc' dir='ltr'><em>τούτου</em></span> 
     </span>
     <span class='ocr_line' id='line_1_20' title="bbox 177 1545 1657 1608; baseline -0.003 -14"><span class='ocrx_word' id='word_1_172' title='bbox 177 1551 284 1594; x_wconf 83' lang='grc' dir='ltr'><em>κατὰ</em></span> <span class='ocrx_word' id='word_1_173' title='bbox 305 1550 379 1606; x_wconf 85' lang='grc' dir='ltr'><em>τὴν</em></span> <span class='ocrx_word' id='word_1_174' title='bbox 398 1551 603 1592; x_wconf 77' lang='grc' dir='ltr'><em>Βιθυνίαν</em></span> <span class='ocrx_word' id='word_1_175' title='bbox 626 1547 647 1591; x_wconf 83' lang='grc' dir='ltr'><strong>ὅ</strong></span> <span class='ocrx_word' id='word_1_176' title='bbox 672 1546 982 1605; x_wconf 88' lang='grc' dir='ltr'><em>κουροπαλάτης</em></span> <span class='ocrx_word' id='word_1_177' title='bbox 1013 1547 1193 1608; x_wconf 70' lang='grc' dir='ltr'><em>ὠταλγία</em></span> <span class='ocrx_word' id='word_1_178' title='bbox 1225 1548 1440 1602; x_wconf 73' lang='grc' dir='ltr'><em>συσχεθεὶς</em></span> <span class='ocrx_word' id='word_1_179' title='bbox 1475 1545 1657 1590; x_wconf 78' lang='grc' dir='ltr'><em>τετελεύ-</em></span> 
     </span>
    </p>

    <p class='ocr_par' dir='ltr' id='par_1_7' title="bbox 119 1615 1655 1812">
     <span class='ocr_line' id='line_1_21' title="bbox 119 1615 1655 1675; baseline -0.003 -12"><span class='ocrx_word' id='word_1_180' title='bbox 119 1629 271 1675; x_wconf 77' lang='grc' dir='ltr'><em>2οτηκε</em></span> <span class='ocrx_word' id='word_1_181' title='bbox 284 1651 299 1672; x_wconf 90' lang='lat'><em>,</em></span> <span class='ocrx_word' id='word_1_182' title='bbox 332 1620 436 1675; x_wconf 88' lang='grc' dir='ltr'><em>μέγα</em></span> <span class='ocrx_word' id='word_1_183' title='bbox 465 1618 616 1668; x_wconf 72' lang='grc' dir='ltr'><em>πένθος</em></span> <span class='ocrx_word' id='word_1_184' title='bbox 642 1622 701 1675; x_wconf 82' lang='grc' dir='ltr'>τῷ</span> <span class='ocrx_word' id='word_1_185' title='bbox 727 1620 894 1671; x_wconf 81' lang='grc' dir='ltr'><em>βασιλεῖ</em></span> <span class='ocrx_word' id='word_1_186' title='bbox 907 1615 1167 1660; x_wconf 84' lang='grc' dir='ltr'><em>καταλιπών·</em></span> <span class='ocrx_word' id='word_1_187' title='bbox 1202 1615 1318 1671; x_wconf 86' lang='grc' dir='ltr'><em>μάλα</em></span> <span class='ocrx_word' id='word_1_188' title='bbox 1337 1615 1415 1672; x_wconf 80' lang='grc' dir='ltr'>γὰρ</span> <span class='ocrx_word' id='word_1_189' title='bbox 1437 1616 1565 1673; x_wconf 72' lang='grc' dir='ltr'><em>ἐφίλει</em></span> <span class='ocrx_word' id='word_1_190' title='bbox 1584 1616 1655 1659; x_wconf 87' lang='grc' dir='ltr'><em>τὸν</em></span> 
     </span>
     <span class='ocr_line' id='line_1_22' title="bbox 176 1684 1655 1746; baseline -0.001 -15"><span class='ocrx_word' id='word_1_191' title='bbox 176 1688 322 1746; x_wconf 72' lang='grc' dir='ltr'><em>ἄνδρα.</em></span> <span class='ocrx_word' id='word_1_192' title='bbox 390 1686 412 1729; x_wconf 83' lang='grc' dir='ltr'><em>ὃ</em></span> <span class='ocrx_word' id='word_1_193' title='bbox 444 1688 487 1730; x_wconf 80' lang='grc' dir='ltr'>δὲ</span> <span class='ocrx_word' id='word_1_194' title='bbox 510 1684 831 1744; x_wconf 87' lang='grc' dir='ltr'><em>Χρυσόσκουλος</em></span> <span class='ocrx_word' id='word_1_195' title='bbox 860 1690 1010 1744; x_wconf 79' lang='grc' dir='ltr'><em>μικροῦ</em></span> <span class='ocrx_word' id='word_1_196' title='bbox 1044 1687 1127 1728; x_wconf 81' lang='grc' dir='ltr'><em>δεῖν</em></span> <span class='ocrx_word' id='word_1_197' title='bbox 1155 1687 1222 1727; x_wconf 79' lang='grc' dir='ltr'><em>καὶ</em></span> <span class='ocrx_word' id='word_1_198' title='bbox 1243 1688 1506 1739; x_wconf 72' lang='grc' dir='ltr'><em>συναπῆλθεν</em></span> <span class='ocrx_word' id='word_1_199' title='bbox 1527 1684 1655 1743; x_wconf 76' lang='grc' dir='ltr'><em>αὐτῷ.</em></span> 
     </span>
     <span class='ocr_line' id='line_1_23' title="bbox 175 1752 1653 1812; baseline -0.003 -13"><span class='ocrx_word' id='word_1_200' title='bbox 175 1756 305 1808; x_wconf 72' lang='grc' dir='ltr'><em>οὕτως</em></span> <span class='ocrx_word' id='word_1_201' title='bbox 320 1754 399 1798; x_wconf 77' lang='grc' dir='ltr'>ὕπὸ</span> <span class='ocrx_word' id='word_1_202' title='bbox 416 1759 491 1798; x_wconf 81' lang='grc' dir='ltr'>τοῦ</span> <span class='ocrx_word' id='word_1_203' title='bbox 507 1754 671 1806; x_wconf 71' lang='grc' dir='ltr'><em>πάθους</em></span> <span class='ocrx_word' id='word_1_204' title='bbox 687 1756 881 1810; x_wconf 78' lang='grc' dir='ltr'><em>νενίκητο,</em></span> <span class='ocrx_word' id='word_1_205' title='bbox 900 1753 957 1806; x_wconf 80' lang='grc' dir='ltr'><em>ὡς</em></span> <span class='ocrx_word' id='word_1_206' title='bbox 971 1754 1175 1812; x_wconf 71' lang='grc' dir='ltr'><em>προέσθαι</em></span> <span class='ocrx_word' id='word_1_207' title='bbox 1192 1752 1423 1809; x_wconf 74' lang='grc' dir='ltr'><em>βούλεσθαι</em></span> <span class='ocrx_word' id='word_1_208' title='bbox 1440 1755 1508 1796; x_wconf 83' lang='grc' dir='ltr'><em>καὶ</em></span> <span class='ocrx_word' id='word_1_209' title='bbox 1524 1753 1653 1809; x_wconf 78' lang='grc' dir='ltr'><em>αὐτὴν</em></span> 
     </span>
    </p>
   </div>
   <div class='ocr_carea' id='block_1_3' title="bbox 266 1890 1423 1942">
    <p class='ocr_par' dir='ltr' id='par_1_8' title="bbox 266 1890 1423 1942">
     <span class='ocr_line' id='line_1_24' title="bbox 266 1890 1423 1942; baseline -0.005 -9"><span class='ocrx_word' id='word_1_210' title='bbox 266 1898 327 1935; x_wconf 77' lang='lat'>22.</span> <span class='ocrx_word' id='word_1_211' title='bbox 350 1892 495 1942; x_wconf 75' lang='grc' dir='ltr'><em>οὕτως]</em></span> <span class='ocrx_word' id='word_1_212' title='bbox 520 1895 620 1931; x_wconf 82' lang='lat' dir='ltr'>Fort.</span> <span class='ocrx_word' id='word_1_213' title='bbox 642 1894 723 1931; x_wconf 84' lang='lat' dir='ltr'>add.</span> <span class='ocrx_word' id='word_1_214' title='bbox 746 1894 852 1941; x_wconf 77' lang='grc' dir='ltr'><em>γοῦν.</em></span> <span class='ocrx_word' id='word_1_215' title='bbox 989 1893 1077 1930; x_wconf 71' lang='lat' dir='ltr'>ibid.</span> <span class='ocrx_word' id='word_1_216' title='bbox 1101 1890 1249 1940; x_wconf 72' lang='grc' dir='ltr'><em>αὐτὴν]</em></span> <span class='ocrx_word' id='word_1_217' title='bbox 1274 1890 1423 1935; x_wconf 70' lang='grc' dir='ltr'><em>αὐτός’.)</em></span> 
     </span>
    </p>
   </div>
   <div class='ocr_carea' id='block_1_4' title="bbox 171 2016 1656 2895">
    <p class='ocr_par' dir='ltr' id='par_1_9' title="bbox 171 2016 1656 2664">
     <span class='ocr_line' id='line_1_25' title="bbox 174 2016 1652 2066; baseline -0.003 -9"><span class='ocrx_word' id='word_1_218' title='bbox 174 2022 305 2064; x_wconf 76' lang='lat' dir='ltr'>crevit3</span> <span class='ocrx_word' id='word_1_219' title='bbox 333 2020 527 2066; x_wconf 80' lang='lat' dir='ltr'>secretique</span> <span class='ocrx_word' id='word_1_220' title='bbox 550 2019 806 2066; x_wconf 76' lang='lat' dir='ltr'><strong>opportunitate</strong></span> <span class='ocrx_word' id='word_1_221' title='bbox 829 2018 1010 2066; x_wconf 80' lang='lat' dir='ltr'><strong>colloquii,</strong></span> <span class='ocrx_word' id='word_1_222' title='bbox 1040 2019 1252 2065; x_wconf 79' lang='lat' dir='ltr'><strong>introspecta</strong></span> <span class='ocrx_word' id='word_1_223' title='bbox 1267 2018 1340 2053; x_wconf 89' lang='lat' dir='ltr'>eius</span> <span class='ocrx_word' id='word_1_224' title='bbox 1354 2019 1492 2061; x_wconf 88' lang='lat' dir='ltr'>mente,</span> <span class='ocrx_word' id='word_1_225' title='bbox 1523 2016 1583 2052; x_wconf 83' lang='lat' dir='ltr'>ubi</span> <span class='ocrx_word' id='word_1_226' title='bbox 1605 2018 1652 2053; x_wconf 76' lang='lat' dir='ltr'>fi-</span> 
     </span>
     <span class='ocr_line' id='line_1_26' title="bbox 174 2065 1651 2112; baseline -0.003 -9"><span class='ocrx_word' id='word_1_227' title='bbox 174 2081 268 2103; x_wconf 90' lang='lat' dir='ltr'>more</span> <span class='ocrx_word' id='word_1_228' title='bbox 282 2069 372 2102; x_wconf 87' lang='lat' dir='ltr'>illum</span> <span class='ocrx_word' id='word_1_229' title='bbox 390 2068 504 2112; x_wconf 85' lang='lat' dir='ltr'>urgeri</span> <span class='ocrx_word' id='word_1_230' title='bbox 518 2078 638 2111; x_wconf 82' lang='lat' dir='ltr'>magno</span> <span class='ocrx_word' id='word_1_231' title='bbox 655 2066 881 2111; x_wconf 80' lang='lat' dir='ltr'>deprehendit</span> <span class='ocrx_word' id='word_1_232' title='bbox 893 2093 904 2110; x_wconf 83' lang='lat'><strong>,</strong></span> <span class='ocrx_word' id='word_1_233' title='bbox 935 2066 1025 2111; x_wconf 93' lang='lat' dir='ltr'>quod</span> <span class='ocrx_word' id='word_1_234' title='bbox 1051 2077 1090 2100; x_wconf 89' lang='lat' dir='ltr'>se</span> <span class='ocrx_word' id='word_1_235' title='bbox 1116 2065 1219 2111; x_wconf 86' lang='lat' dir='ltr'>copiis</span> <span class='ocrx_word' id='word_1_236' title='bbox 1236 2065 1368 2099; x_wconf 85' lang='lat' dir='ltr'>Sultani</span> <span class='ocrx_word' id='word_1_237' title='bbox 1382 2075 1461 2098; x_wconf 87' lang='lat' dir='ltr'>mox</span> <span class='ocrx_word' id='word_1_238' title='bbox 1475 2068 1597 2098; x_wconf 81' lang='lat' dir='ltr'>contra</span> <span class='ocrx_word' id='word_1_239' title='bbox 1611 2075 1651 2099; x_wconf 90' lang='lat' dir='ltr'>se</span> 
     </span>
     <span class='ocr_line' id='line_1_27' title="bbox 174 2110 1651 2159; baseline -0.005 -9"><span class='ocrx_word' id='word_1_240' title='bbox 174 2115 299 2150; x_wconf 88' lang='lat' dir='ltr'>moturi</span> <span class='ocrx_word' id='word_1_241' title='bbox 314 2114 455 2148; x_wconf 85' lang='lat' dir='ltr'>sentiret</span> <span class='ocrx_word' id='word_1_242' title='bbox 469 2114 629 2159; x_wconf 87' lang='lat' dir='ltr'>imparem</span> <span class='ocrx_word' id='word_1_243' title='bbox 641 2138 651 2154; x_wconf 89' lang='lat'>,</span> <span class='ocrx_word' id='word_1_244' title='bbox 682 2112 815 2146; x_wconf 78' lang='lat' dir='ltr'><strong>blandis</strong></span> <span class='ocrx_word' id='word_1_245' title='bbox 831 2124 906 2146; x_wconf 89' lang='lat' dir='ltr'>eum</span> <span class='ocrx_word' id='word_1_246' title='bbox 921 2112 1114 2146; x_wconf 86' lang='lat' dir='ltr'>demulcere</span> <span class='ocrx_word' id='word_1_247' title='bbox 1129 2111 1246 2146; x_wconf 86' lang='lat' dir='ltr'>verbis</span> <span class='ocrx_word' id='word_1_248' title='bbox 1269 2120 1453 2155; x_wconf 76' lang='lat' dir='ltr'>aggressus</span> <span class='ocrx_word' id='word_1_249' title='bbox 1473 2115 1549 2144; x_wconf 82' lang='lat' dir='ltr'>est:</span> <span class='ocrx_word' id='word_1_250' title='bbox 1580 2110 1651 2144; x_wconf 86' lang='lat' dir='ltr'>sic-</span> 
     </span>
     <span class='ocr_line' id='line_1_28' title="bbox 173 2156 1651 2207; baseline -0.004 -12"><span class='ocrx_word' id='word_1_251' title='bbox 173 2173 242 2207; x_wconf 92' lang='lat' dir='ltr'>que</span> <span class='ocrx_word' id='word_1_252' title='bbox 257 2161 385 2195; x_wconf 87' lang='lat' dir='ltr'>mollita</span> <span class='ocrx_word' id='word_1_253' title='bbox 401 2160 507 2205; x_wconf 88' lang='lat' dir='ltr'>primo</span> <span class='ocrx_word' id='word_1_254' title='bbox 523 2159 580 2193; x_wconf 88' lang='lat' dir='ltr'>illo</span> <span class='ocrx_word' id='word_1_255' title='bbox 600 2158 815 2192; x_wconf 87' lang='lat' dir='ltr'>delinimento</span> <span class='ocrx_word' id='word_1_256' title='bbox 843 2157 968 2192; x_wconf 75' lang='lat' dir='ltr'>duritie</span> <span class='ocrx_word' id='word_1_257' title='bbox 982 2157 1121 2192; x_wconf 79' lang='lat' dir='ltr'>barbari</span> <span class='ocrx_word' id='word_1_258' title='bbox 1131 2183 1142 2199; x_wconf 85' lang='lat'>‚</span> <span class='ocrx_word' id='word_1_259' title='bbox 1171 2156 1374 2192; x_wconf 76' lang='lat' dir='ltr'>efficacioris</span> <span class='ocrx_word' id='word_1_260' title='bbox 1387 2156 1484 2190; x_wconf 79' lang='lat' dir='ltr'>velut</span> <span class='ocrx_word' id='word_1_261' title='bbox 1499 2156 1651 2190; x_wconf 87' lang='lat' dir='ltr'>medica-</span> 
     </span>
     <span class='ocr_line' id='line_1_29' title="bbox 173 2202 1650 2252; baseline -0.004 -11"><span class='ocrx_word' id='word_1_262' title='bbox 173 2207 272 2242; x_wconf 85' lang='lat' dir='ltr'>minis</span> <span class='ocrx_word' id='word_1_263' title='bbox 294 2207 508 2252; x_wconf 84' lang='lat' dir='ltr'>profuturam</span> <span class='ocrx_word' id='word_1_264' title='bbox 528 2205 578 2238; x_wconf 87' lang='lat' dir='ltr'>sie</span> <span class='ocrx_word' id='word_1_265' title='bbox 604 2209 724 2250; x_wconf 82' lang='lat' dir='ltr'>parato</span> <span class='ocrx_word' id='word_1_266' title='bbox 746 2204 927 2238; x_wconf 82' lang='lat' dir='ltr'>secundam</span> <span class='ocrx_word' id='word_1_267' title='bbox 943 2204 1030 2238; x_wconf 86' lang='lat' dir='ltr'>hanc</span> <span class='ocrx_word' id='word_1_268' title='bbox 1045 2203 1223 2248; x_wconf 85' lang='lat' dir='ltr'>quamdam</span> <span class='ocrx_word' id='word_1_269' title='bbox 1239 2202 1514 2247; x_wconf 75' lang='lat' dir='ltr'><strong>compositionem</strong></span> <span class='ocrx_word' id='word_1_270' title='bbox 1530 2203 1650 2236; x_wconf 85' lang='lat' dir='ltr'>admo-</span> 
     </span>
     <span class='ocr_line' id='line_1_30' title="bbox 173 2248 1649 2296; baseline -0.004 -9"><span class='ocrx_word' id='word_1_271' title='bbox 173 2258 256 2294; x_wconf 83' lang='lat' dir='ltr'>vet,</span> <span class='ocrx_word' id='word_1_272' title='bbox 287 2253 336 2286; x_wconf 86' lang='lat' dir='ltr'>ait</span> <span class='ocrx_word' id='word_1_273' title='bbox 353 2253 400 2286; x_wconf 87' lang='lat' dir='ltr'>illi</span> <span class='ocrx_word' id='word_1_274' title='bbox 416 2278 427 2294; x_wconf 89' lang='lat'>‚</span> <span class='ocrx_word' id='word_1_275' title='bbox 461 2250 730 2296; x_wconf 86' lang='lat' dir='ltr'>quandoquidem</span> <span class='ocrx_word' id='word_1_276' title='bbox 756 2249 931 2295; x_wconf 87' lang='lat' dir='ltr'>imperium</span> <span class='ocrx_word' id='word_1_277' title='bbox 946 2250 1126 2284; x_wconf 79' lang='lat' dir='ltr'>Persarum</span> <span class='ocrx_word' id='word_1_278' title='bbox 1141 2249 1310 2284; x_wconf 79' lang='lat' dir='ltr'>affectans</span> <span class='ocrx_word' id='word_1_279' title='bbox 1322 2274 1330 2290; x_wconf 91' lang='lat'>‚</span> <span class='ocrx_word' id='word_1_280' title='bbox 1362 2248 1503 2282; x_wconf 86' lang='lat' dir='ltr'>idoneas</span> <span class='ocrx_word' id='word_1_281' title='bbox 1519 2248 1563 2282; x_wconf 85' lang='lat' dir='ltr'>ad</span> <span class='ocrx_word' id='word_1_282' title='bbox 1576 2248 1649 2282; x_wconf 87' lang='lat' dir='ltr'>eius</span> 
     </span>
     <span class='ocr_line' id='line_1_31' title="bbox 171 2294 1648 2341; baseline -0.005 -7"><span class='ocrx_word' id='word_1_283' title='bbox 171 2299 374 2334; x_wconf 85' lang='lat' dir='ltr'>insessorem</span> <span class='ocrx_word' id='word_1_284' title='bbox 392 2297 627 2332; x_wconf 83' lang='lat' dir='ltr'>debellandum</span> <span class='ocrx_word' id='word_1_285' title='bbox 644 2307 710 2330; x_wconf 90' lang='lat' dir='ltr'>non</span> <span class='ocrx_word' id='word_1_286' title='bbox 726 2296 869 2330; x_wconf 86' lang='lat' dir='ltr'>haberet</span> <span class='ocrx_word' id='word_1_287' title='bbox 883 2295 1019 2341; x_wconf 85' lang='lat' dir='ltr'>copias,</span> <span class='ocrx_word' id='word_1_288' title='bbox 1049 2306 1219 2341; x_wconf 80' lang='lat' dir='ltr'>nunquam</span> <span class='ocrx_word' id='word_1_289' title='bbox 1237 2294 1311 2328; x_wconf 85' lang='lat' dir='ltr'>voti</span> <span class='ocrx_word' id='word_1_290' title='bbox 1337 2298 1527 2337; x_wconf 88' lang='lat' dir='ltr'>compotem</span> <span class='ocrx_word' id='word_1_291' title='bbox 1551 2294 1648 2328; x_wconf 83' lang='lat' dir='ltr'>futu-</span> 
     </span>
     <span class='ocr_line' id='line_1_32' title="bbox 172 2339 1647 2387; baseline -0.005 -7"><span class='ocrx_word' id='word_1_292' title='bbox 172 2357 271 2387; x_wconf 84' lang='lat' dir='ltr'>rum,</span> <span class='ocrx_word' id='word_1_293' title='bbox 299 2345 365 2378; x_wconf 89' lang='lat' dir='ltr'>nisi</span> <span class='ocrx_word' id='word_1_294' title='bbox 389 2344 432 2378; x_wconf 87' lang='lat' dir='ltr'>ad</span> <span class='ocrx_word' id='word_1_295' title='bbox 457 2344 643 2377; x_wconf 86' lang='lat' dir='ltr'>Romanum</span> <span class='ocrx_word' id='word_1_296' title='bbox 666 2342 905 2387; x_wconf 77' lang='lat' dir='ltr'>imperatorem</span> <span class='ocrx_word' id='word_1_297' title='bbox 921 2341 1172 2386; x_wconf 78' lang='lat' dir='ltr'>transfugiens,</span> <span class='ocrx_word' id='word_1_298' title='bbox 1202 2351 1276 2375; x_wconf 89' lang='lat' dir='ltr'>eum</span> <span class='ocrx_word' id='word_1_299' title='bbox 1293 2339 1357 2373; x_wconf 84' lang='lat' dir='ltr'>sibi</span> <span class='ocrx_word' id='word_1_300' title='bbox 1372 2339 1573 2383; x_wconf 80' lang='lat' dir='ltr'>adiungeret</span> <span class='ocrx_word' id='word_1_301' title='bbox 1588 2352 1647 2373; x_wconf 88' lang='lat' dir='ltr'>so-</span> 
     </span>
     <span class='ocr_line' id='line_1_33' title="bbox 173 2385 1647 2430; baseline -0.004 -4"><span class='ocrx_word' id='word_1_302' title='bbox 173 2391 260 2426; x_wconf 79' lang='lat' dir='ltr'>cium</span> <span class='ocrx_word' id='word_1_303' title='bbox 291 2390 336 2424; x_wconf 84' lang='lat' dir='ltr'>ad</span> <span class='ocrx_word' id='word_1_304' title='bbox 363 2389 485 2424; x_wconf 87' lang='lat' dir='ltr'>bellum</span> <span class='ocrx_word' id='word_1_305' title='bbox 514 2388 697 2423; x_wconf 89' lang='lat' dir='ltr'>Persicum.</span> <span class='ocrx_word' id='word_1_306' title='bbox 742 2387 795 2422; x_wconf 86' lang='lat' dir='ltr'>his</span> <span class='ocrx_word' id='word_1_307' title='bbox 820 2387 879 2422; x_wconf 89' lang='lat' dir='ltr'>ille</span> <span class='ocrx_word' id='word_1_308' title='bbox 902 2387 1046 2430; x_wconf 84' lang='lat' dir='ltr'>auditis,</span> <span class='ocrx_word' id='word_1_309' title='bbox 1077 2387 1168 2422; x_wconf 75' lang='lat' dir='ltr'>utilis</span> <span class='ocrx_word' id='word_1_310' title='bbox 1192 2385 1321 2421; x_wconf 82' lang='lat' dir='ltr'>consilii</span> <span class='ocrx_word' id='word_1_311' title='bbox 1343 2390 1538 2427; x_wconf 80' lang='lat' dir='ltr'>auctorem,</span> <span class='ocrx_word' id='word_1_312' title='bbox 1568 2385 1647 2420; x_wconf 82' lang='lat' dir='ltr'>viae</span> 
     </span>
     <span class='ocr_line' id='line_1_34' title="bbox 173 2431 1645 2482; baseline -0.005 -11"><span class='ocrx_word' id='word_1_313' title='bbox 173 2448 312 2482; x_wconf 88' lang='lat' dir='ltr'>quoque</span> <span class='ocrx_word' id='word_1_314' title='bbox 334 2436 455 2470; x_wconf 87' lang='lat' dir='ltr'>ducem</span> <span class='ocrx_word' id='word_1_315' title='bbox 478 2434 541 2469; x_wconf 88' lang='lat' dir='ltr'>sibi</span> <span class='ocrx_word' id='word_1_316' title='bbox 569 2446 645 2468; x_wconf 85' lang='lat' dir='ltr'>esse</span> <span class='ocrx_word' id='word_1_317' title='bbox 660 2433 788 2476; x_wconf 86' lang='lat' dir='ltr'>voluit,</span> <span class='ocrx_word' id='word_1_318' title='bbox 818 2433 932 2467; x_wconf 81' lang='lat' dir='ltr'>statim</span> <span class='ocrx_word' id='word_1_319' title='bbox 949 2445 1022 2468; x_wconf 89' lang='lat' dir='ltr'>cum</span> <span class='ocrx_word' id='word_1_320' title='bbox 1037 2432 1094 2467; x_wconf 86' lang='lat' dir='ltr'>illo</span> <span class='ocrx_word' id='word_1_321' title='bbox 1110 2431 1437 2475; x_wconf 80' lang='lat' dir='ltr'>Constantinopolim</span> <span class='ocrx_word' id='word_1_322' title='bbox 1452 2431 1645 2476; x_wconf 87' lang='lat' dir='ltr'>profectus.</span> 
     </span>
     <span class='ocr_line' id='line_1_35' title="bbox 173 2479 1645 2527; baseline -0.003 -11"><span class='ocrx_word' id='word_1_323' title='bbox 173 2482 224 2517; x_wconf 81' lang='lat' dir='ltr'>sie</span> <span class='ocrx_word' id='word_1_324' title='bbox 238 2481 295 2527; x_wconf 83' lang='lat' dir='ltr'>qui</span> <span class='ocrx_word' id='word_1_325' title='bbox 311 2482 412 2516; x_wconf 82' lang='lat' dir='ltr'>armis</span> <span class='ocrx_word' id='word_1_326' title='bbox 427 2481 558 2515; x_wconf 80' lang='lat' dir='ltr'>vicerat</span> <span class='ocrx_word' id='word_1_327' title='bbox 568 2506 579 2522; x_wconf 88' lang='lat'>,</span> <span class='ocrx_word' id='word_1_328' title='bbox 610 2484 686 2514; x_wconf 85' lang='lat' dir='ltr'>arte</span> <span class='ocrx_word' id='word_1_329' title='bbox 707 2479 890 2513; x_wconf 83' lang='lat' dir='ltr'>verborum</span> <span class='ocrx_word' id='word_1_330' title='bbox 907 2480 1019 2514; x_wconf 78' lang='lat' dir='ltr'>victus</span> <span class='ocrx_word' id='word_1_331' title='bbox 1033 2479 1178 2514; x_wconf 82' lang='lat' dir='ltr'>vicissim</span> <span class='ocrx_word' id='word_1_332' title='bbox 1195 2483 1230 2512; x_wconf 86' lang='lat' dir='ltr'>et</span> <span class='ocrx_word' id='word_1_333' title='bbox 1244 2482 1363 2521; x_wconf 79' lang='lat' dir='ltr'>captus</span> <span class='ocrx_word' id='word_1_334' title='bbox 1379 2480 1444 2510; x_wconf 79' lang='lat' dir='ltr'>est.</span> <span class='ocrx_word' id='word_1_335' title='bbox 1492 2487 1645 2520; x_wconf 85' lang='lat' dir='ltr'>magnam</span> 
     </span>
     <span class='ocr_line' id='line_1_36' title="bbox 172 2521 1645 2572; baseline -0.003 -10"><span class='ocrx_word' id='word_1_336' title='bbox 172 2539 214 2562; x_wconf 87' lang='lat' dir='ltr'>eo</span> <span class='ocrx_word' id='word_1_337' title='bbox 228 2529 321 2562; x_wconf 79' lang='lat' dir='ltr'>facto</span> <span class='ocrx_word' id='word_1_338' title='bbox 335 2527 476 2572; x_wconf 83' lang='lat' dir='ltr'>gloriam</span> <span class='ocrx_word' id='word_1_339' title='bbox 491 2538 552 2560; x_wconf 91' lang='lat' dir='ltr'>suo</span> <span class='ocrx_word' id='word_1_340' title='bbox 569 2525 704 2572; x_wconf 85' lang='lat' dir='ltr'>peperit</span> <span class='ocrx_word' id='word_1_341' title='bbox 718 2525 843 2559; x_wconf 87' lang='lat' dir='ltr'>nomini</span> <span class='ocrx_word' id='word_1_342' title='bbox 857 2525 1092 2571; x_wconf 79' lang='lat' dir='ltr'>curopalates:</span> <span class='ocrx_word' id='word_1_343' title='bbox 1124 2529 1162 2558; x_wconf 81' lang='lat' dir='ltr'>et</span> <span class='ocrx_word' id='word_1_344' title='bbox 1185 2527 1260 2558; x_wconf 86' lang='lat' dir='ltr'>erat</span> <span class='ocrx_word' id='word_1_345' title='bbox 1277 2534 1360 2556; x_wconf 87' lang='lat' dir='ltr'>sane</span> <span class='ocrx_word' id='word_1_346' title='bbox 1379 2521 1478 2556; x_wconf 79' lang='lat' dir='ltr'>laude</span> <span class='ocrx_word' id='word_1_347' title='bbox 1507 2522 1645 2566; x_wconf 86' lang='lat' dir='ltr'>dignum</span> 
     </span>
     <span class='ocr_line' id='line_1_37' title="bbox 171 2568 1656 2618; baseline -0.004 -11"><span class='ocrx_word' id='word_1_348' title='bbox 171 2573 295 2618; x_wconf 81' lang='lat' dir='ltr'>insigni</span> <span class='ocrx_word' id='word_1_349' title='bbox 309 2574 450 2608; x_wconf 86' lang='lat' dir='ltr'>facinus.</span> <span class='ocrx_word' id='word_1_350' title='bbox 490 2578 669 2617; x_wconf 86' lang='lat' dir='ltr'>utrumque</span> <span class='ocrx_word' id='word_1_351' title='bbox 683 2582 786 2617; x_wconf 86' lang='lat' dir='ltr'>porro</span> <span class='ocrx_word' id='word_1_352' title='bbox 799 2571 986 2617; x_wconf 80' lang='lat' dir='ltr'>imperator</span> <span class='ocrx_word' id='word_1_353' title='bbox 1001 2568 1318 2606; x_wconf 79' lang='lat' dir='ltr'>benevolentissime</span> <span class='ocrx_word' id='word_1_354' title='bbox 1331 2572 1511 2614; x_wconf 79' lang='lat' dir='ltr'>exceptum</span> <span class='ocrx_word' id='word_1_355' title='bbox 1525 2574 1656 2603; x_wconf 68' lang='lat' dir='ltr'>mune-‘</span> 
     </span>
     <span class='ocr_line' id='line_1_38' title="bbox 171 2618 1641 2664; baseline -0.001 -12"><span class='ocrx_word' id='word_1_356' title='bbox 171 2619 266 2653; x_wconf 82' lang='lat' dir='ltr'>ribus</span> <span class='ocrx_word' id='word_1_357' title='bbox 279 2620 406 2664; x_wconf 80' lang='lat' dir='ltr'>magnis</span> <span class='ocrx_word' id='word_1_358' title='bbox 421 2618 613 2653; x_wconf 84' lang='lat' dir='ltr'>honoravit.</span> <span class='ocrx_word' id='word_1_359' title='bbox 1638 2638 1641 2641; x_wconf 93' lang='lat'>-</span> 
     </span>
    </p>

    <p class='ocr_par' dir='ltr' id='par_1_10' title="bbox 171 2659 1642 2895">
     <span class='ocr_line' id='line_1_39' title="bbox 265 2659 1640 2709; baseline -0.004 -10"><span class='ocrx_word' id='word_1_360' title='bbox 265 2666 319 2699; x_wconf 73' lang='lat'>12.</span> <span class='ocrx_word' id='word_1_361' title='bbox 363 2665 446 2699; x_wconf 86' lang='lat' dir='ltr'>Inde</span> <span class='ocrx_word' id='word_1_362' title='bbox 467 2665 531 2699; x_wconf 90' lang='lat' dir='ltr'>sub</span> <span class='ocrx_word' id='word_1_363' title='bbox 555 2663 647 2699; x_wconf 88' lang='lat' dir='ltr'>veris</span> <span class='ocrx_word' id='word_1_364' title='bbox 671 2662 802 2698; x_wconf 81' lang='lat' dir='ltr'>initium</span> <span class='ocrx_word' id='word_1_365' title='bbox 819 2661 1081 2709; x_wconf 69' lang='lat' dir='ltr'>,expeditionem</span> <span class='ocrx_word' id='word_1_366' title='bbox 1102 2660 1137 2696; x_wconf 85' lang='lat' dir='ltr'>in</span> <span class='ocrx_word' id='word_1_367' title='bbox 1158 2660 1295 2696; x_wconf 79' lang='lat' dir='ltr'>&#39;rurcos</span> <span class='ocrx_word' id='word_1_368' title='bbox 1313 2659 1482 2706; x_wconf 84' lang='lat' dir='ltr'>suscepit,</span> <span class='ocrx_word' id='word_1_369' title='bbox 1513 2659 1640 2695; x_wconf 81' lang='lat' dir='ltr'>ducens</span> 
     </span>
     <span class='ocr_line' id='line_1_40' title="bbox 172 2706 1640 2755; baseline -0.003 -11"><span class='ocrx_word' id='word_1_370' title='bbox 172 2721 249 2744; x_wconf 79' lang='lat' dir='ltr'>eum</span> <span class='ocrx_word' id='word_1_371' title='bbox 271 2709 346 2755; x_wconf 85' lang='lat' dir='ltr'>ipso</span> <span class='ocrx_word' id='word_1_372' title='bbox 367 2710 641 2755; x_wconf 81' lang='lat' dir='ltr'>Chrysosculum.</span> <span class='ocrx_word' id='word_1_373' title='bbox 687 2721 762 2744; x_wconf 89' lang='lat' dir='ltr'>cum</span> <span class='ocrx_word' id='word_1_374' title='bbox 787 2720 872 2743; x_wconf 85' lang='lat' dir='ltr'>vero</span> <span class='ocrx_word' id='word_1_375' title='bbox 895 2708 1107 2755; x_wconf 80' lang='lat' dir='ltr'>pervenisset</span> <span class='ocrx_word' id='word_1_376' title='bbox 1127 2707 1163 2741; x_wconf 90' lang='lat' dir='ltr'>in</span> <span class='ocrx_word' id='word_1_377' title='bbox 1184 2706 1379 2752; x_wconf 82' lang='lat' dir='ltr'>Bithyniam</span> <span class='ocrx_word' id='word_1_378' title='bbox 1410 2706 1640 2751; x_wconf 79' lang='lat' dir='ltr'>curopalates,</span> 
     </span>
     <span class='ocr_line' id='line_1_41' title="bbox 172 2751 1640 2803; baseline -0.002 -15"><span class='ocrx_word' id='word_1_379' title='bbox 172 2755 290 2789; x_wconf 84' lang='lat' dir='ltr'>dolore</span> <span class='ocrx_word' id='word_1_380' title='bbox 321 2756 452 2790; x_wconf 83' lang='lat' dir='ltr'>aurium</span> <span class='ocrx_word' id='word_1_381' title='bbox 479 2760 659 2803; x_wconf 79' lang='lat' dir='ltr'>correptus</span> <span class='ocrx_word' id='word_1_382' title='bbox 688 2755 838 2799; x_wconf 83' lang='lat' dir='ltr'>interiit,</span> <span class='ocrx_word' id='word_1_383' title='bbox 867 2766 1024 2800; x_wconf 83' lang='lat' dir='ltr'>magnum</span> <span class='ocrx_word' id='word_1_384' title='bbox 1050 2753 1177 2788; x_wconf 84' lang='lat' dir='ltr'>luctum</span> <span class='ocrx_word' id='word_1_385' title='bbox 1198 2751 1398 2799; x_wconf 86' lang='lat' dir='ltr'>imperatori</span> <span class='ocrx_word' id='word_1_386' title='bbox 1422 2751 1640 2797; x_wconf 80' lang='lat' dir='ltr'>relinquens3</span> 
     </span>
     <span class='ocr_line' id='line_1_42' title="bbox 171 2798 1641 2846; baseline -0.005 -10"><span class='ocrx_word' id='word_1_387' title='bbox 171 2802 309 2836; x_wconf 81' lang='lat' dir='ltr'>multum</span> <span class='ocrx_word' id='word_1_388' title='bbox 332 2801 419 2836; x_wconf 88' lang='lat' dir='ltr'>enim</span> <span class='ocrx_word' id='word_1_389' title='bbox 442 2803 576 2837; x_wconf 71' lang='lat' dir='ltr'>amabat</span> <span class='ocrx_word' id='word_1_390' title='bbox 601 2802 723 2837; x_wconf 82' lang='lat' dir='ltr'>virum.</span> <span class='ocrx_word' id='word_1_391' title='bbox 770 2801 1019 2846; x_wconf 80' lang='lat' dir='ltr'>Chrysosculus</span> <span class='ocrx_word' id='word_1_392' title='bbox 1038 2811 1121 2834; x_wconf 83' lang='lat' dir='ltr'>vero</span> <span class='ocrx_word' id='word_1_393' title='bbox 1146 2810 1266 2845; x_wconf 86' lang='lat' dir='ltr'>parum</span> <span class='ocrx_word' id='word_1_394' title='bbox 1284 2798 1395 2834; x_wconf 77' lang='lat' dir='ltr'>abfuit</span> <span class='ocrx_word' id='word_1_395' title='bbox 1410 2798 1491 2844; x_wconf 87' lang='lat' dir='ltr'>quin</span> <span class='ocrx_word' id='word_1_396' title='bbox 1507 2809 1583 2832; x_wconf 85' lang='lat' dir='ltr'>cum</span> <span class='ocrx_word' id='word_1_397' title='bbox 1599 2809 1641 2830; x_wconf 87' lang='lat' dir='ltr'>eo</span> 
     </span>
     <span class='ocr_line' id='line_1_43' title="bbox 172 2845 1642 2895; baseline -0.004 -13"><span class='ocrx_word' id='word_1_398' title='bbox 172 2850 386 2891; x_wconf 86' lang='lat' dir='ltr'>moreretur,</span> <span class='ocrx_word' id='word_1_399' title='bbox 418 2851 516 2883; x_wconf 75' lang='lat' dir='ltr'>tanta</span> <span class='ocrx_word' id='word_1_400' title='bbox 544 2859 660 2885; x_wconf 80' lang='lat' dir='ltr'>casum</span> <span class='ocrx_word' id='word_1_401' title='bbox 687 2847 899 2894; x_wconf 77' lang='lat' dir='ltr'>impatientia</span> <span class='ocrx_word' id='word_1_402' title='bbox 928 2845 1197 2895; x_wconf 79' lang='lat' dir='ltr'>perturbationis</span> <span class='ocrx_word' id='word_1_403' title='bbox 1223 2845 1364 2888; x_wconf 71' lang='lat' dir='ltr'>ferens,</span> <span class='ocrx_word' id='word_1_404' title='bbox 1395 2848 1435 2879; x_wconf 86' lang='lat' dir='ltr'>ut</span> <span class='ocrx_word' id='word_1_405' title='bbox 1461 2853 1642 2890; x_wconf 84' lang='lat' dir='ltr'>superesse</span> 
     </span>
    </p>
   </div>
   <div class='ocr_carea' id='block_1_5' title="bbox 234 2895 1367 2944">
    <p class='ocr_par' dir='ltr' id='par_1_11' title="bbox 234 2895 1367 2944">
     <span class='ocr_line' id='line_1_44' title="bbox 234 2895 1367 2944; baseline -0.001 -10"><span class='ocrx_word' id='word_1_406' title='bbox 234 2899 378 2944; x_wconf 76' lang='lat' dir='ltr'>Niceph.</span> <span class='ocrx_word' id='word_1_407' title='bbox 406 2899 534 2944; x_wconf 66' lang='lat' dir='ltr'>Bryen.</span> <span class='ocrx_word' id='word_1_408' title='bbox 1339 2895 1367 2933; x_wconf 85' lang='lat'><strong>3</strong></span> 
     </span>
    </p>
   </div>
  </div>
 </body>
</html>
