1878 3262
529 188 1075 233 COMMENTARIORUM
1105 190 1155 233 L.
1181 188 1218 233 1.
1544 187 1608 236 45

141 308 301 360 ψεσθαι
336 298 480 357 αὖθις,
505 306 572 347 καὶ
602 302 735 362 ὥσπερ
767 302 1011 361 αὐτάγγελος
1038 308 1114 347 τοῦ
1147 304 1250 359 μετὰ
1275 308 1395 348 τοῦτο
1423 302 1610 362 μέγιστον

141 375 289 416 ἐκείνου
323 372 513 429 ἀτύχημα
539 372 814 428 εὐτυχήματος
833 378 884 430 τῇ
907 376 1087 427 βασιλίδι
1113 376 1364 425 καθίστατο,
1397 373 1610 431 γράμμασι

140 447 214 497 τῆς
249 443 355 493 ἰδίας
382 443 518 500 χειρὸς
547 442 575 484 ἃ
598 441 842 497 συμβεβήκει
866 441 996 499 τούτῳ
1017 443 1355 498 σημειωσάμενος.
1424 441 1608 500 θόρυβος
1630 447 1662 482 C

142 506 215 554 οῦν
240 513 306 553 καὶ
327 512 535 569 συνδρομὴ
557 512 682 561 εὐθὺς
700 513 789 568 περὶ
807 511 858 553 τὰ
873 513 1084 565 βασίλεια,
1118 517 1200 554 τῶν
1220 514 1294 570 μὲν
1315 510 1613 566 θαυμαζόντων

107 581 188 625 ὅτι)
219 579 400 636 γεγονός,
435 585 516 623 τῶν
544 582 588 623 δὲ
610 579 883 623 ἀπιστούντων
905 584 964 637 τῷ
987 579 1206 637 πράγματι.
1274 582 1476 638 μετέωρος
1498 582 1541 623 δὲ
1561 575 1613 636 ἦν

141 652 209 692 καὶ
241 648 266 703 ἡ
290 650 455 703 βασιλὶς
476 650 720 704 σκεπτομένη
739 651 781 691 τί
798 649 894 691 ποτ’
922 648 971 691 ἂν
990 648 1175 706 δράσειε,
1211 652 1278 692 καὶ
1302 650 1348 692 τὸ
1371 652 1461 707 περὶ
1485 649 1613 704 αὐτὴν

139 718 282 761 εὔνουν
302 719 603 774 συγκαλουμένη
623 716 889 774 παρεσκεύαζε
912 719 1139 772 σκέμματα.

281 787 361 831 20.
430 784 459 817 *
473 785 501 817 *
516 786 544 818 *
558 785 587 818 *
614 789 750 837 δείσας
778 787 855 844 γὰρ
886 789 975 844 περὶ
996 785 1145 829 ἑαυτοῦ
1167 789 1234 829 καὶ
1256 793 1340 829 τοΐν
1359 786 1612 844 ἀδελφοπαί-

142 858 229 898 δοιν
249 855 307 910 μὴ
329 857 395 897 καὶ
417 854 589 898 πάθοιεν
613 856 742 898 δεινὸν
764 861 838 898 τοῦ
858 856 1076 911 Διογένους
1098 851 1223 905 αὖθις
1246 854 1519 909 κατασχόντος
1538 855 1613 909 τὴν

86 926 351 979 1οβασιλειάν
360 957 374 976 ,
399 925 496 974 τοὺς
513 927 602 982 περὶ
625 925 698 980 τὴν
719 925 847 979 αὐλὴν
870 923 1057 981 φύλακας
1077 925 1202 974 εὐθὺς
1219 927 1446 967 οἰκειοῦται.
1487 927 1606 965 τοῦτο
1629 929 1662 964 D

142 995 187 1036 δὲ
207 994 253 1036 τὸ
274 994 385 1049 γένος
406 993 569 1050 ὥρμητο
593 995 637 1036 ἐκ
655 998 727 1048 τῆς
742 992 960 1050 βαρβάρου
979 992 1121 1050 χώρας
1144 998 1215 1047 τῆς
1233 995 1403 1048 πλησίον
1420 992 1612 1044 ὠκεανοῦ,

141 1062 284 1105 πιστὸν
306 1063 349 1104 δὲ
367 1066 578 1116 βασιλεῦσι
595 1061 805 1116 Ῥωμαίων
829 1063 1032 1120 ἀρχῆθεν,
1058 1061 1340 1119 ἀσπιδηφόρον
1362 1060 1523 1115 ’ξύμπαν
1544 1062 1614 1103 καὶ

141 1130 307 1174 πέλεκύν
333 1148 424 1173 τινα
443 1133 506 1173 ἐπὶ
534 1130 656 1185 ὤμων
682 1132 819 1188 φέρον.
887 1133 981 1186 δίχα
1007 1126 1079 1173 οὖν
1100 1131 1249 1180 αὐτοὺς
1271 1130 1413 1172 διελὼν
1432 1136 1516 1179 τοῖς
1537 1130 1612 1184 μὲν

141 1201 319 1242 ἐκέλευσε
341 1208 425 1250 τοῖς
443 1200 570 1242 υἱέσιν
591 1201 762 1242 ἕπεσθαι
786 1201 853 1242 καὶ
875 1200 926 1242 τὰ
950 1202 1216 1242 κελευσθέντα
1235 1203 1438 1256 πληροῦν,
1462 1205 1547 1248 τοῖς
1569 1198 1613 1240 δὲ

85 1275 131 1312 15
143 1269 388 1319 ξυνέπεσθαί
419 1269 457 1310 οἱ
487 1271 553 1310 καὶ
583 1267 717 1326 ὁδηγῷ
744 1267 874 1326 τούτῳ
901 1273 1088 1325 χρῆσθαι
1121 1269 1222 1325 πρὸς
1245 1268 1317 1322 τὴν
1336 1268 1614 1321 μελετωμένην

142 1339 376 1394 ἐγχείρησιν.
418 1338 511 1378 ἀλλ’
541 1337 579 1378 οἳ
599 1338 672 1390 μὲν
694 1339 782 1393 περὶ
805 1337 875 1379 τὸν
895 1337 1048 1379 κλεινὸν
1059 1335 1312 1393 Ἀνδρόνικόν
1333 1354 1375 1379 τε
1399 1338 1467 1378 καὶ
1490 1337 1612 1378 Κων-

140 1413 351 1449 σταντῖνον
382 1404 520 1460 (οὕτω
539 1405 617 1462 γὰρ
642 1404 895 1459 ὠνομάζοντο
918 1406 1044 1462 ἄμφω
1066 1406 1123 1448 τώ
1149 1408 1266 1448 παῖδε
1290 1410 1364 1447 τοῦ
1387 1403 1611 1460 καίσαρος)

141 1473 399 1531 περιστάντες
424 1474 495 1516 τὸν
516 1475 690 1528 βασιλέα
715 1477 782 1516 καὶ
800 1474 927 1531 χορὸν
951 1476 1039 1531 περὶ
1062 1474 1185 1516 αὐτὸν
1206 1473 1427 1525 ἓλίξαντες,
1458 1471 1616 1530 ἀθρόον

141 1543 205 1585 ἐπὶ
228 1543 279 1585 τὰ
297 1541 534 1600 ὑψηλότερα
552 1548 632 1585 τῶν
650 1542 883 1600 ἀνακτόρων
904 1542 1142 1600 ἀνάγουσιν,
1168 1541 1399 1598 ἡγουμένων
1416 1546 1497 1584 τῶν
1518 1542 1616 1584 παί-
1638 1543 1669 1578 P
1693 1543 1741 1579 33

85 1614 225 1657 ffldwv
249 1616 324 1654 τοῦ
345 1613 540 1669 καίσαρος
564 1614 631 1654 καὶ
657 1611 937 1670 αὐτοκράτορα
967 1613 1037 1654 τὸν
1069 1612 1246 1666 ΖΙἸιχαὴλ
1275 1609 1614 1667 ἀναγορευόντων.

143 1681 182 1723 οἶ
199 1681 242 1723 δὲ
258 1683 348 1738 περὶ
370 1680 439 1723 τὸν
464 1682 642 1738 καίσαρα
665 1679 937 1736 κτυπήσαντες
954 1682 1029 1732 τὰς
1049 1681 1225 1731 ἀσπίδας
1243 1679 1393 1738 ἀθρόοι
1411 1682 1478 1721 καὶ
1500 1684 1610 1737 βαρ-
1633 1681 1668 1717 V
1689 1682 1735 1717 21

236 1812 269 1845 1.
290 1810 405 1844 τοῦτο
427 1809 597 1854 μέγιστον
620 1808 783 1856 ἐκείνου]
809 1811 922 1845 Malim
937 1809 981 1846 τὸ
999 1809 1170 1856 μέγιστον
1187 1807 1317 1846 ἐκεῖνο.
1409 1811 1444 1845 8.
1467 1809 1616 1854 δείσας]

232 1855 404 1890 Lacunam
427 1856 588 1891 indicavit
608 1857 648 1891 Ρ.
784 1858 820 1892 9.
841 1855 892 1900 μὴ
915 1856 998 1901 καὶ]
1023 1855 1073 1902 μὴ
1099 1857 1162 1891 καί
1184 1856 1250 1891 u?

142 1970 312 2006 habuerat
328 1969 434 2015 prius.
477 1980 558 2012 ergo
573 1968 646 2014 ipse
660 1969 795 2003 nuntius
811 1969 1047 2015 prosperitatis
1062 1981 1144 2004 suae
1157 1969 1292 2003 litteras
1307 1968 1350 2003 ad
1363 1968 1612 2015 imperatricem

143 2017 203 2051 dat
221 2027 320 2050 manu
336 2016 478 2061 scriptas
495 2015 654 2060 propria,
686 2015 807 2060 quibus
828 2022 954 2060 quanta
969 2024 1111 2060 repente
1125 2015 1270 2050 felicitas
1285 2027 1413 2061 nupero
1428 2015 1613 2049 infortunio

142 2062 362 2098 successisset
373 2061 546 2094 indicavit.
567 2061 729 2094 tumultus
742 2062 818 2094 hinc
832 2062 943 2095 statim
960 2067 995 2095 et
1010 2072 1191 2095 concursus
1204 2062 1238 2095 in
1254 2062 1414 2106 palatium
1427 2062 1514 2104 fieri,
1529 2062 1614 2095 alio-

143 2120 218 2143 rum
233 2108 366 2153 quidem
382 2107 567 2140 mirantium
585 2107 674 2151 quod
690 2113 855 2140 evenerat
866 2135 876 2151 ,
906 2107 1045 2141 aliorum
1062 2107 1151 2152 quod
1169 2108 1370 2141 narrabatur
1384 2119 1453 2141 non
1468 2108 1613 2142 creden-

144 2155 238 2189 tium.
286 2154 360 2198 ipsa
380 2152 575 2198 imperatrix
598 2163 723 2197 anceps
748 2153 845 2186 animi
869 2153 1066 2198 consiliique
1087 2154 1202 2199 inops,
1233 2154 1430 2188 convocatis
1445 2165 1530 2199 quos
1546 2153 1612 2187 sibi

144 2200 283 2235 studere
307 2202 538 2244 compererat,
568 2199 666 2231 anxie
682 2198 892 2233 deliberabat
905 2199 987 2244 quid
1001 2199 1066 2233 sibi
1081 2205 1170 2234 esset
1184 2200 1369 2244 agendum,
1386 2211 1451 2234 nec
1473 2199 1613 2245 perple-

144 2257 212 2282 xae
226 2245 367 2280 rationis
383 2245 587 2290 expediebat
601 2244 736 2277 exitum.

236 2294 292 2326 20.
338 2293 384 2325 At
408 2291 539 2324 Caesar
564 2302 631 2323 non
654 2290 946 2324 deliberationibus
972 2290 1155 2333 ducendis,
1187 2291 1249 2325 sed
1271 2291 1458 2325 actionibus
1474 2302 1615 2336 reprae-

145 2337 321 2373 sentandis
337 2349 406 2371 rem
423 2336 567 2370 obtineri
583 2335 708 2369 certius
720 2341 810 2369 ratus
821 2362 830 2374 ,
863 2336 1059 2381 veritusque
1073 2349 1116 2370 ne
1134 2337 1291 2381 Diogene
1306 2342 1495 2372 resumente
1509 2337 1615 2382 impe-

144 2384 251 2425 rium,
281 2388 352 2417 tum
377 2394 534 2423 suorum,
567 2387 635 2415 tum
654 2382 767 2415 fratris
785 2382 928 2415 filiorum
943 2388 1054 2416 status
1069 2383 1343 2428 periclitaretur,
1372 2382 1532 2416 custodes
1550 2393 1615 2416 au-

144 2429 201 2464 lae
228 2428 343 2473 regiae
367 2440 460 2462 more
486 2429 551 2462 iam
574 2427 691 2461 inolito
708 2428 860 2462 adhiberi
875 2428 993 2462 solitos
1007 2429 1087 2462 fidei
1103 2429 1179 2463 olim
1197 2441 1279 2472 erga
1295 2429 1515 2473 imperatores
1529 2439 1614 2472 pro-

146 2475 250 2509 batae
265 2475 385 2508 milites
400 2475 464 2508 sibi
482 2473 643 2517 adiungit.
691 2478 745 2507 est
769 2474 833 2507 hoc
849 2485 956 2518 genus
973 2486 992 2507 e
1009 2475 1155 2508 barbara
1180 2475 1283 2518 longe
1297 2473 1406 2507 insula
1423 2473 1614 2518 profectum

148 2520 291 2554 Oceano
317 2520 438 2554 vicina.
484 2520 612 2565 clipeus
635 2519 701 2552 illis
723 2519 871 2553 solemne
895 2524 1067 2564 gestamen
1090 2531 1164 2553 cum
1180 2519 1291 2554 securi
1307 2520 1349 2552 de
1365 2519 1511 2552 humeris
1525 2531 1611 2564 pen-

147 2565 260 2601 dente.
307 2567 424 2600 horum
450 2577 570 2611 agmen
594 2570 701 2599 totum
725 2565 876 2599 bifariam
898 2565 1060 2611 partitus,
1092 2565 1174 2599 alios
1189 2565 1324 2610 quidem
1337 2564 1437 2599 iussit
1451 2564 1530 2598 filiis
1543 2565 1614 2600 suis

148 2611 290 2656 obsequi
301 2638 312 2654 ‚
344 2623 480 2657 quoque
494 2613 656 2645 ducerent
669 2611 721 2645 ire
734 2637 744 2654 ,
778 2622 819 2644 ac
834 2622 922 2656 quae
937 2611 1095 2645 iuberent
1110 2612 1247 2653 facere3
1277 2611 1360 2645 alios
1375 2611 1449 2656 ipse
1468 2611 1532 2644 sibi
1547 2611 1613 2645 du-

147 2655 272 2690 cendos
297 2659 458 2703 sumpsit,
489 2669 555 2703 quo
580 2657 741 2702 expedire
766 2656 931 2690 iudicaret
950 2657 994 2690 ad
1019 2657 1201 2701 cogitatam
1226 2657 1304 2691 vim.
1349 2661 1385 2691 et
1399 2656 1612 2691 Andronicus

148 2701 283 2747 quidem
306 2703 612 2748 Constantinusque
643 2703 722 2748 (sic
735 2702 796 2736 filii
812 2702 968 2736 Caesaris
988 2703 1086 2736 ambo
1102 2703 1338 2747 vocabantur)
1370 2702 1610 2737 circumdatum

148 2747 386 2791 imperatorem
410 2750 512 2784 choro
541 2749 638 2783 velut
659 2748 806 2794 quodam
829 2748 952 2783 festine
983 2749 1176 2793 provehunt
1199 2749 1234 2783 in
1258 2749 1465 2794 superiorem
1493 2747 1610 2793 palatii

148 2798 280 2839 partem
292 2817 304 2834 ‚
333 2793 447 2839 ibique
459 2795 701 2840 praeeuntibus
713 2794 942 2829 acclamationi
955 2794 1034 2828 filiis
1051 2794 1208 2829 Caesaris
1221 2821 1232 2838 ‚
1262 2795 1410 2829 MichaeI
1424 2795 1610 2838 imperator

147 2839 322 2874 salutatur.
367 2840 424 2885 qui
447 2851 531 2876 vero
550 2852 626 2877 cum
649 2840 725 2888 ipso
751 2846 850 2877 aaut
869 2840 1040 2885 Caesare,
1066 2841 1242 2888 pulsantes
1265 2846 1366 2876 scuta
1377 2850 1499 2885 magno
1515 2842 1608 2874 motu
