<?xml version="1.0" encoding="UTF-8"?>
<!DOCTYPE html PUBLIC "-//W3C//DTD XHTML 1.0 Transitional//EN"
    "http://www.w3.org/TR/xhtml1/DTD/xhtml1-transitional.dtd">
<html xmlns="http://www.w3.org/1999/xhtml" xml:lang="en" lang="en">
 <head>
  <title>
</title>
<meta http-equiv="Content-Type" content="text/html;charset=utf-8" />
  <meta name='ocr-system' content='tesseract 3.04.00' />
  <meta name='ocr-capabilities' content='ocr_page ocr_carea ocr_par ocr_line ocrx_word'/>
</head>
<body>
  <div class='ocr_page' id='page_1' title='image "./corpusscriptorum26niebuoft_0486.png"; bbox 0 0 1878 3262; ppageno 0'>
   <div class='ocr_carea' id='block_1_1' title="bbox 245 224 1300 286">
    <p class='ocr_par' dir='ltr' id='par_1_1' title="bbox 245 224 1300 286">
     <span class='ocr_line' id='line_1_1' title="bbox 245 224 1300 286; baseline -0.003 -13"><span class='ocrx_word' id='word_1_1' title='bbox 245 227 312 275; x_wconf 72' lang='grc'><em>26</em></span> <span class='ocrx_word' id='word_1_2' title='bbox 517 283 521 286; x_wconf 44' lang='grc'><em>,</em></span> <span class='ocrx_word' id='word_1_3' title='bbox 659 224 976 274; x_wconf 73' lang='grc' dir='ltr'><em>,ΝιοΕΡΗοΒΙ</em></span> <span class='ocrx_word' id='word_1_4' title='bbox 1006 225 1274 270; x_wconf 78' lang='lat' dir='ltr'>BRYENNII</span> <span class='ocrx_word' id='word_1_5' title='bbox 1298 267 1300 270; x_wconf 77' lang='grc'>,</span> 
     </span>
    </p>
   </div>
   <div class='ocr_carea' id='block_1_2' title="bbox 128 337 1773 1769">
    <p class='ocr_par' dir='ltr' id='par_1_2' title="bbox 128 337 1706 398">
     <span class='ocr_line' id='line_1_2' title="bbox 128 337 1706 398; baseline -0.001 -11"><span class='ocrx_word' id='word_1_6' title='bbox 128 351 162 386; x_wconf 88' lang='lat' dir='ltr'><strong>V</strong></span> <span class='ocrx_word' id='word_1_7' title='bbox 186 351 230 387; x_wconf 77' lang='lat'><em>12</em></span> <span class='ocrx_word' id='word_1_8' title='bbox 253 340 413 398; x_wconf 82' lang='grc' dir='ltr'><em>ὁμορεῖν</em></span> <span class='ocrx_word' id='word_1_9' title='bbox 434 339 649 395; x_wconf 82' lang='grc' dir='ltr'><em>Ῥωμαίοις</em></span> <span class='ocrx_word' id='word_1_10' title='bbox 673 337 814 396; x_wconf 68' lang='grc' dir='ltr'><em>ξ’ληγον</em></span> <span class='ocrx_word' id='word_1_11' title='bbox 839 338 1007 398; x_wconf 73' lang='grc' dir='ltr'><em>ὕστερον</em></span> <span class='ocrx_word' id='word_1_12' title='bbox 1022 372 1035 392; x_wconf 91' lang='grc'><strong><em>,</em></strong></span> <span class='ocrx_word' id='word_1_13' title='bbox 1079 340 1294 396; x_wconf 76' lang='grc' dir='ltr'><em>ἀναγκαῖον</em></span> <span class='ocrx_word' id='word_1_14' title='bbox 1320 340 1477 386; x_wconf 73' lang='grc' dir='ltr'><em>ἄνωθεν</em></span> <span class='ocrx_word' id='word_1_15' title='bbox 1512 339 1706 398; x_wconf 80' lang='grc' dir='ltr'><em>διηγήσα-</em></span> 
     </span>
    </p>

    <p class='ocr_par' dir='ltr' id='par_1_3' title="bbox 198 404 1768 1085">
     <span class='ocr_line' id='line_1_3' title="bbox 198 404 1706 468; baseline 0.001 -15"><span class='ocrx_word' id='word_1_16' title='bbox 198 420 229 454; x_wconf 87' lang='lat' dir='ltr'>C</span> <span class='ocrx_word' id='word_1_17' title='bbox 253 414 367 453; x_wconf 89' lang='grc' dir='ltr'><em>σθαι.</em></span> <span class='ocrx_word' id='word_1_18' title='bbox 436 404 546 452; x_wconf 74' lang='grc' dir='ltr'><em>οὗτοι</em></span> <span class='ocrx_word' id='word_1_19' title='bbox 573 411 692 452; x_wconf 80' lang='grc' dir='ltr'><em>οῗκεῖν</em></span> <span class='ocrx_word' id='word_1_20' title='bbox 720 411 792 463; x_wconf 76' lang='grc' dir='ltr'><em>μὲν</em></span> <span class='ocrx_word' id='word_1_21' title='bbox 815 409 966 463; x_wconf 63' lang='grc' dir='ltr'><em>ἔλαχον</em></span> <span class='ocrx_word' id='word_1_22' title='bbox 989 410 1041 452; x_wconf 79' lang='grc' dir='ltr'><em>τὰ</em></span> <span class='ocrx_word' id='word_1_23' title='bbox 1064 408 1314 466; x_wconf 75' lang='grc' dir='ltr'><em>προσάρκτια</em></span> <span class='ocrx_word' id='word_1_24' title='bbox 1332 411 1390 452; x_wconf 75' lang='grc' dir='ltr'><em>τὰ</em></span> <span class='ocrx_word' id='word_1_25' title='bbox 1404 413 1528 468; x_wconf 78' lang='grc' dir='ltr'><em>πέραν</em></span> <span class='ocrx_word' id='word_1_26' title='bbox 1553 411 1706 463; x_wconf 78' lang='grc' dir='ltr'><em>Τανάϊ-Ι</em></span> 
     </span>
     <span class='ocr_line' id='line_1_4' title="bbox 250 476 1706 536; baseline 0.001 -15"><span class='ocrx_word' id='word_1_27' title='bbox 250 477 321 528; x_wconf 88' lang='grc' dir='ltr'><em>δός</em></span> <span class='ocrx_word' id='word_1_28' title='bbox 338 496 381 522; x_wconf 86' lang='grc' dir='ltr'><em>,τε</em></span> <span class='ocrx_word' id='word_1_29' title='bbox 403 481 470 520; x_wconf 86' lang='grc' dir='ltr'><em>καὶ</em></span> <span class='ocrx_word' id='word_1_30' title='bbox 494 476 730 534; x_wconf 85' lang='grc' dir='ltr'><em>Βοσπόρου,</em></span> <span class='ocrx_word' id='word_1_31' title='bbox 757 478 804 520; x_wconf 79' lang='grc' dir='ltr'><em>οὗ</em></span> <span class='ocrx_word' id='word_1_32' title='bbox 822 477 926 520; x_wconf 84' lang='grc' dir='ltr'><em>πάνυ</em></span> <span class='ocrx_word' id='word_1_33' title='bbox 944 495 985 520; x_wconf 89' lang='grc' dir='ltr'><em>τε</em></span> <span class='ocrx_word' id='word_1_34' title='bbox 1002 482 1081 520; x_wconf 80' lang='grc' dir='ltr'><em>τῶν</em></span> <span class='ocrx_word' id='word_1_35' title='bbox 1098 480 1346 520; x_wconf 79' lang='grc' dir='ltr'><strong><em>Καυκασίων</em></strong></span> <span class='ocrx_word' id='word_1_36' title='bbox 1362 479 1571 533; x_wconf 76' lang='grc' dir='ltr'><em>ἀπέχοντες</em></span> <span class='ocrx_word' id='word_1_37' title='bbox 1587 481 1706 536; x_wconf 77' lang='grc' dir='ltr'><em>ὀρῶν.</em></span> 
     </span>
     <span class='ocr_line' id='line_1_5' title="bbox 248 545 1706 604; baseline 0.001 -14"><span class='ocrx_word' id='word_1_38' title='bbox 248 546 473 602; x_wconf 75' lang='grc' dir='ltr'><em>αὐτόνομον</em></span> <span class='ocrx_word' id='word_1_39' title='bbox 490 547 611 597; x_wconf 71' lang='grc' dir='ltr'><em>ἔθνος</em></span> <span class='ocrx_word' id='word_1_40' title='bbox 629 545 673 588; x_wconf 78' lang='grc' dir='ltr'><em>ὃν</em></span> <span class='ocrx_word' id='word_1_41' title='bbox 696 549 763 589; x_wconf 86' lang='grc' dir='ltr'><em>καὶ</em></span> <span class='ocrx_word' id='word_1_42' title='bbox 785 545 1094 604; x_wconf 84' lang='grc' dir='ltr'><em>γαλακτοφάγον</em></span> <span class='ocrx_word' id='word_1_43' title='bbox 1116 547 1297 604; x_wconf 82' lang='grc' dir='ltr'><em>ἀρχῆθεν</em></span> <span class='ocrx_word' id='word_1_44' title='bbox 1324 546 1644 604; x_wconf 81' lang='grc' dir='ltr'><em>πολυάνθρωπόν</em></span> <span class='ocrx_word' id='word_1_45' title='bbox 1664 566 1706 591; x_wconf 84' lang='grc' dir='ltr'><em>τε</em></span> 
     </span>
     <span class='ocr_line' id='line_1_6' title="bbox 247 613 1741 672; baseline 0.002 -14"><span class='ocrx_word' id='word_1_46' title='bbox 247 618 315 659; x_wconf 82' lang='grc' dir='ltr'><em>καὶ</em></span> <span class='ocrx_word' id='word_1_47' title='bbox 337 614 660 670; x_wconf 79' lang='grc' dir='ltr'><em>πολεμικώτατον</em></span> <span class='ocrx_word' id='word_1_48' title='bbox 683 614 755 658; x_wconf 68' lang='grc' dir='ltr'><em>ὑπ’</em></span> <span class='ocrx_word' id='word_1_49' title='bbox 781 615 942 666; x_wconf 73' lang='grc' dir='ltr'><em>οὐδενὸς</em></span> <span class='ocrx_word' id='word_1_50' title='bbox 964 614 1208 658; x_wconf 73' lang='grc' dir='ltr'><em>δεδούλωται</em></span> <span class='ocrx_word' id='word_1_51' title='bbox 1231 615 1376 665; x_wconf 71' lang='grc' dir='ltr'><em>ἔθνους</em></span> <span class='ocrx_word' id='word_1_52' title='bbox 1397 613 1568 659; x_wconf 78' lang='grc' dir='ltr'><em>πώποτε.</em></span> <span class='ocrx_word' id='word_1_53' title='bbox 1635 621 1741 672; x_wconf 77' lang='grc' dir='ltr'><em>τῆςᾶ</em></span> 
     </span>
     <span class='ocr_line' id='line_1_7' title="bbox 246 677 1709 742; baseline 0.001 -16"><span class='ocrx_word' id='word_1_54' title='bbox 246 689 345 741; x_wconf 82' lang='grc' dir='ltr'><em>γοῦν</em></span> <span class='ocrx_word' id='word_1_55' title='bbox 376 677 551 742; x_wconf 83' lang='grc' dir='ltr'><em>Περσῶν</em></span> <span class='ocrx_word' id='word_1_56' title='bbox 578 685 706 742; x_wconf 81' lang='grc' dir='ltr'><em>ἀρχῆς</em></span> <span class='ocrx_word' id='word_1_57' title='bbox 733 686 788 734; x_wconf 74' lang='grc' dir='ltr'><em>εἷς</em></span> <span class='ocrx_word' id='word_1_58' title='bbox 806 685 899 735; x_wconf 72' lang='grc' dir='ltr'><em>τοὺς</em></span> <span class='ocrx_word' id='word_1_59' title='bbox 919 688 991 738; x_wconf 81' lang='grc' dir='ltr'><em>τῆς</em></span> <span class='ocrx_word' id='word_1_60' title='bbox 1006 684 1130 741; x_wconf 78' lang='grc' dir='ltr'><em>’Ἀγαρ</em></span> <span class='ocrx_word' id='word_1_61' title='bbox 1153 686 1431 738; x_wconf 71' lang='grc' dir='ltr'><em>διαλυθείσης,</em></span> <span class='ocrx_word' id='word_1_62' title='bbox 1463 685 1529 726; x_wconf 82' lang='grc' dir='ltr'><em>καὶ</em></span> <span class='ocrx_word' id='word_1_63' title='bbox 1549 687 1709 739; x_wconf 83' lang='grc' dir='ltr'><em>τῆςμὲν</em></span> 
     </span>
     <span class='ocr_line' id='line_1_8' title="bbox 249 752 1710 810; baseline 0.001 -15"><span class='ocrx_word' id='word_1_64' title='bbox 249 757 500 810; x_wconf 80' lang='grc' dir='ltr'><em>Σαρακηνιῦν</em></span> <span class='ocrx_word' id='word_1_65' title='bbox 521 754 770 810; x_wconf 74' lang='grc' dir='ltr'><em>ἐπικρατείας</em></span> <span class='ocrx_word' id='word_1_66' title='bbox 797 754 855 808; x_wconf 83' lang='grc' dir='ltr'><em>μὴ</em></span> <span class='ocrx_word' id='word_1_67' title='bbox 876 752 1000 807; x_wconf 88' lang='grc' dir='ltr'><em>μόνον</em></span> <span class='ocrx_word' id='word_1_68' title='bbox 1019 754 1223 810; x_wconf 88' lang='grc' dir='ltr'><em>Περσίδος</em></span> <span class='ocrx_word' id='word_1_69' title='bbox 1250 755 1318 795; x_wconf 79' lang='grc' dir='ltr'><em>καὶ</em></span> <span class='ocrx_word' id='word_1_70' title='bbox 1335 754 1508 808; x_wconf 80' lang='grc' dir='ltr'><em>Μηδίας</em></span> <span class='ocrx_word' id='word_1_71' title='bbox 1531 755 1599 795; x_wconf 88' lang='grc' dir='ltr'><em>καὶ</em></span> <span class='ocrx_word' id='word_1_72' title='bbox 1619 755 1710 796; x_wconf 80' lang='grc' dir='ltr'><em>Βα-</em></span> 
     </span>
     <span class='ocr_line' id='line_1_9' title="bbox 247 819 1711 878; baseline 0.001 -15"><span class='ocrx_word' id='word_1_73' title='bbox 247 827 433 876; x_wconf 76' lang='grc' dir='ltr'><em>βυλῶνος</em></span> <span class='ocrx_word' id='word_1_74' title='bbox 463 824 529 864; x_wconf 87' lang='grc' dir='ltr'><em>καὶ</em></span> <span class='ocrx_word' id='word_1_75' title='bbox 546 823 766 878; x_wconf 85' lang='grc' dir='ltr'><em>Ἀσσυρίων</em></span> <span class='ocrx_word' id='word_1_76' title='bbox 788 820 1069 878; x_wconf 79' lang='grc' dir='ltr'><em>κυριευούσης,</em></span> <span class='ocrx_word' id='word_1_77' title='bbox 1099 822 1194 863; x_wconf 70' lang='grc' dir='ltr'><em>ἀλλ’</em></span> <span class='ocrx_word' id='word_1_78' title='bbox 1219 820 1296 876; x_wconf 71' lang='grc' dir='ltr'><em>ἤδη</em></span> <span class='ocrx_word' id='word_1_79' title='bbox 1321 823 1388 863; x_wconf 82' lang='grc' dir='ltr'><em>καὶ</em></span> <span class='ocrx_word' id='word_1_80' title='bbox 1408 819 1619 877; x_wconf 79' lang='grc' dir='ltr'><em>Αἰγύπτου</em></span> <span class='ocrx_word' id='word_1_81' title='bbox 1642 823 1711 864; x_wconf 77' lang='grc' dir='ltr'><em>καὶ</em></span> 
     </span>
     <span class='ocr_line' id='line_1_10' title="bbox 249 887 1759 948; baseline 0 -16"><span class='ocrx_word' id='word_1_82' title='bbox 249 890 418 946; x_wconf 82' lang='grc' dir='ltr'><em>Λιβύης</em></span> <span class='ocrx_word' id='word_1_83' title='bbox 438 887 505 933; x_wconf 82' lang='grc' dir='ltr'><em>καὶ</em></span> <span class='ocrx_word' id='word_1_84' title='bbox 526 892 674 948; x_wconf 72' lang='grc' dir='ltr'><em>μέρους</em></span> <span class='ocrx_word' id='word_1_85' title='bbox 694 891 766 933; x_wconf 78' lang='grc' dir='ltr'><em>οὐκ</em></span> <span class='ocrx_word' id='word_1_86' title='bbox 786 893 996 944; x_wconf 66' lang='grc' dir='ltr'><em>ἐλαχίστου</em></span> <span class='ocrx_word' id='word_1_87' title='bbox 1014 895 1085 944; x_wconf 82' lang='grc' dir='ltr'><em>τῆς</em></span> <span class='ocrx_word' id='word_1_88' title='bbox 1105 889 1305 947; x_wconf 78' lang='grc' dir='ltr'><em>Εὐρώπης</em></span> <span class='ocrx_word' id='word_1_89' title='bbox 1315 923 1327 942; x_wconf 88' lang='grc'>,</span> <span class='ocrx_word' id='word_1_90' title='bbox 1353 891 1508 946; x_wconf 77' lang='grc' dir='ltr'><em>ἐπείπερ</em></span> <span class='ocrx_word' id='word_1_91' title='bbox 1528 889 1711 945; x_wconf 81' lang='grc' dir='ltr'><em>ἀλλήλων</em></span> <span class='ocrx_word' id='word_1_92' title='bbox 1747 918 1759 925; x_wconf 91' lang='grc'>-</span> 
     </span>
     <span class='ocr_line' id='line_1_11' title="bbox 251 958 1768 1016; baseline -0.001 -14"><span class='ocrx_word' id='word_1_93' title='bbox 251 958 645 1009; x_wconf 85' lang='grc' dir='ltr'><em>καταστασιάσαντες</em></span> <span class='ocrx_word' id='word_1_94' title='bbox 663 960 700 1001; x_wconf 79' lang='grc' dir='ltr'><em>οἳ</em></span> <span class='ocrx_word' id='word_1_95' title='bbox 724 961 765 1010; x_wconf 74' lang='grc' dir='ltr'><em>ἐξ</em></span> <span class='ocrx_word' id='word_1_96' title='bbox 779 959 902 1016; x_wconf 80' lang='grc' dir='ltr'><em>Ἄγαρ</em></span> <span class='ocrx_word' id='word_1_97' title='bbox 921 959 993 1013; x_wconf 83' lang='grc' dir='ltr'><em>τὴν</em></span> <span class='ocrx_word' id='word_1_98' title='bbox 1013 961 1201 1014; x_wconf 76' lang='grc' dir='ltr'><em>μεγίστην</em></span> <span class='ocrx_word' id='word_1_99' title='bbox 1219 960 1346 1015; x_wconf 82' lang='grc' dir='ltr'><em>ἀρχὴν</em></span> <span class='ocrx_word' id='word_1_100' title='bbox 1369 962 1425 1008; x_wconf 83' lang='grc' dir='ltr'><em>εἷς</em></span> <span class='ocrx_word' id='word_1_101' title='bbox 1446 959 1598 1009; x_wconf 83' lang='grc' dir='ltr'><em>πολλὰς</em></span> <span class='ocrx_word' id='word_1_102' title='bbox 1619 961 1711 1013; x_wconf 76' lang='grc' dir='ltr'><em>ἐμε-</em></span> <span class='ocrx_word' id='word_1_103' title='bbox 1723 966 1768 1000; x_wconf 87' lang='grc'><em>10</em></span> 
     </span>
     <span class='ocr_line' id='line_1_12' title="bbox 250 1026 1712 1085; baseline -0.001 -15"><span class='ocrx_word' id='word_1_104' title='bbox 250 1030 414 1085; x_wconf 90' lang='grc' dir='ltr'><em>ρίσαντο</em></span> <span class='ocrx_word' id='word_1_105' title='bbox 443 1027 566 1078; x_wconf 76' lang='grc' dir='ltr'><em>ἄλλος</em></span> <span class='ocrx_word' id='word_1_106' title='bbox 597 1027 723 1082; x_wconf 75' lang='grc' dir='ltr'><em>ἄλλης</em></span> <span class='ocrx_word' id='word_1_107' title='bbox 754 1026 993 1084; x_wconf 79' lang='grc' dir='ltr'><em>κατάρχων,</em></span> <span class='ocrx_word' id='word_1_108' title='bbox 1029 1030 1095 1070; x_wconf 84' lang='grc' dir='ltr'><em>καὶ</em></span> <span class='ocrx_word' id='word_1_109' title='bbox 1125 1031 1180 1078; x_wconf 82' lang='grc' dir='ltr'><em>εἷς</em></span> <span class='ocrx_word' id='word_1_110' title='bbox 1209 1029 1428 1083; x_wconf 73' lang='grc' dir='ltr'><em>ἐμφυλίους</em></span> <span class='ocrx_word' id='word_1_111' title='bbox 1447 1028 1646 1081; x_wconf 77' lang='grc' dir='ltr'><em>πολέμους</em></span> <span class='ocrx_word' id='word_1_112' title='bbox 1666 1027 1712 1070; x_wconf 85' lang='grc' dir='ltr'><em>τὸ</em></span> 
     </span>
    </p>

    <p class='ocr_par' dir='ltr' id='par_1_4' title="bbox 194 1095 1773 1769">
     <span class='ocr_line' id='line_1_13' title="bbox 194 1095 1713 1153; baseline -0.001 -14"><span class='ocrx_word' id='word_1_113' title='bbox 194 1101 228 1139; x_wconf 82' lang='grc' dir='ltr'><em>Ι)</em></span> <span class='ocrx_word' id='word_1_114' title='bbox 252 1096 373 1147; x_wconf 70' lang='grc' dir='ltr'><em>ἔθνος</em></span> <span class='ocrx_word' id='word_1_115' title='bbox 402 1095 625 1152; x_wconf 75' lang='grc' dir='ltr'><em>ἐχώρησεν,</em></span> <span class='ocrx_word' id='word_1_116' title='bbox 659 1097 833 1152; x_wconf 78' lang='grc' dir='ltr'><em>ἀρχηγὸς</em></span> <span class='ocrx_word' id='word_1_117' title='bbox 861 1098 1066 1152; x_wconf 88' lang='grc' dir='ltr'><em>Περσίδος</em></span> <span class='ocrx_word' id='word_1_118' title='bbox 1092 1099 1158 1139; x_wconf 85' lang='grc' dir='ltr'><em>καὶ</em></span> <span class='ocrx_word' id='word_1_119' title='bbox 1186 1095 1349 1150; x_wconf 84' lang='grc' dir='ltr'><em>Μήδων</em></span> <span class='ocrx_word' id='word_1_120' title='bbox 1383 1098 1450 1138; x_wconf 84' lang='grc' dir='ltr'><em>καὶ</em></span> <span class='ocrx_word' id='word_1_121' title='bbox 1468 1096 1713 1153; x_wconf 78' lang='grc' dir='ltr'><em>Ἀβριτανῶν</em></span> 
     </span>
     <span class='ocr_line' id='line_1_14' title="bbox 253 1162 1714 1221; baseline -0.001 -13"><span class='ocrx_word' id='word_1_122' title='bbox 253 1168 322 1208; x_wconf 88' lang='grc' dir='ltr'><em>καὶ</em></span> <span class='ocrx_word' id='word_1_123' title='bbox 345 1167 518 1219; x_wconf 87' lang='grc' dir='ltr'><em>Μηδίας</em></span> <span class='ocrx_word' id='word_1_124' title='bbox 537 1162 729 1219; x_wconf 71' lang='grc' dir='ltr'><em>ὑπάρχων</em></span> <span class='ocrx_word' id='word_1_125' title='bbox 750 1163 839 1206; x_wconf 88' lang='grc' dir='ltr'><em>τότε</em></span> <span class='ocrx_word' id='word_1_126' title='bbox 858 1163 1110 1218; x_wconf 73' lang='grc' dir='ltr'><em>ΖΠουχούμετ</em></span> <span class='ocrx_word' id='word_1_127' title='bbox 1129 1164 1149 1207; x_wconf 84' lang='grc' dir='ltr'><strong><em>ὃ</em></strong></span> <span class='ocrx_word' id='word_1_128' title='bbox 1169 1169 1242 1207; x_wconf 84' lang='grc' dir='ltr'><em>τοῦ</em></span> <span class='ocrx_word' id='word_1_129' title='bbox 1255 1163 1478 1221; x_wconf 78' lang='grc' dir='ltr'><em>Ἰαμβραὴλ</em></span> <span class='ocrx_word' id='word_1_130' title='bbox 1497 1165 1601 1206; x_wconf 84' lang='grc' dir='ltr'><em>κατὰ</em></span> <span class='ocrx_word' id='word_1_131' title='bbox 1620 1164 1714 1214; x_wconf 76' lang='grc' dir='ltr'><em>τοὺς</em></span> 
     </span>
     <span class='ocr_line' id='line_1_15' title="bbox 251 1231 1714 1291; baseline -0.002 -15"><span class='ocrx_word' id='word_1_132' title='bbox 251 1232 426 1291; x_wconf 88' lang='grc' dir='ltr'><em>χρόνους</em></span> <span class='ocrx_word' id='word_1_133' title='bbox 459 1235 676 1275; x_wconf 88' lang='grc' dir='ltr'><em>Βασιλείου</em></span> <span class='ocrx_word' id='word_1_134' title='bbox 713 1238 786 1274; x_wconf 81' lang='grc' dir='ltr'><em>τοῦ</em></span> <span class='ocrx_word' id='word_1_135' title='bbox 821 1231 1143 1289; x_wconf 72' lang='grc' dir='ltr'><em>αὐτοκράτορος,</em></span> <span class='ocrx_word' id='word_1_136' title='bbox 1178 1235 1244 1275; x_wconf 86' lang='grc' dir='ltr'><em>καὶ</em></span> <span class='ocrx_word' id='word_1_137' title='bbox 1278 1237 1462 1286; x_wconf 86' lang='grc' dir='ltr'><em>πολεμῶν</em></span> <span class='ocrx_word' id='word_1_138' title='bbox 1483 1234 1622 1282; x_wconf 80' lang='grc' dir='ltr'><em>Ἰνδοῖς</em></span> <span class='ocrx_word' id='word_1_139' title='bbox 1646 1234 1714 1274; x_wconf 85' lang='grc' dir='ltr'><em>καὶ</em></span> 
     </span>
     <span class='ocr_line' id='line_1_16' title="bbox 255 1300 1769 1358; baseline -0.002 -13"><span class='ocrx_word' id='word_1_140' title='bbox 255 1304 560 1356; x_wconf 87' lang='grc' dir='ltr'><em>Βαβυλωνίοις,</em></span> <span class='ocrx_word' id='word_1_141' title='bbox 592 1301 726 1355; x_wconf 71' lang='grc' dir='ltr'><em>ἐπειδὴ</em></span> <span class='ocrx_word' id='word_1_142' title='bbox 751 1301 852 1358; x_wconf 84' lang='grc' dir='ltr'><em>πρὸς</em></span> <span class='ocrx_word' id='word_1_143' title='bbox 877 1301 922 1344; x_wconf 88' lang='grc' dir='ltr'><em>τὸ</em></span> <span class='ocrx_word' id='word_1_144' title='bbox 949 1300 1115 1343; x_wconf 85' lang='grc' dir='ltr'><em>κατόπιν</em></span> <span class='ocrx_word' id='word_1_145' title='bbox 1141 1300 1249 1357; x_wconf 68' lang='grc' dir='ltr'><em>ἑώρα</em></span> <span class='ocrx_word' id='word_1_146' title='bbox 1270 1305 1481 1357; x_wconf 83' lang='grc' dir='ltr'><em>χωροῦντα</em></span> <span class='ocrx_word' id='word_1_147' title='bbox 1507 1300 1637 1358; x_wconf 71' lang='grc' dir='ltr'><em>ἑαυτῷ</em></span> <span class='ocrx_word' id='word_1_148' title='bbox 1662 1300 1714 1343; x_wconf 79' lang='grc' dir='ltr'><em>τὰ</em></span> <span class='ocrx_word' id='word_1_149' title='bbox 1726 1306 1769 1342; x_wconf 86' lang='grc'><em>15</em></span> 
     </span>
     <span class='ocr_line' id='line_1_17' title="bbox 255 1368 1715 1429; baseline -0.001 -16"><span class='ocrx_word' id='word_1_150' title='bbox 255 1370 474 1429; x_wconf 86' lang='grc' dir='ltr'><em>πράγματα</em></span> <span class='ocrx_word' id='word_1_151' title='bbox 484 1402 496 1422; x_wconf 87' lang='grc'>,</span> <span class='ocrx_word' id='word_1_152' title='bbox 533 1370 631 1425; x_wconf 68' lang='grc' dir='ltr'><em>ἴγνω</em></span> <span class='ocrx_word' id='word_1_153' title='bbox 667 1372 747 1412; x_wconf 79' lang='grc' dir='ltr'><em>δεῖν</em></span> <span class='ocrx_word' id='word_1_154' title='bbox 777 1370 878 1427; x_wconf 83' lang='grc' dir='ltr'><em>πρὸς</em></span> <span class='ocrx_word' id='word_1_155' title='bbox 909 1370 978 1412; x_wconf 88' lang='grc' dir='ltr'><em>τὸν</em></span> <span class='ocrx_word' id='word_1_156' title='bbox 1012 1369 1175 1412; x_wconf 74' lang='grc' dir='ltr'><em>Οὕννων</em></span> <span class='ocrx_word' id='word_1_157' title='bbox 1207 1368 1606 1426; x_wconf 73' lang='grc' dir='ltr'><em>διαπρεσβεύσασθαι</em></span> <span class='ocrx_word' id='word_1_158' title='bbox 1637 1369 1715 1426; x_wconf 76' lang='grc' dir='ltr'><em>ἅρ-</em></span> 
     </span>
     <span class='ocr_line' id='line_1_18' title="bbox 255 1437 1717 1494; baseline -0.003 -12"><span class='ocrx_word' id='word_1_159' title='bbox 255 1457 381 1494; x_wconf 84' lang='grc' dir='ltr'><em>χοντα</em></span> <span class='ocrx_word' id='word_1_160' title='bbox 419 1441 485 1481; x_wconf 83' lang='grc' dir='ltr'><em>καὶ</em></span> <span class='ocrx_word' id='word_1_161' title='bbox 521 1440 750 1492; x_wconf 81' lang='grc' dir='ltr'><em>ξυμμαχίαν</em></span> <span class='ocrx_word' id='word_1_162' title='bbox 781 1440 934 1480; x_wconf 78' lang='grc' dir='ltr'><em>ἐκεῖθεν</em></span> <span class='ocrx_word' id='word_1_163' title='bbox 966 1437 1228 1492; x_wconf 77' lang='grc' dir='ltr'><em>αἰτήσασθαι.</em></span> <span class='ocrx_word' id='word_1_164' title='bbox 1297 1442 1368 1492; x_wconf 79' lang='grc' dir='ltr'><em>τῆς</em></span> <span class='ocrx_word' id='word_1_165' title='bbox 1387 1442 1483 1493; x_wconf 78' lang='grc' dir='ltr'><em>γοῦν</em></span> <span class='ocrx_word' id='word_1_166' title='bbox 1504 1439 1717 1494; x_wconf 76' lang='grc' dir='ltr'><em>πρεσβείας</em></span> 
     </span>
     <span class='ocr_line' id='line_1_19' title="bbox 258 1507 1716 1563; baseline -0.002 -13"><span class='ocrx_word' id='word_1_167' title='bbox 258 1509 604 1560; x_wconf 85' lang='grc' dir='ltr'><em>κατευθυνθείσης</em></span> <span class='ocrx_word' id='word_1_168' title='bbox 637 1508 748 1563; x_wconf 75' lang='grc' dir='ltr'><em>αὐτῷ</em></span> <span class='ocrx_word' id='word_1_169' title='bbox 781 1508 1000 1561; x_wconf 78' lang='grc' dir='ltr'><em>συνέπεμπε</em></span> <span class='ocrx_word' id='word_1_170' title='bbox 1035 1514 1119 1557; x_wconf 78' lang='grc' dir='ltr'><em>τοῖς</em></span> <span class='ocrx_word' id='word_1_171' title='bbox 1144 1507 1332 1563; x_wconf 73' lang='grc' dir='ltr'><em>πρέσβεσι</em></span> <span class='ocrx_word' id='word_1_172' title='bbox 1358 1509 1424 1548; x_wconf 81' lang='grc' dir='ltr'><em>καὶ</em></span> <span class='ocrx_word' id='word_1_173' title='bbox 1452 1507 1564 1563; x_wconf 84' lang='grc' dir='ltr'><em>δῶρα</em></span> <span class='ocrx_word' id='word_1_174' title='bbox 1590 1510 1716 1548; x_wconf 90' lang='grc' dir='ltr'><em>πολυ-</em></span> 
     </span>
     <span class='ocr_line' id='line_1_20' title="bbox 252 1573 1716 1631; baseline -0.001 -13"><span class='ocrx_word' id='word_1_175' title='bbox 252 1580 360 1630; x_wconf 81' lang='grc' dir='ltr'><em>τελῆ.</em></span> <span class='ocrx_word' id='word_1_176' title='bbox 429 1573 651 1630; x_wconf 76' lang='grc' dir='ltr'><em>ἐπανῄεσαν</em></span> <span class='ocrx_word' id='word_1_177' title='bbox 685 1579 781 1630; x_wconf 79' lang='grc' dir='ltr'><em>γοῦν</em></span> <span class='ocrx_word' id='word_1_178' title='bbox 817 1576 854 1617; x_wconf 82' lang='grc' dir='ltr'><em>οἳ</em></span> <span class='ocrx_word' id='word_1_179' title='bbox 879 1576 1064 1631; x_wconf 79' lang='grc' dir='ltr'><em>πρέσβεις</em></span> <span class='ocrx_word' id='word_1_180' title='bbox 1090 1575 1325 1629; x_wconf 79' lang='grc' dir='ltr'><em>ξυμμάχους</em></span> <span class='ocrx_word' id='word_1_181' title='bbox 1351 1575 1539 1631; x_wconf 72' lang='grc' dir='ltr'><em>φέροντες</em></span> <span class='ocrx_word' id='word_1_182' title='bbox 1561 1591 1716 1631; x_wconf 91' lang='grc' dir='ltr'><em>τρισχι-</em></span> 
     </span>
     <span class='ocr_line' id='line_1_21' title="bbox 252 1642 1773 1700; baseline -0.001 -14"><span class='ocrx_word' id='word_1_183' title='bbox 252 1646 364 1695; x_wconf 89' lang='grc' dir='ltr'><em>λίους</em></span> <span class='ocrx_word' id='word_1_184' title='bbox 382 1643 556 1700; x_wconf 81' lang='grc' dir='ltr'><em>ἀρχηγὸν</em></span> <span class='ocrx_word' id='word_1_185' title='bbox 581 1642 744 1696; x_wconf 65' lang='grc' dir='ltr'><em>ἔχοντας</em></span> <span class='ocrx_word' id='word_1_186' title='bbox 761 1645 1051 1700; x_wconf 80' lang='grc' dir='ltr'><em>Στραγγολίπιν</em></span> <span class='ocrx_word' id='word_1_187' title='bbox 1073 1646 1140 1685; x_wconf 86' lang='grc' dir='ltr'><em>καὶ</em></span> <span class='ocrx_word' id='word_1_188' title='bbox 1162 1642 1386 1686; x_wconf 83' lang='grc' dir='ltr'><em>Μουκάλετ</em></span> <span class='ocrx_word' id='word_1_189' title='bbox 1406 1642 1476 1684; x_wconf 85' lang='grc' dir='ltr'><em>τὸν</em></span> <span class='ocrx_word' id='word_1_190' title='bbox 1497 1643 1584 1684; x_wconf 77' lang='grc' dir='ltr'><em>υἱὸν</em></span> <span class='ocrx_word' id='word_1_191' title='bbox 1607 1646 1714 1685; x_wconf 84' lang='grc' dir='ltr'><em>Μα-</em></span> <span class='ocrx_word' id='word_1_192' title='bbox 1725 1653 1773 1688; x_wconf 80' lang='grc'><em>20</em></span> 
     </span>
     <span class='ocr_line' id='line_1_22' title="bbox 253 1710 1717 1769; baseline -0.001 -14"><span class='ocrx_word' id='word_1_193' title='bbox 253 1712 371 1768; x_wconf 85' lang='grc' dir='ltr'><em>κεήλ,</em></span> <span class='ocrx_word' id='word_1_194' title='bbox 407 1713 453 1754; x_wconf 76' lang='grc' dir='ltr'><em>οἳ</em></span> <span class='ocrx_word' id='word_1_195' title='bbox 480 1710 868 1769; x_wconf 85' lang='grc' dir='ltr'><em>διαπεραιωσάμενοι</em></span> <span class='ocrx_word' id='word_1_196' title='bbox 892 1712 962 1754; x_wconf 81' lang='grc' dir='ltr'><em>τὸν</em></span> <span class='ocrx_word' id='word_1_197' title='bbox 985 1711 1149 1769; x_wconf 79' lang='grc' dir='ltr'><em>Ἄραξιν</em></span> <span class='ocrx_word' id='word_1_198' title='bbox 1172 1712 1277 1754; x_wconf 80' lang='grc' dir='ltr'><em>κατὰ</em></span> <span class='ocrx_word' id='word_1_199' title='bbox 1298 1712 1370 1766; x_wconf 84' lang='grc' dir='ltr'><em>τὴν</em></span> <span class='ocrx_word' id='word_1_200' title='bbox 1394 1712 1435 1753; x_wconf 75' lang='grc' dir='ltr'><em>ἐν</em></span> <span class='ocrx_word' id='word_1_201' title='bbox 1458 1712 1569 1769; x_wconf 74' lang='grc' dir='ltr'><em>αὐτῷ</em></span> <span class='ocrx_word' id='word_1_202' title='bbox 1590 1712 1717 1768; x_wconf 80' lang='grc' dir='ltr'><em>γέφυ-</em></span> 
     </span>
    </p>
   </div>
   <div class='ocr_carea' id='block_1_3' title="bbox 343 1861 1718 2004">
    <p class='ocr_par' dir='ltr' id='par_1_5' title="bbox 343 1861 1718 2004">
     <span class='ocr_line' id='line_1_23' title="bbox 345 1861 1717 1910; baseline -0.001 -9"><span class='ocrx_word' id='word_1_203' title='bbox 345 1867 380 1902; x_wconf 81' lang='lat'><em>1.</em></span> <span class='ocrx_word' id='word_1_204' title='bbox 403 1864 552 1910; x_wconf 79' lang='grc' dir='ltr'><em>ἔληγον]</em></span> <span class='ocrx_word' id='word_1_205' title='bbox 576 1865 618 1900; x_wconf 88' lang='lat' dir='ltr'><em>P.</em></span> <span class='ocrx_word' id='word_1_206' title='bbox 641 1861 803 1910; x_wconf 80' lang='grc' dir='ltr'><em>ἤρξαντο</em></span> <span class='ocrx_word' id='word_1_207' title='bbox 827 1865 891 1901; x_wconf 81' lang='grc' dir='ltr'><em>καὶ</em></span> <span class='ocrx_word' id='word_1_208' title='bbox 913 1867 1098 1909; x_wconf 80' lang='grc' dir='ltr'><em>πολεμεῖν.</em></span> <span class='ocrx_word' id='word_1_209' title='bbox 1256 1865 1291 1899; x_wconf 83' lang='grc'><em>3.</em></span> <span class='ocrx_word' id='word_1_210' title='bbox 1315 1861 1416 1898; x_wconf 75' lang='grc' dir='ltr'><em>πάνυ</em></span> <span class='ocrx_word' id='word_1_211' title='bbox 1441 1865 1503 1908; x_wconf 83' lang='grc' dir='ltr'><em>τε]</em></span> <span class='ocrx_word' id='word_1_212' title='bbox 1527 1861 1629 1899; x_wconf 74' lang='grc' dir='ltr'><em>πάνυ</em></span> <span class='ocrx_word' id='word_1_213' title='bbox 1652 1865 1717 1899; x_wconf 72' lang='lat' dir='ltr'><em>vt?</em></span> 
     </span>
     <span class='ocr_line' id='line_1_24' title="bbox 343 1909 1718 1957; baseline -0.001 -12"><span class='ocrx_word' id='word_1_214' title='bbox 343 1910 377 1946; x_wconf 86' lang='lat'><em>4.</em></span> <span class='ocrx_word' id='word_1_215' title='bbox 403 1909 636 1955; x_wconf 78' lang='grc' dir='ltr'><em>αὐτόνομον]</em></span> <span class='ocrx_word' id='word_1_216' title='bbox 661 1911 859 1946; x_wconf 86' lang='lat' dir='ltr'><strong>Addendum</strong></span> <span class='ocrx_word' id='word_1_217' title='bbox 883 1912 1018 1946; x_wconf 86' lang='lat' dir='ltr'><strong>videtur</strong></span> <span class='ocrx_word' id='word_1_218' title='bbox 1042 1909 1096 1946; x_wconf 85' lang='grc' dir='ltr'><em>δέ.</em></span> <span class='ocrx_word' id='word_1_219' title='bbox 1235 1911 1290 1945; x_wconf 88' lang='grc'><em>13.</em></span> <span class='ocrx_word' id='word_1_220' title='bbox 1313 1909 1376 1945; x_wconf 76' lang='grc' dir='ltr'><em>καὶ</em></span> <span class='ocrx_word' id='word_1_221' title='bbox 1392 1910 1565 1957; x_wconf 83' lang='grc' dir='ltr'><em>Μηδίας]</em></span> <span class='ocrx_word' id='word_1_222' title='bbox 1589 1911 1634 1946; x_wconf 88' lang='lat' dir='ltr'><em>P.</em></span> <span class='ocrx_word' id='word_1_223' title='bbox 1655 1910 1718 1945; x_wconf 88' lang='lat' dir='ltr'><em>de-</em></span> 
     </span>
     <span class='ocr_line' id='line_1_25' title="bbox 346 1956 1680 2004; baseline -0.001 -12"><span class='ocrx_word' id='word_1_224' title='bbox 346 1957 441 1993; x_wconf 84' lang='lat' dir='ltr'><strong>levit.</strong></span> <span class='ocrx_word' id='word_1_225' title='bbox 577 1959 634 1993; x_wconf 72' lang='lat'><em>20.</em></span> <span class='ocrx_word' id='word_1_226' title='bbox 661 1957 951 2004; x_wconf 76' lang='grc' dir='ltr'><em>Στραγγολίπιν]</em></span> <span class='ocrx_word' id='word_1_227' title='bbox 976 1959 1020 1993; x_wconf 89' lang='lat' dir='ltr'><em>V.</em></span> <span class='ocrx_word' id='word_1_228' title='bbox 1049 1956 1315 2003; x_wconf 72' lang='grc' dir='ltr'><em>Ταγγρολίπην.</em></span> <span class='ocrx_word' id='word_1_229' title='bbox 1677 1958 1680 1963; x_wconf 85' lang='grc'><strong>’</strong></span> 
     </span>
    </p>
   </div>
   <div class='ocr_carea' id='block_1_4' title="bbox 257 2093 1719 2917">
    <p class='ocr_par' dir='ltr' id='par_1_6' title="bbox 257 2093 1719 2677">
     <span class='ocr_line' id='line_1_26' title="bbox 258 2093 1717 2142; baseline -0.001 -12"><span class='ocrx_word' id='word_1_230' title='bbox 258 2095 380 2130; x_wconf 79' lang='lat' dir='ltr'><strong>deinde</strong></span> <span class='ocrx_word' id='word_1_231' title='bbox 393 2095 518 2129; x_wconf 86' lang='lat' dir='ltr'><strong>bellum</strong></span> <span class='ocrx_word' id='word_1_232' title='bbox 532 2095 566 2130; x_wconf 87' lang='lat' dir='ltr'><strong>in</strong></span> <span class='ocrx_word' id='word_1_233' title='bbox 582 2107 644 2130; x_wconf 81' lang='lat' dir='ltr'><strong>nos</strong></span> <span class='ocrx_word' id='word_1_234' title='bbox 659 2096 827 2130; x_wconf 82' lang='lat' dir='ltr'><strong>moverint</strong></span> <span class='ocrx_word' id='word_1_235' title='bbox 842 2106 978 2130; x_wconf 79' lang='lat' dir='ltr'><strong>necesse</strong></span> <span class='ocrx_word' id='word_1_236' title='bbox 994 2095 1142 2130; x_wconf 84' lang='lat' dir='ltr'><strong>arbitror</strong></span> <span class='ocrx_word' id='word_1_237' title='bbox 1153 2121 1164 2138; x_wconf 90' lang='lat'>‚</span> <span class='ocrx_word' id='word_1_238' title='bbox 1193 2095 1342 2142; x_wconf 85' lang='lat' dir='ltr'><strong>repetita</strong></span> <span class='ocrx_word' id='word_1_239' title='bbox 1363 2095 1462 2141; x_wconf 88' lang='lat' dir='ltr'><strong>paulo</strong></span> <span class='ocrx_word' id='word_1_240' title='bbox 1485 2093 1586 2129; x_wconf 76' lang='lat' dir='ltr'><strong>altius</strong></span> <span class='ocrx_word' id='word_1_241' title='bbox 1598 2104 1717 2128; x_wconf 80' lang='lat' dir='ltr'><strong>narra-</strong></span> 
     </span>
     <span class='ocr_line' id='line_1_27' title="bbox 258 2139 1718 2187; baseline -0.002 -12"><span class='ocrx_word' id='word_1_242' title='bbox 258 2142 350 2176; x_wconf 86' lang='lat' dir='ltr'><strong>tione</strong></span> <span class='ocrx_word' id='word_1_243' title='bbox 360 2167 370 2185; x_wconf 93' lang='lat'>‚</span> <span class='ocrx_word' id='word_1_244' title='bbox 385 2142 533 2175; x_wconf 80' lang='lat' dir='ltr'>tradere.</span> <span class='ocrx_word' id='word_1_245' title='bbox 581 2143 693 2187; x_wconf 84' lang='lat' dir='ltr'><strong>patria</strong></span> <span class='ocrx_word' id='word_1_246' title='bbox 705 2143 836 2176; x_wconf 84' lang='lat' dir='ltr'><strong>illorum</strong></span> <span class='ocrx_word' id='word_1_247' title='bbox 853 2143 959 2187; x_wconf 81' lang='lat' dir='ltr'><strong>prima</strong></span> <span class='ocrx_word' id='word_1_248' title='bbox 974 2142 1038 2176; x_wconf 88' lang='lat' dir='ltr'><strong>fuit</strong></span> <span class='ocrx_word' id='word_1_249' title='bbox 1052 2142 1324 2187; x_wconf 83' lang='lat' dir='ltr'><strong>septentrionalis</strong></span> <span class='ocrx_word' id='word_1_250' title='bbox 1339 2146 1469 2175; x_wconf 84' lang='lat' dir='ltr'><strong>tractus</strong></span> <span class='ocrx_word' id='word_1_251' title='bbox 1483 2141 1570 2174; x_wconf 81' lang='lat' dir='ltr'><strong>ultra</strong></span> <span class='ocrx_word' id='word_1_252' title='bbox 1584 2139 1718 2173; x_wconf 81' lang='lat' dir='ltr'><strong>Tanain</strong></span> 
     </span>
     <span class='ocr_line' id='line_1_28' title="bbox 259 2185 1717 2233; baseline -0.003 -11"><span class='ocrx_word' id='word_1_253' title='bbox 259 2191 296 2222; x_wconf 84' lang='lat' dir='ltr'><em>et</em></span> <span class='ocrx_word' id='word_1_254' title='bbox 322 2188 527 2231; x_wconf 85' lang='lat' dir='ltr'><strong>Bosporum,</strong></span> <span class='ocrx_word' id='word_1_255' title='bbox 558 2199 624 2221; x_wconf 91' lang='lat' dir='ltr'><em>non</em></span> <span class='ocrx_word' id='word_1_256' title='bbox 650 2188 752 2232; x_wconf 86' lang='lat' dir='ltr'><strong>longe</strong></span> <span class='ocrx_word' id='word_1_257' title='bbox 773 2200 794 2222; x_wconf 88' lang='lat' dir='ltr'><strong>a</strong></span> <span class='ocrx_word' id='word_1_258' title='bbox 811 2188 978 2222; x_wconf 85' lang='lat' dir='ltr'><strong>montibus</strong></span> <span class='ocrx_word' id='word_1_259' title='bbox 994 2187 1179 2223; x_wconf 58' lang='lat' dir='ltr'><strong>Caucasus.</strong></span> <span class='ocrx_word' id='word_1_260' title='bbox 1227 2199 1309 2232; x_wconf 84' lang='lat' dir='ltr'><strong>gens</strong></span> <span class='ocrx_word' id='word_1_261' title='bbox 1326 2187 1391 2221; x_wconf 75' lang='lat' dir='ltr'><em>suit</em></span> <span class='ocrx_word' id='word_1_262' title='bbox 1406 2186 1549 2233; x_wconf 77' lang='lat' dir='ltr'><strong>propriis</strong></span> <span class='ocrx_word' id='word_1_263' title='bbox 1563 2185 1606 2219; x_wconf 79' lang='lat' dir='ltr'><em>ab</em></span> <span class='ocrx_word' id='word_1_264' title='bbox 1623 2185 1717 2219; x_wconf 82' lang='lat' dir='ltr'><strong>initio</strong></span> 
     </span>
     <span class='ocr_line' id='line_1_29' title="bbox 258 2231 1716 2279; baseline -0.003 -12"><span class='ocrx_word' id='word_1_265' title='bbox 258 2232 425 2267; x_wconf 79' lang='lat' dir='ltr'><strong>institutis</strong></span> <span class='ocrx_word' id='word_1_266' title='bbox 450 2238 569 2275; x_wconf 79' lang='lat' dir='ltr'><strong>utens,</strong></span> <span class='ocrx_word' id='word_1_267' title='bbox 599 2233 688 2267; x_wconf 87' lang='lat' dir='ltr'><strong>lacte</strong></span> <span class='ocrx_word' id='word_1_268' title='bbox 715 2234 806 2267; x_wconf 80' lang='lat' dir='ltr'><strong>vesci</strong></span> <span class='ocrx_word' id='word_1_269' title='bbox 829 2234 949 2278; x_wconf 74' lang='lat' dir='ltr'><strong>solita,</strong></span> <span class='ocrx_word' id='word_1_270' title='bbox 979 2234 1232 2279; x_wconf 77' lang='lat' dir='ltr'><strong>popuiosissima</strong></span> <span class='ocrx_word' id='word_1_271' title='bbox 1258 2233 1573 2276; x_wconf 77' lang='lat' dir='ltr'><strong>bellicosissimaque</strong></span> <span class='ocrx_word' id='word_1_272' title='bbox 1587 2231 1716 2274; x_wconf 77' lang='lat' dir='ltr'><strong>eadem,</strong></span> 
     </span>
     <span class='ocr_line' id='line_1_30' title="bbox 259 2274 1718 2326; baseline -0.001 -14"><span class='ocrx_word' id='word_1_273' title='bbox 259 2290 323 2313; x_wconf 78' lang='lat' dir='ltr'><em>nec</em></span> <span class='ocrx_word' id='word_1_274' title='bbox 339 2274 437 2312; x_wconf 83' lang='lat' dir='ltr'><strong>ullius</strong></span> <span class='ocrx_word' id='word_1_275' title='bbox 452 2289 596 2323; x_wconf 81' lang='lat' dir='ltr'><strong>unquam</strong></span> <span class='ocrx_word' id='word_1_276' title='bbox 611 2279 723 2322; x_wconf 85' lang='lat' dir='ltr'><strong>iugum</strong></span> <span class='ocrx_word' id='word_1_277' title='bbox 739 2283 899 2314; x_wconf 81' lang='lat' dir='ltr'><strong>externae</strong></span> <span class='ocrx_word' id='word_1_278' title='bbox 914 2280 1093 2324; x_wconf 82' lang='lat' dir='ltr'><strong>potestatis</strong></span> <span class='ocrx_word' id='word_1_279' title='bbox 1109 2291 1219 2326; x_wconf 82' lang='lat' dir='ltr'><strong>passa.</strong></span> <span class='ocrx_word' id='word_1_280' title='bbox 1266 2290 1369 2324; x_wconf 86' lang='lat' dir='ltr'><strong>porro</strong></span> <span class='ocrx_word' id='word_1_281' title='bbox 1385 2277 1521 2324; x_wconf 83' lang='lat' dir='ltr'><strong>imperio</strong></span> <span class='ocrx_word' id='word_1_282' title='bbox 1538 2277 1718 2310; x_wconf 77' lang='lat' dir='ltr'><strong>Persarum</strong></span> 
     </span>
     <span class='ocr_line' id='line_1_31' title="bbox 257 2322 1718 2370; baseline -0.003 -12"><span class='ocrx_word' id='word_1_283' title='bbox 257 2323 294 2358; x_wconf 91' lang='lat' dir='ltr'><strong>in</strong></span> <span class='ocrx_word' id='word_1_284' title='bbox 309 2325 431 2369; x_wconf 83' lang='lat' dir='ltr'><strong>Agaris</strong></span> <span class='ocrx_word' id='word_1_285' title='bbox 448 2330 603 2370; x_wconf 84' lang='lat' dir='ltr'><strong>posteros</strong></span> <span class='ocrx_word' id='word_1_286' title='bbox 619 2326 784 2358; x_wconf 82' lang='lat' dir='ltr'><strong>translato</strong></span> <span class='ocrx_word' id='word_1_287' title='bbox 797 2352 807 2368; x_wconf 90' lang='lat'><strong>‚</strong></span> <span class='ocrx_word' id='word_1_288' title='bbox 837 2331 1002 2370; x_wconf 82' lang='lat' dir='ltr'><strong>auctaque</strong></span> <span class='ocrx_word' id='word_1_289' title='bbox 1019 2326 1053 2359; x_wconf 89' lang='lat' dir='ltr'><strong>in</strong></span> <span class='ocrx_word' id='word_1_290' title='bbox 1072 2331 1202 2360; x_wconf 84' lang='lat' dir='ltr'><strong>tantum</strong></span> <span class='ocrx_word' id='word_1_291' title='bbox 1219 2326 1460 2359; x_wconf 82' lang='lat' dir='ltr'><strong>Saracenorum</strong></span> <span class='ocrx_word' id='word_1_292' title='bbox 1476 2322 1647 2367; x_wconf 81' lang='lat' dir='ltr'><strong>potentia,</strong></span> <span class='ocrx_word' id='word_1_293' title='bbox 1678 2327 1718 2356; x_wconf 88' lang='lat' dir='ltr'><em>ut</em></span> 
     </span>
     <span class='ocr_line' id='line_1_32' title="bbox 260 2369 1719 2416; baseline -0.002 -12"><span class='ocrx_word' id='word_1_294' title='bbox 260 2381 328 2404; x_wconf 88' lang='lat' dir='ltr'><em>non</em></span> <span class='ocrx_word' id='word_1_295' title='bbox 355 2370 453 2404; x_wconf 89' lang='lat' dir='ltr'><strong>modo</strong></span> <span class='ocrx_word' id='word_1_296' title='bbox 480 2370 611 2404; x_wconf 76' lang='lat' dir='ltr'><strong>Persidi</strong></span> <span class='ocrx_word' id='word_1_297' title='bbox 625 2398 634 2414; x_wconf 80' lang='lat'><strong>‚</strong></span> <span class='ocrx_word' id='word_1_298' title='bbox 666 2370 803 2404; x_wconf 81' lang='lat' dir='ltr'>Mediae</span> <span class='ocrx_word' id='word_1_299' title='bbox 814 2396 822 2409; x_wconf 82' lang='grc'>,</span> <span class='ocrx_word' id='word_1_300' title='bbox 856 2371 1086 2414; x_wconf 77' lang='lat' dir='ltr'>Babyloniae,</span> <span class='ocrx_word' id='word_1_301' title='bbox 1117 2372 1331 2416; x_wconf 85' lang='lat' dir='ltr'><strong>Assyriisque</strong></span> <span class='ocrx_word' id='word_1_302' title='bbox 1357 2369 1626 2410; x_wconf 78' lang='lat' dir='ltr'>dominarentur,</span> <span class='ocrx_word' id='word_1_303' title='bbox 1657 2379 1719 2402; x_wconf 83' lang='lat' dir='ltr'><em>ve-</em></span> 
     </span>
     <span class='ocr_line' id='line_1_33' title="bbox 260 2414 1718 2462; baseline -0.003 -12"><span class='ocrx_word' id='word_1_304' title='bbox 260 2427 336 2450; x_wconf 88' lang='lat' dir='ltr'><strong>rum</strong></span> <span class='ocrx_word' id='word_1_305' title='bbox 351 2416 416 2450; x_wconf 86' lang='lat' dir='ltr'><em>iam</em></span> <span class='ocrx_word' id='word_1_306' title='bbox 432 2417 588 2461; x_wconf 79' lang='lat' dir='ltr'><strong>Aegypto</strong></span> <span class='ocrx_word' id='word_1_307' title='bbox 605 2416 705 2449; x_wconf 85' lang='lat' dir='ltr'><strong>etiam</strong></span> <span class='ocrx_word' id='word_1_308' title='bbox 722 2421 757 2449; x_wconf 84' lang='lat' dir='ltr'><em>et</em></span> <span class='ocrx_word' id='word_1_309' title='bbox 773 2416 907 2450; x_wconf 79' lang='lat' dir='ltr'><strong>Africae</strong></span> <span class='ocrx_word' id='word_1_310' title='bbox 923 2417 1078 2461; x_wconf 80' lang='lat' dir='ltr'><strong>partique</strong></span> <span class='ocrx_word' id='word_1_311' title='bbox 1089 2417 1249 2462; x_wconf 79' lang='lat' dir='ltr'><strong>Europae</strong></span> <span class='ocrx_word' id='word_1_312' title='bbox 1265 2427 1330 2450; x_wconf 88' lang='lat' dir='ltr'><em>non</em></span> <span class='ocrx_word' id='word_1_313' title='bbox 1346 2415 1484 2458; x_wconf 81' lang='lat' dir='ltr'>exiguae</span> <span class='ocrx_word' id='word_1_314' title='bbox 1498 2414 1718 2458; x_wconf 79' lang='lat' dir='ltr'><strong>imperarent,</strong></span> 
     </span>
     <span class='ocr_line' id='line_1_34' title="bbox 259 2459 1717 2506; baseline -0.002 -12"><span class='ocrx_word' id='word_1_315' title='bbox 259 2465 388 2495; x_wconf 79' lang='lat' dir='ltr'><strong>tantum</strong></span> <span class='ocrx_word' id='word_1_316' title='bbox 404 2473 543 2506; x_wconf 84' lang='lat' dir='ltr'><strong>regnum</strong></span> <span class='ocrx_word' id='word_1_317' title='bbox 559 2461 728 2495; x_wconf 77' lang='lat' dir='ltr'><strong>discordia</strong></span> <span class='ocrx_word' id='word_1_318' title='bbox 745 2473 877 2506; x_wconf 84' lang='lat' dir='ltr'><strong>pessum</strong></span> <span class='ocrx_word' id='word_1_319' title='bbox 893 2462 988 2496; x_wconf 81' lang='lat' dir='ltr'><strong>dedit</strong></span> <span class='ocrx_word' id='word_1_320' title='bbox 1004 2470 1038 2496; x_wconf 82' lang='lat' dir='ltr'><em>et</em></span> <span class='ocrx_word' id='word_1_321' title='bbox 1052 2463 1084 2496; x_wconf 91' lang='lat' dir='ltr'><strong>in</strong></span> <span class='ocrx_word' id='word_1_322' title='bbox 1101 2464 1222 2497; x_wconf 84' lang='lat' dir='ltr'><strong>multos</strong></span> <span class='ocrx_word' id='word_1_323' title='bbox 1242 2462 1382 2496; x_wconf 86' lang='lat' dir='ltr'><strong>minutos</strong></span> <span class='ocrx_word' id='word_1_324' title='bbox 1399 2459 1532 2493; x_wconf 84' lang='lat' dir='ltr'><strong>discidit</strong></span> <span class='ocrx_word' id='word_1_325' title='bbox 1548 2459 1717 2505; x_wconf 84' lang='lat' dir='ltr'><strong>principa-</strong></span> 
     </span>
     <span class='ocr_line' id='line_1_35' title="bbox 260 2505 1718 2554; baseline -0.001 -14"><span class='ocrx_word' id='word_1_326' title='bbox 260 2511 340 2550; x_wconf 63' lang='lat' dir='ltr'><strong>tus,</strong></span> <span class='ocrx_word' id='word_1_327' title='bbox 368 2507 605 2541; x_wconf 85' lang='lat' dir='ltr'><strong>invadentibus</strong></span> <span class='ocrx_word' id='word_1_328' title='bbox 627 2518 688 2553; x_wconf 88' lang='lat' dir='ltr'><strong>pro</strong></span> <span class='ocrx_word' id='word_1_329' title='bbox 705 2519 742 2540; x_wconf 82' lang='lat' dir='ltr'><em>se</em></span> <span class='ocrx_word' id='word_1_330' title='bbox 758 2507 1004 2552; x_wconf 88' lang='lat' dir='ltr'><strong>potentioribus</strong></span> <span class='ocrx_word' id='word_1_331' title='bbox 1031 2508 1218 2554; x_wconf 87' lang='lat' dir='ltr'><strong>quibusque</strong></span> <span class='ocrx_word' id='word_1_332' title='bbox 1232 2508 1317 2542; x_wconf 83' lang='lat' dir='ltr'><strong>inter</strong></span> <span class='ocrx_word' id='word_1_333' title='bbox 1332 2506 1529 2541; x_wconf 82' lang='lat' dir='ltr'><strong>seditionum</strong></span> <span class='ocrx_word' id='word_1_334' title='bbox 1545 2505 1718 2547; x_wconf 77' lang='lat' dir='ltr'><strong>tumultus,</strong></span> 
     </span>
     <span class='ocr_line' id='line_1_36' title="bbox 261 2551 1719 2599; baseline 0 -15"><span class='ocrx_word' id='word_1_335' title='bbox 261 2551 492 2597; x_wconf 85' lang='lat' dir='ltr'><strong>bellorumque</strong></span> <span class='ocrx_word' id='word_1_336' title='bbox 514 2554 645 2586; x_wconf 78' lang='lat' dir='ltr'><strong>furores</strong></span> <span class='ocrx_word' id='word_1_337' title='bbox 670 2553 815 2587; x_wconf 89' lang='lat' dir='ltr'><strong>civilium</strong></span> <span class='ocrx_word' id='word_1_338' title='bbox 828 2578 839 2595; x_wconf 87' lang='lat'>‚</span> <span class='ocrx_word' id='word_1_339' title='bbox 868 2564 952 2598; x_wconf 82' lang='lat' dir='ltr'><strong>quas</strong></span> <span class='ocrx_word' id='word_1_340' title='bbox 974 2554 1075 2587; x_wconf 86' lang='lat' dir='ltr'><strong>urbes</strong></span> <span class='ocrx_word' id='word_1_341' title='bbox 1091 2566 1221 2599; x_wconf 83' lang='lat' dir='ltr'><strong>quasve</strong></span> <span class='ocrx_word' id='word_1_342' title='bbox 1236 2552 1422 2599; x_wconf 82' lang='lat' dir='ltr'><strong>provincias</strong></span> <span class='ocrx_word' id='word_1_343' title='bbox 1437 2551 1577 2595; x_wconf 82' lang='lat' dir='ltr'><strong>quisque</strong></span> <span class='ocrx_word' id='word_1_344' title='bbox 1595 2561 1719 2584; x_wconf 83' lang='lat' dir='ltr'><strong>coneu-</strong></span> 
     </span>
     <span class='ocr_line' id='line_1_37' title="bbox 259 2596 1718 2677; baseline 0 -47"><span class='ocrx_word' id='word_1_345' title='bbox 259 2597 384 2677; x_wconf 51' lang='lat' dir='ltr'><strong>gisset.</strong></span> <span class='ocrx_word' id='word_1_346' title='bbox 432 2599 466 2631; x_wconf 91' lang='lat' dir='ltr'><strong>in</strong></span> <span class='ocrx_word' id='word_1_347' title='bbox 491 2598 530 2631; x_wconf 87' lang='lat' dir='ltr'><em>iis</em></span> <span class='ocrx_word' id='word_1_348' title='bbox 553 2598 750 2632; x_wconf 89' lang='lat' dir='ltr'><strong>Muchumet</strong></span> <span class='ocrx_word' id='word_1_349' title='bbox 775 2599 969 2633; x_wconf 85' lang='lat' dir='ltr'><strong>Iambraelis</strong></span> <span class='ocrx_word' id='word_1_350' title='bbox 995 2599 1103 2643; x_wconf 88' lang='lat' dir='ltr'><strong>filius,</strong></span> <span class='ocrx_word' id='word_1_351' title='bbox 1131 2598 1340 2644; x_wconf 78' lang='lat' dir='ltr'><strong>imperatoris</strong></span> <span class='ocrx_word' id='word_1_352' title='bbox 1360 2597 1474 2630; x_wconf 77' lang='lat' dir='ltr'><strong>Basilii</strong></span> <span class='ocrx_word' id='word_1_353' title='bbox 1500 2596 1718 2641; x_wconf 80' lang='lat' dir='ltr'><strong>temporibus,</strong></span> 
     </span>
    </p>

    <p class='ocr_par' dir='ltr' id='par_1_7' title="bbox 259 2642 1718 2917">
     <span class='ocr_line' id='line_1_38' title="bbox 294 2642 1718 2689; baseline 0 -14"><span class='ocrx_word' id='word_1_354' title='bbox 294 2643 397 2686; x_wconf 76' lang='lat' dir='ltr'><strong>ersis,</strong></span> <span class='ocrx_word' id='word_1_355' title='bbox 426 2643 537 2676; x_wconf 83' lang='lat' dir='ltr'><strong>Medis</strong></span> <span class='ocrx_word' id='word_1_356' title='bbox 554 2649 588 2678; x_wconf 88' lang='lat' dir='ltr'><em>et</em></span> <span class='ocrx_word' id='word_1_357' title='bbox 605 2644 772 2678; x_wconf 80' lang='lat' dir='ltr'><strong>Abritanis</strong></span> <span class='ocrx_word' id='word_1_358' title='bbox 788 2656 873 2679; x_wconf 80' lang='lat' dir='ltr'><strong>unus</strong></span> <span class='ocrx_word' id='word_1_359' title='bbox 888 2645 1100 2689; x_wconf 75' lang='lat' dir='ltr'><strong>imperitans,</strong></span> <span class='ocrx_word' id='word_1_360' title='bbox 1131 2645 1252 2679; x_wconf 75' lang='lat' dir='ltr'><strong>beilum</strong></span> <span class='ocrx_word' id='word_1_361' title='bbox 1273 2654 1347 2677; x_wconf 88' lang='lat' dir='ltr'><em>cum</em></span> <span class='ocrx_word' id='word_1_362' title='bbox 1369 2643 1456 2677; x_wconf 86' lang='lat' dir='ltr'><strong>Indis</strong></span> <span class='ocrx_word' id='word_1_363' title='bbox 1471 2648 1506 2676; x_wconf 86' lang='lat' dir='ltr'><em>et</em></span> <span class='ocrx_word' id='word_1_364' title='bbox 1524 2642 1718 2686; x_wconf 79' lang='lat' dir='ltr'><strong>Babyloniis</strong></span> 
     </span>
     <span class='ocr_line' id='line_1_39' title="bbox 260 2687 1717 2734; baseline 0 -13"><span class='ocrx_word' id='word_1_365' title='bbox 260 2688 421 2732; x_wconf 84' lang='lat' dir='ltr'><strong>gerebat,</strong></span> <span class='ocrx_word' id='word_1_366' title='bbox 449 2689 481 2722; x_wconf 90' lang='lat' dir='ltr'><strong>in</strong></span> <span class='ocrx_word' id='word_1_367' title='bbox 499 2699 565 2732; x_wconf 86' lang='lat' dir='ltr'><em>quo</em></span> <span class='ocrx_word' id='word_1_368' title='bbox 582 2700 655 2723; x_wconf 88' lang='lat' dir='ltr'><em>cum</em></span> <span class='ocrx_word' id='word_1_369' title='bbox 670 2691 806 2723; x_wconf 81' lang='lat' dir='ltr'><strong>fortuna</strong></span> <span class='ocrx_word' id='word_1_370' title='bbox 820 2702 895 2724; x_wconf 87' lang='lat' dir='ltr'><em>eum</em></span> <span class='ocrx_word' id='word_1_371' title='bbox 910 2691 1074 2724; x_wconf 84' lang='lat' dir='ltr'><strong>deficeret</strong></span> <span class='ocrx_word' id='word_1_372' title='bbox 1084 2717 1094 2733; x_wconf 90' lang='lat'>,</span> <span class='ocrx_word' id='word_1_373' title='bbox 1124 2701 1245 2734; x_wconf 85' lang='lat' dir='ltr'><strong>resque</strong></span> <span class='ocrx_word' id='word_1_374' title='bbox 1259 2694 1350 2722; x_wconf 83' lang='lat' dir='ltr'><strong>retro</strong></span> <span class='ocrx_word' id='word_1_375' title='bbox 1367 2688 1413 2721; x_wconf 87' lang='grc' dir='ltr'><em>ἰΙΙί</em></span> <span class='ocrx_word' id='word_1_376' title='bbox 1431 2688 1511 2722; x_wconf 78' lang='lat' dir='ltr'><strong>ferri</strong></span> <span class='ocrx_word' id='word_1_377' title='bbox 1525 2699 1604 2722; x_wconf 84' lang='lat' dir='ltr'><strong>suae</strong></span> <span class='ocrx_word' id='word_1_378' title='bbox 1617 2687 1717 2721; x_wconf 80' lang='lat' dir='ltr'><strong>vide-</strong></span> 
     </span>
     <span class='ocr_line' id='line_1_40' title="bbox 260 2733 1717 2781; baseline -0.001 -13"><span class='ocrx_word' id='word_1_379' title='bbox 260 2739 377 2768; x_wconf 83' lang='lat' dir='ltr'><strong>rentur</strong></span> <span class='ocrx_word' id='word_1_380' title='bbox 389 2760 400 2777; x_wconf 62' lang='lat' dir='ltr'>a</span> <span class='ocrx_word' id='word_1_381' title='bbox 436 2734 594 2778; x_wconf 86' lang='lat' dir='ltr'><strong>optimum</strong></span> <span class='ocrx_word' id='word_1_382' title='bbox 625 2736 718 2768; x_wconf 80' lang='lat' dir='ltr'><strong>sactu</strong></span> <span class='ocrx_word' id='word_1_383' title='bbox 750 2736 866 2777; x_wconf 86' lang='lat' dir='ltr'><strong>duxit,</strong></span> <span class='ocrx_word' id='word_1_384' title='bbox 897 2736 1066 2779; x_wconf 82' lang='lat' dir='ltr'><strong>legatione</strong></span> <span class='ocrx_word' id='word_1_385' title='bbox 1095 2736 1139 2769; x_wconf 82' lang='lat' dir='ltr'><em>ad</em></span> <span class='ocrx_word' id='word_1_386' title='bbox 1169 2734 1351 2781; x_wconf 86' lang='lat' dir='ltr'><strong>principem</strong></span> <span class='ocrx_word' id='word_1_387' title='bbox 1382 2734 1580 2768; x_wconf 86' lang='lat' dir='ltr'><strong>Hunnorum</strong></span> <span class='ocrx_word' id='word_1_388' title='bbox 1604 2733 1717 2774; x_wconf 76' lang='lat' dir='ltr'><strong>missa,</strong></span> 
     </span>
     <span class='ocr_line' id='line_1_41' title="bbox 259 2778 1717 2827; baseline -0.001 -14"><span class='ocrx_word' id='word_1_389' title='bbox 259 2779 369 2814; x_wconf 80' lang='lat' dir='ltr'><strong>socias</strong></span> <span class='ocrx_word' id='word_1_390' title='bbox 385 2779 473 2813; x_wconf 74' lang='lat' dir='ltr'><strong>illinc</strong></span> <span class='ocrx_word' id='word_1_391' title='bbox 489 2779 520 2812; x_wconf 89' lang='lat' dir='ltr'><strong>in</strong></span> <span class='ocrx_word' id='word_1_392' title='bbox 537 2779 692 2813; x_wconf 79' lang='lat' dir='ltr'><em>auxilium</em></span> <span class='ocrx_word' id='word_1_393' title='bbox 709 2783 821 2825; x_wconf 75' lang='lat' dir='ltr'><strong>copies</strong></span> <span class='ocrx_word' id='word_1_394' title='bbox 837 2786 976 2827; x_wconf 85' lang='lat' dir='ltr'><strong>petere:</strong></span> <span class='ocrx_word' id='word_1_395' title='bbox 1013 2781 1137 2814; x_wconf 85' lang='lat' dir='ltr'><strong>delecti</strong></span> <span class='ocrx_word' id='word_1_396' title='bbox 1159 2785 1310 2814; x_wconf 81' lang='lat' dir='ltr'><strong>oratores</strong></span> <span class='ocrx_word' id='word_1_397' title='bbox 1338 2790 1410 2813; x_wconf 91' lang='lat' dir='ltr'><em>cum</em></span> <span class='ocrx_word' id='word_1_398' title='bbox 1431 2779 1526 2813; x_wconf 83' lang='lat' dir='ltr'><strong>donis</strong></span> <span class='ocrx_word' id='word_1_399' title='bbox 1542 2778 1717 2824; x_wconf 76' lang='lat' dir='ltr'><strong>pretiosis-</strong></span> 
     </span>
     <span class='ocr_line' id='line_1_42' title="bbox 259 2824 1718 2870; baseline -0.001 -11"><span class='ocrx_word' id='word_1_400' title='bbox 259 2825 350 2860; x_wconf 75' lang='lat' dir='ltr'><strong>simis</strong></span> <span class='ocrx_word' id='word_1_401' title='bbox 367 2825 462 2859; x_wconf 87' lang='lat' dir='ltr'><strong>brevi</strong></span> <span class='ocrx_word' id='word_1_402' title='bbox 476 2824 608 2858; x_wconf 82' lang='lat' dir='ltr'><strong>rediere</strong></span> <span class='ocrx_word' id='word_1_403' title='bbox 625 2830 778 2860; x_wconf 83' lang='lat' dir='ltr'><strong>votorum</strong></span> <span class='ocrx_word' id='word_1_404' title='bbox 795 2830 988 2870; x_wconf 76' lang='lat' dir='ltr'><strong>compotes,</strong></span> <span class='ocrx_word' id='word_1_405' title='bbox 1023 2826 1271 2860; x_wconf 83' lang='lat' dir='ltr'><strong>auxiliariorum</strong></span> <span class='ocrx_word' id='word_1_406' title='bbox 1286 2825 1351 2859; x_wconf 88' lang='lat' dir='ltr'><strong>tria</strong></span> <span class='ocrx_word' id='word_1_407' title='bbox 1368 2825 1468 2859; x_wconf 81' lang='lat' dir='ltr'><strong>millia</strong></span> <span class='ocrx_word' id='word_1_408' title='bbox 1484 2825 1647 2859; x_wconf 81' lang='lat' dir='ltr'><strong>ducentes</strong></span> <span class='ocrx_word' id='word_1_409' title='bbox 1661 2834 1718 2858; x_wconf 78' lang='lat' dir='ltr'><strong>se-</strong></span> 
     </span>
     <span class='ocr_line' id='line_1_43' title="bbox 260 2869 1717 2917; baseline -0.001 -11"><span class='ocrx_word' id='word_1_410' title='bbox 260 2881 335 2906; x_wconf 85' lang='lat' dir='ltr'><em>cum</em></span> <span class='ocrx_word' id='word_1_411' title='bbox 350 2871 412 2906; x_wconf 81' lang='lat' dir='ltr'><em>sub</em></span> <span class='ocrx_word' id='word_1_412' title='bbox 428 2870 567 2907; x_wconf 75' lang='lat' dir='ltr'><strong>ducibus</strong></span> <span class='ocrx_word' id='word_1_413' title='bbox 583 2870 714 2906; x_wconf 77' lang='lat' dir='ltr'><strong>duobus</strong></span> <span class='ocrx_word' id='word_1_414' title='bbox 727 2896 739 2916; x_wconf 86' lang='lat'>,</span> <span class='ocrx_word' id='word_1_415' title='bbox 769 2871 977 2917; x_wconf 84' lang='lat' dir='ltr'><strong>Tangrolipe</strong></span> <span class='ocrx_word' id='word_1_416' title='bbox 991 2874 1028 2906; x_wconf 80' lang='lat' dir='ltr'><em>et</em></span> <span class='ocrx_word' id='word_1_417' title='bbox 1042 2872 1212 2906; x_wconf 79' lang='lat' dir='ltr'><strong>Mucaleto</strong></span> <span class='ocrx_word' id='word_1_418' title='bbox 1228 2871 1298 2907; x_wconf 82' lang='lat' dir='ltr'><em>filio</em></span> <span class='ocrx_word' id='word_1_419' title='bbox 1315 2870 1476 2906; x_wconf 74' lang='lat' dir='ltr'><strong>Maceelis</strong></span> <span class='ocrx_word' id='word_1_420' title='bbox 1487 2895 1499 2913; x_wconf 91' lang='lat'><strong>,</strong></span> <span class='ocrx_word' id='word_1_421' title='bbox 1530 2869 1589 2916; x_wconf 88' lang='lat' dir='ltr'><em>qui</em></span> <span class='ocrx_word' id='word_1_422' title='bbox 1612 2869 1717 2905; x_wconf 77' lang='lat' dir='ltr'><strong>traie-</strong></span> 
     </span>
    </p>
   </div>
  </div>
 </body>
</html>
