1878 3262
225 203 290 250 62
644 199 951 245 NICEPHORI
975 200 1245 247 BRYENNII
1288 233 1290 235 -

224 313 296 361 οὖν
325 315 490 372 ἡμίονον
519 312 697 373 εῧρηκιὺς
724 314 1015 372 ἐπαναβεβήκει
1049 318 1117 359 καὶ
1146 315 1247 374 πρὸς
1279 317 1352 373 τὴν
1382 315 1522 370 ἔξοδον
1549 317 1682 378 ὥρμα,

221 384 469 441 βουλόμενος
498 384 624 439 αὐτὴν
652 393 866 440 κατασχεῖν
895 387 962 428 καὶ
984 385 1079 436 τοὺς
1098 387 1430 443 περιλειφθέντας
1453 388 1562 439 ἐντὸς
1584 406 1683 445 συγ-

223 455 379 497 κλεῖσαι
393 457 466 495 τοῦ
477 451 673 509 χάρακος.
742 454 836 496 ἀλλ’
858 453 1049 512 ἔφθασαν
1071 459 1221 511 μικροῦ
1242 457 1323 497 δεῖν
1339 462 1477 512 φυγεῖν
1498 455 1683 508 ἅπαντες.

99 530 132 564 V
155 530 202 566 30
224 521 326 579 ἐξῄει
355 516 426 563 οὖν
454 524 520 564 καὶ
553 522 674 572 αὐτὸς
693 521 772 578 ἤδη
801 527 882 565 τῶν
904 522 1100 580 Τούρκων
1121 524 1375 577 αἰσθομένων
1398 523 1468 566 triv
1487 529 1566 567 τῶν
1581 524 1682 568 Ῥω·-

219 592 351 646 μαίων
382 590 564 648 δρασμὸν
591 593 659 633 καὶ
688 591 791 634 κατὰ
814 589 943 649 ῥύμης
963 592 1024 634 ὅτι
1046 593 1232 647 πλείστης
1251 594 1319 634 καὶ
1342 590 1549 646 δυνάμεως
1569 595 1716 647 {axv-5

220 664 296 717 ρᾶς
318 661 579 715 ἐπειγομένων
601 658 762 717 φθάσαι
785 661 880 711 τοὺς
903 659 1145 717 φεύγοντας,
1181 662 1248 702 καὶ
1274 659 1380 703 ἑάλω
1409 663 1444 702 εἰ
1460 661 1517 716 μὴ
1536 659 1556 702 ὃ
1580 661 1685 704 Θεό-.-

168 736 199 771 C
224 731 365 780 δοτος,
412 722 460 770 οὗ
493 726 674 785 πρόσθεν
705 727 726 770 ὃ
759 727 876 784 λόγος
909 727 1094 784 ἐμνήσθη
1104 761 1117 780 ,
1161 734 1235 771 τοῦ
1261 727 1406 785 κρότου
1443 734 1524 771 τῶν
1549 730 1684 772 ἵππων

218 795 465 851 αἰσθόμενος
478 799 544 839 καὶ
560 797 744 853 διαγνοὺς
758 796 811 847 ὥς
825 801 984 852 πλῆθος
1000 796 1196 854 Τούρκων
1209 798 1310 839 πολὺ
1324 797 1416 840 κατ3
1434 798 1568 840 αὐτῶν
1579 797 1684 840 ἕπει-

218 883 296 918 σιν,
325 867 542 908 ἀποπνεῦσαι
556 870 697 908 τοῦτον
709 865 854 922 μικρόν
866 884 904 908 τι
919 870 991 921 τῆς
1004 864 1103 908 ὖδοῦ
1116 865 1400 923 παρεσκεύασε.
1440 867 1684 918 ἐκκλίναντες

218 936 263 977 δὲ
277 939 348 989 τῆς
363 933 461 976 ὁδοῦ
474 936 539 976 καὶ
555 936 622 976 ἐπί
631 952 667 976 τι
677 936 829 991 χωρίον
843 935 1063 991 συνηρεφὲς
1076 933 1387 991 παραγενόμενοι
1398 934 1534 989 ἒζιιενον
1542 936 1683 992 μέχρις
1695 943 1740 978 10

218 1002 326 1045 ἅπαν
341 1003 384 1045 τὸ
399 1007 558 1058 πλῆθος
571 1007 650 1045 τιΐν
667 1002 861 1060 Τούρκων
876 1005 1054 1058 διῆλθεν.
1087 1001 1160 1045 εἶτ’
1178 1005 1330 1046 ἐκεῖθεν
1344 1002 1571 1060 ἀπάραντες
1583 1004 1684 1059 πρὸς

216 1072 312 1122 τοὺς
326 1070 537 1124 Διδύμους
551 1071 594 1113 τὸ
610 1070 704 1127 ὄρος
717 1072 936 1126 ἠπείγοντο.
973 1070 1174 1128 Τούρκοις
1195 1072 1236 1113 δ’
1264 1070 1491 1126 ἐντυχόντες
1504 1073 1571 1113 καὶ
1585 1071 1680 1114 κατ’

218 1141 375 1182 ἐκείνων
389 1137 638 1195 ὁρμήσαντες
652 1137 925 1195 διεσπάρησαν
935 1171 948 1191 ,
984 1141 1050 1181 καὶ
1064 1141 1144 1182 ἐπεὶ
1160 1140 1231 1190 νὺξ
1244 1135 1306 1195 ἦν,
1335 1141 1410 1194 οὐχ
1424 1138 1554 1182 οἷοίτε
1568 1138 1683 1195 γεγό-

216 1226 332 1251 νασιν
351 1210 406 1258 εἷς
426 1207 548 1249 ταύτὸ
565 1210 781 1257 ξυνελθεῖν.
810 1206 926 1263 ἀπῄει
941 1201 1012 1249 οὗν
1025 1208 1191 1258 ἕκαστος
1203 1208 1280 1263 ὅπη
1295 1209 1441 1262 ἔτυχεν.
1469 1207 1490 1250 ὃ
1510 1210 1554 1250 δὲ
1575 1212 1683 1250 κλει-

163 1285 197 1322 Ι)
219 1277 287 1327 νὸς
309 1278 482 1327 Ἀλέξιος
514 1274 637 1330 μόνος
669 1278 942 1333 περιλειφθεὶς
968 1276 1102 1330 ἐπειδὴ
1134 1278 1224 1333 περὶ
1255 1277 1349 1326 τούς
1369 1275 1579 1333 πρόποδας
1601 1280 1682 1319 τῶν
1695 1283 1738 1319 15

215 1344 415 1399 Διδύμων
436 1345 584 1400 ἐγένετο
594 1377 608 1396 ,
642 1348 715 1399 τῆς
743 1342 912 1399 ἡμιόνου
944 1344 1023 1399 ἤδη
1054 1347 1320 1395 κεκοπακυιάς
1346 1346 1412 1386 καὶ
1434 1346 1574 1399 μηκέτι
1595 1346 1684 1395 οἵας

215 1432 258 1456 τε
286 1413 410 1469 οὔσης
438 1414 680 1470 προσωτέρω
706 1420 876 1470 χωρεῖν,
912 1413 1071 1466 ἀποβὰς
1091 1412 1242 1468 ταύτης
1263 1418 1359 1470 πεηῆ
1378 1412 1472 1470 ὅρος
1495 1411 1604 1469 ἀνῄει
1626 1412 1682 1454 ἔτι

214 1482 286 1525 τὸν
302 1481 477 1539 θώρακα
499 1482 858 1538 περιβεβλημένος·
894 1480 1185 1523 ἀποδύσασθαι
1217 1482 1294 1538 γὰρ
1329 1486 1472 1523 τοῦτον
1503 1482 1550 1523 οὔ
1587 1484 1683 1531 ξυν-

214 1549 354 1607 εχώρει
375 1555 456 1592 τῶν
476 1551 574 1592 νέων
595 1550 641 1591 τὸ
661 1548 892 1606 πρόθυμον.
960 1552 1027 1592 καὶ
1058 1549 1145 1603 ἅμα
1178 1548 1296 1606 λόγος
1329 1567 1390 1599 τις
1422 1549 1489 1591 διὰ
1519 1548 1682 1603 μνήμης

215 1620 328 1676 αὐτῷ
348 1617 568 1676 φερόμενος
590 1616 776 1660 διεκώλυε
798 1622 962 1669 τοῦτον,
999 1616 1054 1668 ὡς
1075 1618 1269 1675 ἔφασκεν·
1305 1617 1383 1674 ἔφη
1410 1618 1487 1673 γὰρ
1512 1618 1737 1672 ἀκηκοέ-ΞΟ

213 1706 282 1730 ναι
312 1692 385 1729 τοῦ
413 1686 566 1744 πατρὸς
595 1684 930 1736 ἀποσκώπτοντος
962 1684 1063 1742 πρός
1094 1704 1183 1728 τινα
1205 1686 1256 1728 τὰ
1278 1684 1680 1739 ὅπλαάποβαλόντα.

213 1754 284 1799 διά
317 1773 379 1799 τοι
409 1760 528 1798 τοῦτο
565 1754 635 1797 τὸν
666 1753 843 1812 θώρακα
877 1755 1214 1812 περιβεβλημένος
1251 1752 1489 1811 ἒπεζοπόρει.
1557 1753 1604 1796 τὸ
1637 1754 1682 1796 δὲ

214 1940 283 1975 qua
301 1929 458 1963 exibatur
473 1929 563 1970 ruit,
597 1930 632 1962 et
653 1938 817 1962 revocare
839 1926 906 1961 iam
931 1937 1086 1971 egressos
1113 1929 1149 1961 et
1163 1927 1309 1961 retinere
1326 1927 1435 1962 adbuc
1449 1927 1539 1961 intra
1554 1927 1678 1963 vallum

212 1982 368 2020 repertos
385 1975 534 2020 cupiens.
559 1974 620 2007 sed
636 1974 702 2008 iam
716 1975 871 2007 exierant
887 1984 996 2017 paene
1011 1984 1125 2006 omnes
1144 1974 1326 2018 fugamque
1340 1974 1563 2008 maturabant.
1594 1974 1679 2008 exiit

211 2021 317 2065 igitur
338 2025 374 2054 et
395 2021 470 2065 ipse
481 2046 491 2061 ‚
526 2020 592 2053 iam
608 2020 733 2053 Turcis
760 2019 922 2052 furtivum
939 2020 1169 2052 Romanorum
1183 2019 1307 2052 abitum
1324 2019 1544 2053 sentientibus
1562 2023 1597 2053 et
1612 2019 1678 2053 im-

240 2071 296 2100 etu
322 2078 421 2111 quam
438 2065 729 2099 vehementissimo
747 2076 912 2109 manuque
927 2064 1038 2098 valida
1055 2065 1334 2098 contendentibus
1348 2065 1481 2109 assequi
1497 2065 1678 2110 fugientes.

212 2117 328 2156 ltaque
363 2111 468 2147 vitari
491 2123 557 2145 non
582 2116 717 2156 poterat
740 2111 820 2156 quin
845 2116 1025 2155 caperetur
1048 2110 1208 2153 Alexins,
1243 2110 1305 2144 nisi
1329 2111 1551 2152 Theodotus,
1586 2110 1678 2144 cuius

212 2160 311 2192 modo
338 2157 566 2199 meminimus,
612 2157 726 2190 audito
752 2156 896 2201 strepitu
924 2156 1134 2200 sequentium
1157 2167 1319 2200 equorum
1346 2161 1382 2189 et
1404 2156 1574 2190 inteliecto
1599 2155 1678 2190 inde

212 2205 407 2238 Turcorum
422 2214 574 2246 maguam
590 2202 833 2236 multitudinem
850 2201 884 2234 in
900 2201 989 2247 ipsos
1005 2213 1104 2236 ruere
1115 2227 1125 2243 ‚
1161 2203 1189 2235 ei
1207 2202 1369 2235 suasisset
1384 2202 1548 2246 paululum
1564 2201 1606 2234 de
1621 2201 1677 2235 via

213 2249 394 2283 declinare.
443 2248 535 2292 quod
559 2259 633 2281 cum
659 2247 820 2281 fecissent
842 2252 876 2280 et
901 2248 935 2281 in
961 2248 1035 2281 loco
1062 2248 1139 2281 avio
1164 2247 1321 2291 virgultis
1338 2253 1430 2281 tecto
1447 2246 1678 2281 consedissent

213 2300 249 2330 et
264 2294 374 2339 quoad
390 2293 570 2327 multitudo
587 2294 776 2327 'l‘urcorum
791 2293 1033 2338 praeteriisset,
1048 2293 1239 2334 latuissent,
1262 2293 1383 2326 deinde
1398 2293 1486 2326 illinc
1500 2297 1676 2326 moventes

212 2341 420 2375 festinabant
435 2347 529 2373 recta
543 2339 577 2372 in
593 2343 737 2372 montem
754 2339 806 2372 cui
823 2350 942 2372 nomen
957 2338 1107 2382 Didymi.
1154 2339 1215 2373 sed
1242 2339 1398 2372 euntibus
1412 2339 1600 2372 Turcorum
1616 2349 1675 2371 oc-

214 2387 319 2420 currit
343 2397 477 2428 manus‚
507 2385 541 2418 in
565 2396 651 2429 quos
675 2396 748 2418 cum
774 2385 932 2428 impetum
956 2385 1137 2426 fecissent,
1171 2384 1311 2429 dispersi
1329 2384 1550 2428 disiunctique
1566 2383 1677 2418 Alexii

214 2433 352 2466 comites
367 2433 410 2465 ab
426 2431 569 2465 invicem
585 2435 674 2472 sunt,
697 2434 865 2474 nocteque
881 2431 1143 2475 superveniente
1158 2430 1338 2464 convenire
1352 2430 1469 2463 iterum
1485 2440 1677 2473 congrega-

212 2479 311 2522 rique
328 2477 562 2521 nequiverunt.
603 2476 668 2510 ivit
683 2487 764 2519 ergo
781 2476 920 2520 quisque
935 2487 1002 2520 quo
1017 2477 1089 2509 fors
1107 2476 1193 2513 tulit.
1244 2476 1390 2520 inclytus
1415 2478 1524 2508 autem
1541 2475 1676 2524 Alexiup

213 2523 353 2557 relictus
378 2523 468 2556 solus
485 2523 551 2555 iam
576 2522 619 2555 ad
634 2522 766 2556 radices
780 2521 899 2555 montis
919 2521 1137 2565 Didymoi-um
1153 2533 1255 2565 aegre
1271 2524 1489 2567 pervenerat,
1522 2521 1610 2554 mula
1623 2520 1675 2555 ita

210 2568 357 2611 fatigata
371 2574 408 2600 ut
423 2568 583 2612 progredi
605 2579 672 2601 non
700 2571 819 2612 posset
838 2567 996 2609 ulterius,
1019 2568 1244 2610 exscendens‚
1281 2566 1422 2612 pedibus
1450 2566 1675 2601 acclivitatem

212 2614 334 2648 montis
349 2624 512 2657 superare
526 2625 706 2657 aggressus
723 2620 777 2646 est
791 2613 952 2646 loricatus
968 2613 1090 2647 adhuc.
1120 2614 1256 2646 loricam
1274 2612 1358 2646 enim
1374 2622 1498 2645 exuere
1512 2612 1677 2657 probibe-

212 2661 275 2694 bat
299 2659 454 2692 iuvenilis
477 2670 544 2703 qua
566 2661 723 2692 fervebat
747 2659 958 2702 generositas
983 2659 1163 2692 adiuvante
1185 2657 1363 2699 memoria,
1395 2669 1483 2701 quae
1497 2663 1568 2692 tum
1583 2659 1675 2692 forte

214 2704 403 2739 recursavit
428 2705 558 2747 animo,
586 2708 625 2737 ut
648 2715 786 2738 narrare
807 2704 883 2749 ipse
907 2704 1052 2747 solebat,
1074 2704 1155 2738 dicti
1178 2703 1358 2737 cuiusdam.
1407 2703 1522 2737 aiebat
1542 2703 1675 2737 scilicet

214 2751 363 2785 auditum
385 2749 448 2783 sibi
470 2750 648 2794 aliquando
673 2754 804 2794 patrem
828 2761 922 2783 suum
938 2761 1011 2783 cum
1029 2750 1153 2783 acriter
1166 2749 1358 2794 increparet
1373 2749 1560 2792 quemdam,
1580 2748 1674 2794 quod

213 2797 241 2830 is
261 2797 328 2830 iter
349 2796 491 2841 pedibus
513 2795 642 2829 faciens
668 2806 759 2828 arma
776 2795 950 2828 omisisset.
998 2795 1082 2828 haec
1098 2805 1200 2828 causa
1215 2794 1260 2828 illi
1277 2793 1341 2828 suit
1356 2794 1556 2828 obfirmandi
1571 2794 1672 2829 animi

211 2843 245 2878 in
269 2841 459 2878 constantia
480 2841 606 2876 laboris
628 2841 714 2876 tanti
740 2840 906 2876 tolerandi
930 2839 1075 2885 viaeque
1096 2840 1223 2875 arduae
1246 2850 1288 2875 ac
1309 2840 1434 2887 longae
1455 2841 1519 2876 sub
1544 2840 1674 2876 loricae
