1878 3262
522 714 1243 765 DESCRIPTIO

197 859 467 932 URBIS
545 858 1578 936 CONSTANTINOPOLEOS.

234 1034 295 1073 Ex
312 1035 593 1088 Christophori
623 1036 672 1075 de
690 1035 1046 1075 Bondelmontibus
1068 1034 1291 1074 Florentini
1318 1049 1438 1088 opere
1457 1037 1540 1078 MS.

149 1114 259 1165 quod
284 1114 333 1152 de
356 1115 494 1154 insulis
516 1115 766 1168 Archipelagi
794 1115 1019 1168 inscripsit,
1056 1121 1098 1152 et
1129 1115 1179 1153 ad
1209 1115 1458 1155 cardinalem
1484 1117 1626 1156 Iorda-

146 1207 245 1237 num
270 1194 319 1232 de
341 1195 502 1235 civitate
523 1194 658 1234 Rhodi
677 1196 845 1235 Romam
866 1194 996 1246 misit,
1026 1209 1132 1234 anno
1155 1194 1306 1234 Christi
1329 1194 1439 1239 1422
1459 1196 1628 1249 proinde

270 1281 362 1314 ante
394 1281 663 1326 expugnatam
703 1289 727 1312 a
766 1275 906 1314 Turcis
942 1274 1095 1314 urbem.
1154 1282 1287 1315 exstat
1321 1275 1425 1315 illud
1460 1278 1504 1316 in

393 1354 632 1394 bibliotheca
653 1355 757 1407 regis
779 1354 1114 1405 christianissimi,
1145 1355 1243 1394 Cod.
1264 1354 1386 1398 1214.

147 1642 356 1712 Devenio
386 1666 438 1705 ad
465 1667 609 1705 laesam
639 1665 1023 1719 Constantinopolim
1045 1665 1204 1717 urbem,
1235 1672 1277 1704 et
1299 1666 1482 1717 quamvis
1498 1666 1627 1705 insula
1650 1673 1679 1709 P
1707 1674 1772 1710 179

147 1737 233 1762 non
263 1723 337 1772 sit,
375 1729 587 1775 postquam
613 1723 695 1762 huc
724 1724 999 1775 pervenimus,
1041 1723 1090 1761 de
1125 1736 1170 1762 ea
1206 1737 1333 1775 pauca
1358 1724 1628 1775 pertractabi-

148 1793 259 1827 mus,
289 1778 307 1803 1
334 1785 381 1817 ut
410 1780 462 1818 ad
486 1781 680 1819 indicium
695 1781 913 1832 lugentium
931 1781 1201 1832 perveniatur.
1260 1786 1320 1818 est
1339 1780 1460 1831 igitur
1477 1794 1499 1817 a
1519 1781 1628 1819 Con-

136 1836 329 1875 -stantino
366 1835 495 1886 dicta,
524 1836 547 1860 ²
580 1850 681 1888 quae
709 1837 847 1875 iuncta
878 1850 968 1874 cum
999 1836 1193 1887 Byzantio
1219 1849 1306 1874 eam
1335 1837 1508 1875 maxime
1540 1851 1627 1876 am-

149 1894 304 1945 pliavit.
362 1899 455 1945 post
494 1899 627 1932 autem
665 1894 829 1932 saeculis
865 1893 1089 1931 labentibus
1117 1894 1377 1945 imperatores
1408 1892 1426 1917 ³
1455 1894 1628 1933 ecclesiis

149 1964 238 1988 eam
267 1963 483 1999 ornavere,
525 1956 565 1988 et
594 1951 825 2002 praesertim
849 1950 1108 2002 lastinianus,
1146 1951 1214 2002 qui
1240 1951 1343 2002 leges
1373 1951 1556 1991 condidit
1586 1958 1628 1990 et

151 2009 350 2046 Sanctam
366 2007 562 2058 Sophiam
584 2008 810 2046 aedificavit
834 2021 924 2046 cum
945 2008 1113 2059 palatio
1146 2013 1186 2046 et
1217 2006 1240 2031 4
1263 2006 1501 2059 prodromo.
1556 2022 1628 2048 re-

150 2071 288 2107 manet
306 2077 398 2115 ergo
418 2064 437 2088 ⁵
452 2065 714 2116 triangulata,
736 2070 777 2103 et
798 2067 851 2108 18
872 2071 932 2103 est
949 2065 992 2102 in
1010 2064 1179 2103 circuitu
1199 2065 1440 2103 milliarium.
1495 2065 1627 2117 primo

150 2122 273 2174 igitur
294 2122 342 2160 de
362 2121 381 2145 ⁶
398 2121 569 2172 Angulo
592 2123 632 2160 S.
654 2124 854 2160 Demetrii
872 2135 997 2172 usque
1016 2122 1068 2160 ad
1090 2122 1290 2173 Angulum
1316 2121 1338 2146 ⁷
1373 2122 1415 2161 V
1411 2122 1628 2162 laclzernae

152 2182 180 2220 6
198 2179 398 2228 milliaria,
428 2192 507 2230 quo
529 2178 571 2216 in
588 2180 714 2230 spatio
734 2186 892 2218 centum
913 2186 953 2218 et
974 2179 1108 2217 decem
1131 2179 1339 2230 eriguntur
1355 2185 1501 2218 turres.
1549 2180 1626 2218 ab-

151 2235 247 2277 hinc
260 2235 380 2287 igitur
396 2249 521 2287 usque
533 2237 584 2273 ad
597 2235 615 2259 ⁸
632 2236 812 2275 Cris-eam
822 2244 991 2288 portam
1009 2236 1184 2288 quinque
1200 2235 1382 2275 milliaria
1400 2250 1493 2275 cum
1508 2250 1627 2276 muro

153 2299 195 2331 et
219 2292 238 2317 ⁹
264 2294 499 2332 antemurali
517 2293 800 2342 munitissimo,
830 2300 871 2332 et
886 2294 991 2333 vallo
1015 2307 1209 2345 aquarum
1226 2292 1266 2318 1⁰
1284 2294 1552 2345 surgentium,
1585 2299 1627 2332 et

152 2356 285 2389 turres
300 2350 342 2388 in
363 2364 480 2389 muro
498 2350 631 2388 altiori
651 2354 718 2394 96.
776 2350 920 2390 dehinc
945 2364 1071 2402 usque
1088 2351 1234 2389 iterum
1255 2352 1454 2390 Sanctum
1473 2352 1626 2388 Deme-

154 2408 282 2447 trium
301 2407 483 2446 milliaria
497 2411 523 2449 7
542 2413 581 2444 et
598 2405 730 2446 turres
751 2411 843 2458 188,
869 2409 910 2447 in
928 2409 1072 2459 quibus
1089 2408 1295 2446 moenibus
1317 2414 1377 2445 est
1394 2420 1555 2458 campus
1573 2407 1624 2445 ab

156 2470 284 2513 extra,
305 2470 345 2502 et
363 2464 458 2503 olim
475 2470 618 2516 portus
638 2463 675 2488 11
706 2465 880 2516 Ulanga,
900 2464 941 2489 1²
962 2466 1031 2503 ubi
1058 2466 1198 2503 Graeci
1217 2464 1371 2512 50000,
1394 2469 1440 2502 ut
1462 2463 1624 2514 dicitur,

154 2520 424 2573 Francorum,
454 2534 554 2573 pane
572 2521 717 2559 calcino
738 2523 982 2562 frumentato
1001 2522 1135 2560 dolose
1159 2535 1210 2560 ex
1230 2520 1382 2559 invidia
1398 2520 1462 2558 vel
1478 2521 1624 2560 timore

156 2577 409 2628 occiderunt,
439 2592 609 2629 quorum
631 2592 716 2617 ossa
731 2579 1033 2618 innumerabilia
1051 2592 1176 2630 usque
1195 2579 1238 2617 in
1257 2576 1498 2629 hodiernum
1518 2579 1624 2617 diem

156 2633 366 2685 perhibent
398 2636 684 2674 testimonium.
741 2642 782 2675 et
807 2637 1029 2688 propinqua
1057 2635 1154 2673 huic
1181 2634 1219 2659 ¹³
1253 2624 1520 2683 candos-oali,
1558 2635 1623 2673 vel

158 2689 200 2714 ¹4
221 2690 380 2730 Arsena
402 2698 536 2731 restat.
593 2698 633 2731 et
649 2693 758 2732 ultra
772 2694 850 2732 fuit
868 2706 988 2745 supra
1006 2693 1160 2731 moenia
1181 2692 1462 2744 amplissimum
1487 2690 1525 2716 ¹⁵
1548 2691 1622 2730 Iu-

159 2749 332 2787 stiniani
347 2750 581 2802 palatium,
624 2763 715 2790 cum
739 2751 899 2790 ecclesia
921 2749 959 2776 ¹⁶
979 2752 1094 2790 Enea
1117 2750 1240 2802 dicta,
1271 2749 1510 2788 nobilissima
1532 2748 1622 2787 Mo·-
