<?xml version="1.0" encoding="UTF-8"?>
<!DOCTYPE html PUBLIC "-//W3C//DTD XHTML 1.0 Transitional//EN"
    "http://www.w3.org/TR/xhtml1/DTD/xhtml1-transitional.dtd">
<html xmlns="http://www.w3.org/1999/xhtml" xml:lang="en" lang="en">
 <head>
  <title>
</title>
<meta http-equiv="Content-Type" content="text/html;charset=utf-8" />
  <meta name='ocr-system' content='tesseract 3.04.00' />
  <meta name='ocr-capabilities' content='ocr_page ocr_carea ocr_par ocr_line ocrx_word'/>
</head>
<body>
  <div class='ocr_page' id='page_1' title='image "./corpusscriptorum26niebuoft_0429.png"; bbox 0 0 1878 3262; ppageno 0'>
   <div class='ocr_carea' id='block_1_1' title="bbox 370 203 1638 256">
    <p class='ocr_par' dir='ltr' id='par_1_1' title="bbox 370 203 1638 256">
     <span class='ocr_line' id='line_1_1' title="bbox 370 203 1638 256; baseline -0.004 0"><span class='ocrx_word' id='word_1_1' title='bbox 370 213 428 256; x_wconf 87' lang='lat' dir='ltr'><strong>IN</strong></span> <span class='ocrx_word' id='word_1_2' title='bbox 445 211 757 255; x_wconf 84' lang='lat' dir='ltr'>HISTORIAM</span> <span class='ocrx_word' id='word_1_3' title='bbox 776 210 1000 254; x_wconf 86' lang='lat' dir='ltr'><strong>IOANNIS</strong></span> <span class='ocrx_word' id='word_1_4' title='bbox 1019 207 1248 253; x_wconf 83' lang='lat' dir='ltr'><strong>GJNNAMI</strong></span> <span class='ocrx_word' id='word_1_5' title='bbox 1265 205 1464 251; x_wconf 87' lang='lat' dir='ltr'><strong>NOTAE.</strong></span> <span class='ocrx_word' id='word_1_6' title='bbox 1540 203 1638 251; x_wconf 84' lang='lat'><strong>39⁷</strong></span> 
     </span>
    </p>
   </div>
   <div class='ocr_carea' id='block_1_2' title="bbox 162 315 1781 2118">
    <p class='ocr_par' dir='ltr' id='par_1_2' title="bbox 162 315 1781 2118">
     <span class='ocr_line' id='line_1_2' title="bbox 191 315 1637 391; baseline -0.005 -29"><span class='ocrx_word' id='word_1_7' title='bbox 191 316 321 391; x_wconf 80' lang='grc' dir='ltr'><strong><em>ωνπερ</em></strong></span> <span class='ocrx_word' id='word_1_8' title='bbox 349 317 396 361; x_wconf 78' lang='grc' dir='ltr'><em>τό</em></span> <span class='ocrx_word' id='word_1_9' title='bbox 425 315 624 362; x_wconf 78' lang='grc' dir='ltr'><strong><em>οἷνὲκαθεν</em></strong></span> <span class='ocrx_word' id='word_1_10' title='bbox 657 318 844 361; x_wconf 79' lang='grc' dir='ltr'><strong><em>ἐτέτακτο.</em></strong></span> <span class='ocrx_word' id='word_1_11' title='bbox 900 318 1006 357; x_wconf 85' lang='lat' dir='ltr'><strong>idem</strong></span> <span class='ocrx_word' id='word_1_12' title='bbox 1035 317 1103 357; x_wconf 92' lang='lat' dir='ltr'><strong>lib.</strong></span> <span class='ocrx_word' id='word_1_13' title='bbox 1126 320 1154 360; x_wconf 82' lang='grc'>2</span> <span class='ocrx_word' id='word_1_14' title='bbox 1185 316 1235 355; x_wconf 90' lang='lat' dir='ltr'><strong>de</strong></span> <span class='ocrx_word' id='word_1_15' title='bbox 1262 316 1369 355; x_wconf 86' lang='lat' dir='ltr'><strong>Bello</strong></span> <span class='ocrx_word' id='word_1_16' title='bbox 1397 315 1519 355; x_wconf 83' lang='lat' dir='ltr'><strong>Pers.:</strong></span> <span class='ocrx_word' id='word_1_17' title='bbox 1556 330 1637 356; x_wconf 90' lang='grc' dir='ltr'><strong>των</strong></span> 
     </span>
     <span class='ocr_line' id='line_1_3' title="bbox 189 368 1639 446; baseline -0.005 -27"><span class='ocrx_word' id='word_1_18' title='bbox 189 374 428 431; x_wconf 64' lang='grc' dir='ltr'><strong><em>ἀπορρήτων</em></strong></span> <span class='ocrx_word' id='word_1_19' title='bbox 445 373 704 446; x_wconf 80' lang='grc' dir='ltr'><strong><em>γραμματεύς.</em></strong></span> <span class='ocrx_word' id='word_1_20' title='bbox 733 375 977 427; x_wconf 84' lang='lat' dir='ltr'><strong>Nicephorus</strong></span> <span class='ocrx_word' id='word_1_21' title='bbox 993 377 1060 426; x_wconf 91' lang='lat' dir='ltr'><strong>Cp.</strong></span> <span class='ocrx_word' id='word_1_22' title='bbox 1074 375 1116 412; x_wconf 87' lang='lat' dir='ltr'><strong>in</strong></span> <span class='ocrx_word' id='word_1_23' title='bbox 1133 373 1351 412; x_wconf 83' lang='lat' dir='ltr'><strong>Breviario.</strong></span> <span class='ocrx_word' id='word_1_24' title='bbox 1347 368 1639 441; x_wconf 75' lang='grc' dir='ltr'><strong><em>ἄναγορεύου·</em></strong></span> 
     </span>
     <span class='ocr_line' id='line_1_4' title="bbox 191 425 1639 502; baseline -0.004 -28"><span class='ocrx_word' id='word_1_25' title='bbox 191 446 256 475; x_wconf 82' lang='grc' dir='ltr'><strong><em>σιν</em></strong></span> <span class='ocrx_word' id='word_1_26' title='bbox 285 435 341 483; x_wconf 80' lang='grc' dir='ltr'><strong>εἰς</strong></span> <span class='ocrx_word' id='word_1_27' title='bbox 369 433 532 486; x_wconf 81' lang='grc' dir='ltr'><strong><em>βασιλέα</em></strong></span> <span class='ocrx_word' id='word_1_28' title='bbox 560 430 763 502; x_wconf 81' lang='grc' dir='ltr'><strong><em>Ἀρτέμιον</em></strong></span> <span class='ocrx_word' id='word_1_29' title='bbox 792 434 1037 472; x_wconf 81' lang='grc' dir='ltr'><strong><em>Φιλιππικοῦ</em></strong></span> <span class='ocrx_word' id='word_1_30' title='bbox 1063 430 1313 484; x_wconf 77' lang='grc' dir='ltr'><strong><em>γραμματέα,</em></strong></span> <span class='ocrx_word' id='word_1_31' title='bbox 1342 426 1393 469; x_wconf 73' lang='grc' dir='ltr'><strong><em>ὃν</em></strong></span> <span class='ocrx_word' id='word_1_32' title='bbox 1411 432 1462 485; x_wconf 83' lang='grc' dir='ltr'><strong>τῇ</strong></span> <span class='ocrx_word' id='word_1_33' title='bbox 1483 425 1639 469; x_wconf 71' lang='grc' dir='ltr'><strong><em>Ἰταλῶν</em></strong></span> 
     </span>
     <span class='ocr_line' id='line_1_5' title="bbox 187 485 1640 546; baseline -0.004 -16"><span class='ocrx_word' id='word_1_34' title='bbox 187 493 310 546; x_wconf 81' lang='grc' dir='ltr'><strong><em>φωνῆ</em></strong></span> <span class='ocrx_word' id='word_1_35' title='bbox 342 493 534 530; x_wconf 76' lang='grc' dir='ltr'><strong><em>καλοῦσιν</em></strong></span> <span class='ocrx_word' id='word_1_36' title='bbox 565 486 1020 557; x_wconf 56' lang='lat' dir='ltr'><strong>donnquag.1gnatius</strong></span> <span class='ocrx_word' id='word_1_37' title='bbox 1051 487 1244 525; x_wconf 85' lang='lat' dir='ltr'><strong>Diaconus</strong></span> <span class='ocrx_word' id='word_1_38' title='bbox 1271 487 1312 524; x_wconf 89' lang='lat' dir='ltr'><strong>in</strong></span> <span class='ocrx_word' id='word_1_39' title='bbox 1345 486 1435 524; x_wconf 86' lang='lat' dir='ltr'><strong>Vita</strong></span> <span class='ocrx_word' id='word_1_40' title='bbox 1465 485 1640 524; x_wconf 86' lang='lat' dir='ltr'><strong>eiusdem</strong></span> 
     </span>
     <span class='ocr_line' id='line_1_6' title="bbox 184 540 1640 598; baseline -0.002 -14"><span class='ocrx_word' id='word_1_41' title='bbox 184 547 314 585; x_wconf 84' lang='lat' dir='ltr'><strong>sancti</strong></span> <span class='ocrx_word' id='word_1_42' title='bbox 343 545 552 598; x_wconf 87' lang='lat' dir='ltr'><strong>Nicephori</strong></span> <span class='ocrx_word' id='word_1_43' title='bbox 579 560 618 585; x_wconf 92' lang='lat' dir='ltr'><strong>n.</strong></span> <span class='ocrx_word' id='word_1_44' title='bbox 648 549 695 587; x_wconf 91' lang='grc'><strong>7·</strong></span> <span class='ocrx_word' id='word_1_45' title='bbox 736 544 804 585; x_wconf 80' lang='grc' dir='ltr'><strong><em>καὶ</em></strong></span> <span class='ocrx_word' id='word_1_46' title='bbox 837 542 912 596; x_wconf 76' lang='grc' dir='ltr'><strong>τήν</strong></span> <span class='ocrx_word' id='word_1_47' title='bbox 939 541 1007 584; x_wconf 81' lang='grc' dir='ltr'><strong><em>δια</em></strong></span> <span class='ocrx_word' id='word_1_48' title='bbox 1035 541 1167 596; x_wconf 79' lang='grc' dir='ltr'><strong><em>χειρὸς</em></strong></span> <span class='ocrx_word' id='word_1_49' title='bbox 1202 541 1270 583; x_wconf 84' lang='grc' dir='ltr'><strong><em>καὶ</em></strong></span> <span class='ocrx_word' id='word_1_50' title='bbox 1300 542 1469 595; x_wconf 71' lang='grc' dir='ltr'><strong><em>μέλανος</em></strong></span> <span class='ocrx_word' id='word_1_51' title='bbox 1498 540 1640 594; x_wconf 81' lang='grc' dir='ltr'><strong><em>τέχνην</em></strong></span> 
     </span>
     <span class='ocr_line' id='line_1_7' title="bbox 183 596 1641 671; baseline -0.004 -27"><span class='ocrx_word' id='word_1_52' title='bbox 183 600 444 655; x_wconf 81' lang='grc' dir='ltr'><strong><em>ποιούμενος·</em></strong></span> <span class='ocrx_word' id='word_1_53' title='bbox 477 601 605 671; x_wconf 69' lang='grc' dir='ltr'><strong><em>ᾑρέθη</em></strong></span> <span class='ocrx_word' id='word_1_54' title='bbox 627 618 703 655; x_wconf 79' lang='grc' dir='ltr'><strong><em>γαρ</em></strong></span> <span class='ocrx_word' id='word_1_55' title='bbox 727 597 985 670; x_wconf 70' lang='grc' dir='ltr'><strong><em>ὑπογραφεὺς</em></strong></span> <span class='ocrx_word' id='word_1_56' title='bbox 1013 603 1097 647; x_wconf 86' lang='grc' dir='ltr'><strong><em>τοῖς</em></strong></span> <span class='ocrx_word' id='word_1_57' title='bbox 1114 615 1193 639; x_wconf 88' lang='grc' dir='ltr'><strong>των</strong></span> <span class='ocrx_word' id='word_1_58' title='bbox 1213 596 1468 650; x_wconf 77' lang='grc' dir='ltr'><strong><em>κρατούντων</em></strong></span> <span class='ocrx_word' id='word_1_59' title='bbox 1490 611 1641 650; x_wconf 80' lang='grc' dir='ltr'><strong><em>μυστη-</em></strong></span> 
     </span>
     <span class='ocr_line' id='line_1_8' title="bbox 184 651 1636 727; baseline -0.004 -27"><span class='ocrx_word' id='word_1_60' title='bbox 184 660 288 711; x_wconf 79' lang='grc' dir='ltr'><strong><em>ρίοις</em></strong></span> <span class='ocrx_word' id='word_1_61' title='bbox 311 657 656 727; x_wconf 75' lang='grc' dir='ltr'><strong><em>ὖπηρετούμενος·</em></strong></span> <span class='ocrx_word' id='word_1_62' title='bbox 688 674 793 699; x_wconf 85' lang='grc' dir='ltr'><strong><em>ουτω</em></strong></span> <span class='ocrx_word' id='word_1_63' title='bbox 818 654 894 711; x_wconf 68' lang='grc' dir='ltr'><strong>γὰρ</strong></span> <span class='ocrx_word' id='word_1_64' title='bbox 923 671 1033 709; x_wconf 85' lang='grc' dir='ltr'><strong><em>παρα</em></strong></span> <span class='ocrx_word' id='word_1_65' title='bbox 1068 658 1120 711; x_wconf 77' lang='grc' dir='ltr'><strong>τῇ</strong></span> <span class='ocrx_word' id='word_1_66' title='bbox 1145 651 1344 696; x_wconf 80' lang='grc' dir='ltr'><strong><em>Λυσόνιδι</em></strong></span> <span class='ocrx_word' id='word_1_67' title='bbox 1377 654 1563 695; x_wconf 80' lang='grc' dir='ltr'><strong><em>διαλέκτω</em></strong></span> <span class='ocrx_word' id='word_1_68' title='bbox 1592 670 1636 695; x_wconf 91' lang='grc' dir='ltr'><strong>το</strong></span> 
     </span>
     <span class='ocr_line' id='line_1_9' title="bbox 185 697 1638 769; baseline -0.004 -13"><span class='ocrx_word' id='word_1_69' title='bbox 185 712 402 769; x_wconf 85' lang='grc' dir='ltr'><strong><em>ασηκρῆτις</em></strong></span> <span class='ocrx_word' id='word_1_70' title='bbox 418 731 560 767; x_wconf 88' lang='grc' dir='ltr'><strong><em>ονομα,</em></strong></span> <span class='ocrx_word' id='word_1_71' title='bbox 584 712 608 755; x_wconf 77' lang='grc' dir='ltr'><em>ὃ</em></span> <span class='ocrx_word' id='word_1_72' title='bbox 625 713 690 755; x_wconf 80' lang='grc' dir='ltr'><strong>ἐπὶ</strong></span> <span class='ocrx_word' id='word_1_73' title='bbox 708 717 790 754; x_wconf 78' lang='grc' dir='ltr'><strong><em>τοῖν</em></strong></span> <span class='ocrx_word' id='word_1_74' title='bbox 806 714 1033 766; x_wconf 83' lang='grc' dir='ltr'><strong><em>μυστηρίων</em></strong></span> <span class='ocrx_word' id='word_1_75' title='bbox 1055 709 1424 764; x_wconf 81' lang='grc' dir='ltr'><strong><em>μεθερμηνεύεσθαι</em></strong></span> <span class='ocrx_word' id='word_1_76' title='bbox 1443 697 1638 763; x_wconf 82' lang='grc' dir='ltr'><strong><em>βούλεται.</em></strong></span> 
     </span>
     <span class='ocr_line' id='line_1_10' title="bbox 183 767 1640 823; baseline -0.003 -13"><span class='ocrx_word' id='word_1_77' title='bbox 183 785 330 810; x_wconf 85' lang='lat' dir='ltr'><strong>munus</strong></span> <span class='ocrx_word' id='word_1_78' title='bbox 358 772 485 823; x_wconf 86' lang='lat' dir='ltr'><strong>ipsum</strong></span> <span class='ocrx_word' id='word_1_79' title='bbox 514 768 680 823; x_wconf 75' lang='grc' dir='ltr'><strong><em>μυστικῆ</em></strong></span> <span class='ocrx_word' id='word_1_80' title='bbox 707 773 786 810; x_wconf 75' lang='grc' dir='ltr'><strong>τῶν</strong></span> <span class='ocrx_word' id='word_1_81' title='bbox 813 767 1066 821; x_wconf 81' lang='grc' dir='ltr'><strong><em>κρατούντων</em></strong></span> <span class='ocrx_word' id='word_1_82' title='bbox 1095 767 1292 819; x_wconf 68' lang='grc' dir='ltr'><strong><em>ὑπηρεσία</em></strong></span> <span class='ocrx_word' id='word_1_83' title='bbox 1333 768 1479 805; x_wconf 81' lang='lat' dir='ltr'><strong>dicitur</strong></span> <span class='ocrx_word' id='word_1_84' title='bbox 1513 767 1640 806; x_wconf 88' lang='lat' dir='ltr'><strong>eidem</strong></span> 
     </span>
     <span class='ocr_line' id='line_1_11' title="bbox 183 823 1638 879; baseline -0.003 -13"><span class='ocrx_word' id='word_1_85' title='bbox 183 842 222 867; x_wconf 92' lang='lat' dir='ltr'><strong>n.</strong></span> <span class='ocrx_word' id='word_1_86' title='bbox 245 831 284 870; x_wconf 91' lang='lat'><strong>9.</strong></span> <span class='ocrx_word' id='word_1_87' title='bbox 342 828 515 866; x_wconf 89' lang='lat' dir='ltr'><strong>occurrit</strong></span> <span class='ocrx_word' id='word_1_88' title='bbox 543 829 684 879; x_wconf 86' lang='lat' dir='ltr'><strong>passim</strong></span> <span class='ocrx_word' id='word_1_89' title='bbox 710 826 816 878; x_wconf 90' lang='lat' dir='ltr'><strong>apud</strong></span> <span class='ocrx_word' id='word_1_90' title='bbox 841 826 1051 876; x_wconf 84' lang='lat' dir='ltr'>scriptores</span> <span class='ocrx_word' id='word_1_91' title='bbox 1068 825 1324 876; x_wconf 78' lang='lat' dir='ltr'><strong>ByzantinoS,</strong></span> <span class='ocrx_word' id='word_1_92' title='bbox 1355 823 1638 875; x_wconf 84' lang='lat' dir='ltr'><strong>Theophylact.</strong></span> 
     </span>
     <span class='ocr_line' id='line_1_12' title="bbox 181 880 1639 932; baseline -0.003 -10"><span class='ocrx_word' id='word_1_93' title='bbox 181 885 386 927; x_wconf 80' lang='lat' dir='ltr'><strong>Simocatt,</strong></span> <span class='ocrx_word' id='word_1_94' title='bbox 406 884 430 925; x_wconf 89' lang='lat' dir='ltr'><strong>l.</strong></span> <span class='ocrx_word' id='word_1_95' title='bbox 446 888 471 926; x_wconf 93' lang='lat'>8</span> <span class='ocrx_word' id='word_1_96' title='bbox 490 897 523 923; x_wconf 81' lang='lat' dir='ltr'><strong>c,</strong></span> <span class='ocrx_word' id='word_1_97' title='bbox 540 887 601 931; x_wconf 91' lang='lat'><strong>10,</strong></span> <span class='ocrx_word' id='word_1_98' title='bbox 631 883 872 924; x_wconf 81' lang='lat' dir='ltr'><strong>constantin.</strong></span> <span class='ocrx_word' id='word_1_99' title='bbox 891 883 939 919; x_wconf 91' lang='lat' dir='ltr'><strong>de</strong></span> <span class='ocrx_word' id='word_1_100' title='bbox 965 881 1119 921; x_wconf 84' lang='lat' dir='ltr'><strong>Admin.</strong></span> <span class='ocrx_word' id='word_1_101' title='bbox 1141 880 1308 932; x_wconf 88' lang='lat' dir='ltr'><strong>Imperio</strong></span> <span class='ocrx_word' id='word_1_102' title='bbox 1330 880 1438 928; x_wconf 64' lang='lat'><strong>046,</strong></span> <span class='ocrx_word' id='word_1_103' title='bbox 1469 881 1639 920; x_wconf 79' lang='lat' dir='ltr'><strong>Manass.</strong></span> 
     </span>
     <span class='ocr_line' id='line_1_13' title="bbox 180 937 1781 993; baseline -0.002 -15"><span class='ocrx_word' id='word_1_104' title='bbox 180 954 221 993; x_wconf 86' lang='lat' dir='ltr'><strong>p.</strong></span> <span class='ocrx_word' id='word_1_105' title='bbox 248 941 326 982; x_wconf 88' lang='lat'><strong>159</strong></span> <span class='ocrx_word' id='word_1_106' title='bbox 347 941 440 980; x_wconf 83' lang='lat' dir='ltr'><strong>edit.</strong></span> <span class='ocrx_word' id='word_1_107' title='bbox 462 940 641 990; x_wconf 84' lang='lat' dir='ltr'><strong>Meursii‚</strong></span> <span class='ocrx_word' id='word_1_108' title='bbox 671 939 856 980; x_wconf 81' lang='lat' dir='ltr'><strong>Menand.</strong></span> <span class='ocrx_word' id='word_1_109' title='bbox 878 939 1050 977; x_wconf 81' lang='lat' dir='ltr'><strong>Protect.</strong></span> <span class='ocrx_word' id='word_1_110' title='bbox 1074 944 1149 980; x_wconf 82' lang='lat' dir='ltr'><strong>etc,</strong></span> <span class='ocrx_word' id='word_1_111' title='bbox 1206 937 1260 975; x_wconf 86' lang='lat' dir='ltr'><strong>ita</strong></span> <span class='ocrx_word' id='word_1_112' title='bbox 1289 937 1406 974; x_wconf 87' lang='lat' dir='ltr'><strong>etiam</strong></span> <span class='ocrx_word' id='word_1_113' title='bbox 1426 937 1544 974; x_wconf 88' lang='lat' dir='ltr'><strong>unico</strong></span> <span class='ocrx_word' id='word_1_114' title='bbox 1564 951 1636 975; x_wconf 89' lang='lat' dir='ltr'><strong>vo-</strong></span> <span class='ocrx_word' id='word_1_115' title='bbox 1659 938 1690 972; x_wconf 91' lang='lat' dir='ltr'>P</span> <span class='ocrx_word' id='word_1_116' title='bbox 1712 938 1781 974; x_wconf 83' lang='lat'><strong>493</strong></span> 
     </span>
     <span class='ocr_line' id='line_1_14' title="bbox 181 993 1636 1046; baseline -0.002 -11"><span class='ocrx_word' id='word_1_117' title='bbox 181 997 320 1035; x_wconf 80' lang='lat' dir='ltr'><strong>cabulo</strong></span> <span class='ocrx_word' id='word_1_118' title='bbox 342 998 529 1034; x_wconf 76' lang='lat' dir='ltr'><strong>asecretis</strong></span> <span class='ocrx_word' id='word_1_119' title='bbox 558 1002 597 1034; x_wconf 91' lang='lat' dir='ltr'><strong>et</strong></span> <span class='ocrx_word' id='word_1_120' title='bbox 626 1004 802 1034; x_wconf 69' lang='lat' dir='ltr'><strong>aseer-eta</strong></span> <span class='ocrx_word' id='word_1_121' title='bbox 829 1001 1027 1046; x_wconf 82' lang='lat' dir='ltr'><strong>usurpant</strong></span> <span class='ocrx_word' id='word_1_122' title='bbox 1049 994 1250 1032; x_wconf 84' lang='lat' dir='ltr'><strong>interdum</strong></span> <span class='ocrx_word' id='word_1_123' title='bbox 1271 993 1480 1045; x_wconf 73' lang='lat' dir='ltr'><strong>scriptores</strong></span> <span class='ocrx_word' id='word_1_124' title='bbox 1495 993 1636 1032; x_wconf 88' lang='lat' dir='ltr'><strong>Latini.</strong></span> 
     </span>
     <span class='ocr_line' id='line_1_15' title="bbox 180 1051 1635 1103; baseline -0.003 -12"><span class='ocrx_word' id='word_1_125' title='bbox 180 1055 354 1092; x_wconf 82' lang='lat' dir='ltr'><strong>Glossar.</strong></span> <span class='ocrx_word' id='word_1_126' title='bbox 373 1053 546 1091; x_wconf 80' lang='lat' dir='ltr'><strong>Aelsrici:</strong></span> <span class='ocrx_word' id='word_1_127' title='bbox 571 1055 758 1090; x_wconf 69' lang='lat' dir='ltr'><strong>asa-retis</strong></span> <span class='ocrx_word' id='word_1_128' title='bbox 773 1053 838 1090; x_wconf 68' lang='lat' dir='ltr'><strong>vel</strong></span> <span class='ocrx_word' id='word_1_129' title='bbox 847 1053 1045 1103; x_wconf 76' lang='lat' dir='ltr'><strong>principis</strong></span> <span class='ocrx_word' id='word_1_130' title='bbox 1063 1051 1338 1098; x_wconf 61' lang='lat' dir='ltr'><strong>consiliarius,</strong></span> <span class='ocrx_word' id='word_1_131' title='bbox 1353 1064 1524 1102; x_wconf 71' lang='lat' dir='ltr'><strong>gemma.</strong></span> <span class='ocrx_word' id='word_1_132' title='bbox 1566 1052 1635 1087; x_wconf 86' lang='lat' dir='ltr'><strong>Sa-</strong></span> 
     </span>
     <span class='ocr_line' id='line_1_16' title="bbox 179 1105 1635 1161; baseline -0.002 -13"><span class='ocrx_word' id='word_1_133' title='bbox 179 1110 353 1148; x_wconf 86' lang='lat' dir='ltr'><strong>xonibus</strong></span> <span class='ocrx_word' id='word_1_134' title='bbox 378 1124 523 1161; x_wconf 69' lang='lat' dir='ltr'><strong>geryne</strong></span> <span class='ocrx_word' id='word_1_135' title='bbox 556 1115 614 1146; x_wconf 87' lang='lat' dir='ltr'><strong>est</strong></span> <span class='ocrx_word' id='word_1_136' title='bbox 644 1109 886 1161; x_wconf 82' lang='lat' dir='ltr'>mysterium.</span> <span class='ocrx_word' id='word_1_137' title='bbox 944 1108 1106 1146; x_wconf 80' lang='lat' dir='ltr'>Carolus</span> <span class='ocrx_word' id='word_1_138' title='bbox 1137 1107 1300 1157; x_wconf 83' lang='lat' dir='ltr'><strong>Magnus</strong></span> <span class='ocrx_word' id='word_1_139' title='bbox 1329 1106 1354 1146; x_wconf 88' lang='lat' dir='ltr'><strong>l.</strong></span> <span class='ocrx_word' id='word_1_140' title='bbox 1382 1105 1410 1146; x_wconf 85' lang='lat'>4</span> <span class='ocrx_word' id='word_1_141' title='bbox 1440 1106 1488 1143; x_wconf 89' lang='lat' dir='ltr'><strong>de</strong></span> <span class='ocrx_word' id='word_1_142' title='bbox 1514 1107 1635 1145; x_wconf 89' lang='lat' dir='ltr'><strong>Cultu</strong></span> 
     </span>
     <span class='ocr_line' id='line_1_17' title="bbox 176 1162 1634 1215; baseline -0.002 -11"><span class='ocrx_word' id='word_1_143' title='bbox 176 1167 293 1215; x_wconf 75' lang='lat' dir='ltr'><strong>Imag.</strong></span> <span class='ocrx_word' id='word_1_144' title='bbox 314 1180 349 1203; x_wconf 84' lang='lat' dir='ltr'><strong>c.</strong></span> <span class='ocrx_word' id='word_1_145' title='bbox 374 1169 420 1208; x_wconf 87' lang='lat'><strong>9:</strong></span> <span class='ocrx_word' id='word_1_146' title='bbox 452 1179 542 1203; x_wconf 77' lang='lat' dir='ltr'><strong>mox</strong></span> <span class='ocrx_word' id='word_1_147' title='bbox 568 1173 614 1203; x_wconf 76' lang='lat' dir='ltr'><strong>ut</strong></span> <span class='ocrx_word' id='word_1_148' title='bbox 637 1167 833 1203; x_wconf 75' lang='lat' dir='ltr'><em>Leontius</em></span> <span class='ocrx_word' id='word_1_149' title='bbox 858 1172 1034 1202; x_wconf 71' lang='lat' dir='ltr'><strong>asecreta</strong></span> <span class='ocrx_word' id='word_1_150' title='bbox 1052 1165 1251 1215; x_wconf 72' lang='lat' dir='ltr'><em>conspexit</em></span> <span class='ocrx_word' id='word_1_151' title='bbox 1271 1168 1344 1202; x_wconf 85' lang='lat' dir='ltr'><strong>etc.</strong></span> <span class='ocrx_word' id='word_1_152' title='bbox 1401 1162 1634 1214; x_wconf 83' lang='lat' dir='ltr'><strong>Anonymus</strong></span> 
     </span>
     <span class='ocr_line' id='line_1_18' title="bbox 177 1197 1633 1272; baseline -0.002 -12"><span class='ocrx_word' id='word_1_153' title='bbox 177 1223 227 1261; x_wconf 88' lang='lat' dir='ltr'><strong>de</strong></span> <span class='ocrx_word' id='word_1_154' title='bbox 254 1197 387 1264; x_wconf 81' lang='lat' dir='ltr'><strong>Mirac.</strong></span> <span class='ocrx_word' id='word_1_155' title='bbox 419 1223 542 1259; x_wconf 83' lang='lat' dir='ltr'><strong>sancti</strong></span> <span class='ocrx_word' id='word_1_156' title='bbox 571 1222 745 1272; x_wconf 87' lang='lat' dir='ltr'><strong>Hugonis</strong></span> <span class='ocrx_word' id='word_1_157' title='bbox 774 1222 924 1259; x_wconf 82' lang='lat' dir='ltr'><strong>abbatis</strong></span> <span class='ocrx_word' id='word_1_158' title='bbox 951 1220 1232 1259; x_wconf 83' lang='lat' dir='ltr'><strong>Cluniacensis:</strong></span> <span class='ocrx_word' id='word_1_159' title='bbox 1261 1218 1365 1256; x_wconf 83' lang='lat' dir='ltr'><strong>redit</strong></span> <span class='ocrx_word' id='word_1_160' title='bbox 1396 1233 1488 1270; x_wconf 77' lang='lat' dir='ltr'><strong>ergo</strong></span> <span class='ocrx_word' id='word_1_161' title='bbox 1514 1234 1633 1270; x_wconf 82' lang='lat' dir='ltr'><strong>pere-</strong></span> 
     </span>
     <span class='ocr_line' id='line_1_19' title="bbox 171 1277 1632 1331; baseline -0.003 -14"><span class='ocrx_word' id='word_1_162' title='bbox 171 1281 322 1331; x_wconf 80' lang='lat' dir='ltr'><strong>grinus</strong></span> <span class='ocrx_word' id='word_1_163' title='bbox 352 1280 419 1316; x_wconf 80' lang='lat' dir='ltr'><strong>ille</strong></span> <span class='ocrx_word' id='word_1_164' title='bbox 446 1292 554 1330; x_wconf 79' lang='lat' dir='ltr'><strong>spem</strong></span> <span class='ocrx_word' id='word_1_165' title='bbox 581 1293 723 1328; x_wconf 75' lang='lat' dir='ltr'><strong>gerens</strong></span> <span class='ocrx_word' id='word_1_166' title='bbox 752 1280 911 1326; x_wconf 72' lang='lat' dir='ltr'><strong>veniae,</strong></span> <span class='ocrx_word' id='word_1_167' title='bbox 942 1280 980 1314; x_wconf 78' lang='lat' dir='ltr'><strong>si</strong></span> <span class='ocrx_word' id='word_1_168' title='bbox 1004 1279 1109 1326; x_wconf 74' lang='lat' dir='ltr'><strong>Hug</strong></span> <span class='ocrx_word' id='word_1_169' title='bbox 1086 1290 1220 1314; x_wconf 68' lang='lat' dir='ltr'><strong>‹ronem</strong></span> <span class='ocrx_word' id='word_1_170' title='bbox 1239 1282 1376 1328; x_wconf 70' lang='lat' dir='ltr'><strong>posset</strong></span> <span class='ocrx_word' id='word_1_171' title='bbox 1400 1277 1576 1313; x_wconf 62' lang='lat' dir='ltr'><strong>invenire</strong></span> <span class='ocrx_word' id='word_1_172' title='bbox 1597 1291 1632 1315; x_wconf 79' lang='lat' dir='ltr'><strong>s.</strong></span> 
     </span>
     <span class='ocr_line' id='line_1_20' title="bbox 173 1333 1633 1384; baseline -0.003 -11"><span class='ocrx_word' id='word_1_173' title='bbox 173 1338 288 1374; x_wconf 62' lang='lat' dir='ltr'><strong>Petra·</strong></span> <span class='ocrx_word' id='word_1_174' title='bbox 308 1343 527 1374; x_wconf 72' lang='lat' dir='ltr'><strong>asecretem.</strong></span> <span class='ocrx_word' id='word_1_175' title='bbox 582 1334 727 1372; x_wconf 78' lang='lat' dir='ltr'><strong>Paulus</strong></span> <span class='ocrx_word' id='word_1_176' title='bbox 744 1334 982 1372; x_wconf 82' lang='lat' dir='ltr'><strong>Diacouusl.</strong></span> <span class='ocrx_word' id='word_1_177' title='bbox 1000 1334 1026 1375; x_wconf 84' lang='lat'><strong>4</strong></span> <span class='ocrx_word' id='word_1_178' title='bbox 1047 1333 1137 1372; x_wconf 86' lang='lat' dir='ltr'><strong>Chr.</strong></span> <span class='ocrx_word' id='word_1_179' title='bbox 1158 1334 1242 1370; x_wconf 85' lang='lat' dir='ltr'><strong>cas.</strong></span> <span class='ocrx_word' id='word_1_180' title='bbox 1262 1347 1293 1370; x_wconf 93' lang='lat' dir='ltr'><strong>c.</strong></span> <span class='ocrx_word' id='word_1_181' title='bbox 1313 1334 1389 1374; x_wconf 89' lang='lat'><strong>68:</strong></span> <span class='ocrx_word' id='word_1_182' title='bbox 1413 1340 1633 1384; x_wconf 73' lang='lat' dir='ltr'><em>postquam</em></span> 
     </span>
     <span class='ocr_line' id='line_1_21' title="bbox 175 1389 1633 1442; baseline -0.001 -13"><span class='ocrx_word' id='word_1_183' title='bbox 175 1394 363 1430; x_wconf 62' lang='lat' dir='ltr'><strong>asecretis</strong></span> <span class='ocrx_word' id='word_1_184' title='bbox 387 1392 585 1442; x_wconf 71' lang='lat' dir='ltr'><strong>efficitur,</strong></span> <span class='ocrx_word' id='word_1_185' title='bbox 615 1390 858 1442; x_wconf 77' lang='lat' dir='ltr'><em>logothetam</em></span> <span class='ocrx_word' id='word_1_186' title='bbox 887 1391 1008 1427; x_wconf 80' lang='lat' dir='ltr'><em>illum</em></span> <span class='ocrx_word' id='word_1_187' title='bbox 1037 1412 1093 1418; x_wconf 93' lang='lat'>—</span> <span class='ocrx_word' id='word_1_188' title='bbox 1121 1390 1280 1439; x_wconf 80' lang='lat' dir='ltr'><strong>imperii</strong></span> <span class='ocrx_word' id='word_1_189' title='bbox 1311 1392 1471 1430; x_wconf 72' lang='lat' dir='ltr'><strong>statuit.</strong></span> <span class='ocrx_word' id='word_1_190' title='bbox 1530 1389 1633 1427; x_wconf 77' lang='lat' dir='ltr'><strong>adde</strong></span> 
     </span>
     <span class='ocr_line' id='line_1_22' title="bbox 173 1445 1633 1498; baseline -0.003 -11"><span class='ocrx_word' id='word_1_191' title='bbox 173 1448 422 1487; x_wconf 82' lang='lat' dir='ltr'><strong>Anastasium</strong></span> <span class='ocrx_word' id='word_1_192' title='bbox 450 1447 491 1485; x_wconf 92' lang='lat' dir='ltr'><strong>in</strong></span> <span class='ocrx_word' id='word_1_193' title='bbox 522 1447 599 1484; x_wconf 90' lang='lat' dir='ltr'><strong>vit.</strong></span> <span class='ocrx_word' id='word_1_194' title='bbox 628 1461 693 1498; x_wconf 86' lang='lat' dir='ltr'><strong>pp.</strong></span> <span class='ocrx_word' id='word_1_195' title='bbox 726 1461 762 1498; x_wconf 87' lang='lat' dir='ltr'><strong>p.</strong></span> <span class='ocrx_word' id='word_1_196' title='bbox 791 1449 843 1489; x_wconf 85' lang='lat'><strong>53</strong></span> <span class='ocrx_word' id='word_1_197' title='bbox 873 1446 979 1494; x_wconf 82' lang='lat'>214,</span> <span class='ocrx_word' id='word_1_198' title='bbox 1019 1445 1220 1484; x_wconf 84' lang='lat' dir='ltr'><strong>Hincmar.</strong></span> <span class='ocrx_word' id='word_1_199' title='bbox 1250 1446 1428 1483; x_wconf 84' lang='lat' dir='ltr'><strong>Remens.</strong></span> <span class='ocrx_word' id='word_1_200' title='bbox 1455 1445 1578 1497; x_wconf 81' lang='lat' dir='ltr'><strong>Epist.</strong></span> <span class='ocrx_word' id='word_1_201' title='bbox 1607 1449 1633 1487; x_wconf 85' lang='lat'><strong>3</strong></span> 
     </span>
     <span class='ocr_line' id='line_1_23' title="bbox 173 1502 1634 1553; baseline -0.001 -11"><span class='ocrx_word' id='word_1_202' title='bbox 173 1518 207 1544; x_wconf 90' lang='lat' dir='ltr'><strong>c.</strong></span> <span class='ocrx_word' id='word_1_203' title='bbox 240 1507 313 1553; x_wconf 89' lang='lat'><strong>16,</strong></span> <span class='ocrx_word' id='word_1_204' title='bbox 343 1504 472 1541; x_wconf 87' lang='lat' dir='ltr'><strong>Vitam</strong></span> <span class='ocrx_word' id='word_1_205' title='bbox 498 1504 623 1540; x_wconf 86' lang='lat' dir='ltr'><strong>sancti</strong></span> <span class='ocrx_word' id='word_1_206' title='bbox 651 1503 807 1553; x_wconf 82' lang='lat' dir='ltr'><strong>Georgii</strong></span> <span class='ocrx_word' id='word_1_207' title='bbox 834 1502 1051 1540; x_wconf 82' lang='lat' dir='ltr'><strong>Amastreni</strong></span> <span class='ocrx_word' id='word_1_208' title='bbox 1087 1517 1120 1541; x_wconf 87' lang='lat' dir='ltr'><strong>c.</strong></span> <span class='ocrx_word' id='word_1_209' title='bbox 1146 1504 1173 1544; x_wconf 89' lang='lat'><em>5</em></span> <span class='ocrx_word' id='word_1_210' title='bbox 1203 1515 1242 1540; x_wconf 91' lang='lat' dir='ltr'><strong>n.</strong></span> <span class='ocrx_word' id='word_1_211' title='bbox 1271 1505 1344 1547; x_wconf 90' lang='lat'><strong>18,</strong></span> <span class='ocrx_word' id='word_1_212' title='bbox 1381 1502 1523 1541; x_wconf 85' lang='lat' dir='ltr'><strong>Baron.</strong></span> <span class='ocrx_word' id='word_1_213' title='bbox 1556 1505 1634 1540; x_wconf 83' lang='lat' dir='ltr'><strong>An.</strong></span> 
     </span>
     <span class='ocr_line' id='line_1_24' title="bbox 171 1559 1633 1609; baseline -0.002 -10"><span class='ocrx_word' id='word_1_214' title='bbox 171 1563 251 1603; x_wconf 88' lang='grc'><strong>811</strong></span> <span class='ocrx_word' id='word_1_215' title='bbox 280 1563 401 1602; x_wconf 81' lang='grc' dir='ltr'>η.32.</span> <span class='ocrx_word' id='word_1_216' title='bbox 458 1559 657 1598; x_wconf 78' lang='lat' dir='ltr'>habebant</span> <span class='ocrx_word' id='word_1_217' title='bbox 691 1560 806 1596; x_wconf 88' lang='lat' dir='ltr'><strong>etiam</strong></span> <span class='ocrx_word' id='word_1_218' title='bbox 838 1572 946 1609; x_wconf 85' lang='lat' dir='ltr'><strong>reges</strong></span> <span class='ocrx_word' id='word_1_219' title='bbox 976 1559 1100 1596; x_wconf 81' lang='lat' dir='ltr'><strong>nostri</strong></span> <span class='ocrx_word' id='word_1_220' title='bbox 1122 1572 1213 1596; x_wconf 90' lang='lat' dir='ltr'><strong>suos</strong></span> <span class='ocrx_word' id='word_1_221' title='bbox 1231 1560 1438 1607; x_wconf 66' lang='lat' dir='ltr'><strong>asem-etis,</strong></span> <span class='ocrx_word' id='word_1_222' title='bbox 1466 1564 1513 1596; x_wconf 86' lang='lat' dir='ltr'><strong>ut</strong></span> <span class='ocrx_word' id='word_1_223' title='bbox 1532 1572 1633 1596; x_wconf 90' lang='lat' dir='ltr'><strong>con-</strong></span> 
     </span>
     <span class='ocr_line' id='line_1_25' title="bbox 170 1614 1632 1667; baseline -0.002 -12"><span class='ocrx_word' id='word_1_224' title='bbox 170 1623 252 1655; x_wconf 85' lang='lat' dir='ltr'><strong>stat</strong></span> <span class='ocrx_word' id='word_1_225' title='bbox 282 1630 333 1654; x_wconf 83' lang='lat' dir='ltr'><strong>ex</strong></span> <span class='ocrx_word' id='word_1_226' title='bbox 361 1616 479 1667; x_wconf 86' lang='lat' dir='ltr'><strong>Epist.</strong></span> <span class='ocrx_word' id='word_1_227' title='bbox 508 1616 662 1654; x_wconf 82' lang='lat' dir='ltr'><strong>Ioannis</strong></span> <span class='ocrx_word' id='word_1_228' title='bbox 682 1616 771 1654; x_wconf 85' lang='lat' dir='ltr'>V111</span> <span class='ocrx_word' id='word_1_229' title='bbox 791 1629 852 1666; x_wconf 92' lang='lat' dir='ltr'><strong>pp.</strong></span> <span class='ocrx_word' id='word_1_230' title='bbox 878 1619 932 1656; x_wconf 88' lang='grc'><strong>87</strong></span> <span class='ocrx_word' id='word_1_231' title='bbox 955 1621 995 1653; x_wconf 85' lang='lat' dir='ltr'><strong>et</strong></span> <span class='ocrx_word' id='word_1_232' title='bbox 1017 1615 1229 1666; x_wconf 78' lang='lat' dir='ltr'><strong>diplomate</strong></span> <span class='ocrx_word' id='word_1_233' title='bbox 1251 1614 1415 1652; x_wconf 81' lang='lat' dir='ltr'><strong>Roberti</strong></span> <span class='ocrx_word' id='word_1_234' title='bbox 1435 1615 1534 1665; x_wconf 89' lang='lat' dir='ltr'><strong>regis</strong></span> <span class='ocrx_word' id='word_1_235' title='bbox 1554 1614 1632 1657; x_wconf 82' lang='lat' dir='ltr'><strong>An.</strong></span> 
     </span>
     <span class='ocr_line' id='line_1_26' title="bbox 171 1671 1631 1722; baseline -0.003 -7"><span class='ocrx_word' id='word_1_236' title='bbox 171 1676 280 1715; x_wconf 88' lang='grc'>1029</span> <span class='ocrx_word' id='word_1_237' title='bbox 312 1674 354 1711; x_wconf 83' lang='grc' dir='ltr'><strong>ἰη</strong></span> <span class='ocrx_word' id='word_1_238' title='bbox 381 1673 539 1711; x_wconf 82' lang='lat' dir='ltr'><strong>Probat.</strong></span> <span class='ocrx_word' id='word_1_239' title='bbox 567 1673 715 1710; x_wconf 80' lang='lat' dir='ltr'><strong>Hister.</strong></span> <span class='ocrx_word' id='word_1_240' title='bbox 747 1671 1104 1710; x_wconf 80' lang='lat' dir='ltr'><strong>Moumorentiacae</strong></span> <span class='ocrx_word' id='word_1_241' title='bbox 1132 1685 1172 1722; x_wconf 87' lang='lat' dir='ltr'><strong>p.</strong></span> <span class='ocrx_word' id='word_1_242' title='bbox 1201 1674 1264 1713; x_wconf 89' lang='lat'><strong>16.</strong></span> <span class='ocrx_word' id='word_1_243' title='bbox 1321 1671 1389 1720; x_wconf 89' lang='lat' dir='ltr'><strong>qui</strong></span> <span class='ocrx_word' id='word_1_244' title='bbox 1410 1684 1505 1710; x_wconf 88' lang='lat' dir='ltr'><strong>vero</strong></span> <span class='ocrx_word' id='word_1_245' title='bbox 1525 1671 1631 1710; x_wconf 85' lang='lat' dir='ltr'><strong>inter</strong></span> 
     </span>
     <span class='ocr_line' id='line_1_27' title="bbox 168 1727 1633 1780; baseline -0.001 -14"><span class='ocrx_word' id='word_1_246' title='bbox 168 1729 363 1780; x_wconf 77' lang='lat' dir='ltr'><strong>palatinos</strong></span> <span class='ocrx_word' id='word_1_247' title='bbox 389 1730 616 1767; x_wconf 82' lang='lat' dir='ltr'><strong>secretarios</strong></span> <span class='ocrx_word' id='word_1_248' title='bbox 644 1729 794 1779; x_wconf 87' lang='lat' dir='ltr'><strong>primus</strong></span> <span class='ocrx_word' id='word_1_249' title='bbox 826 1734 931 1776; x_wconf 86' lang='lat' dir='ltr'><strong>erat,</strong></span> <span class='ocrx_word' id='word_1_250' title='bbox 961 1730 1286 1780; x_wconf 84' lang='grc' dir='ltr'><strong><em>πρωτασηκρῆτις</em></strong></span> <span class='ocrx_word' id='word_1_251' title='bbox 1307 1727 1453 1765; x_wconf 76' lang='lat' dir='ltr'><strong>dicitur</strong></span> <span class='ocrx_word' id='word_1_252' title='bbox 1475 1728 1633 1766; x_wconf 82' lang='lat' dir='ltr'><strong>Nicctae</strong></span> 
     </span>
     <span class='ocr_line' id='line_1_28' title="bbox 167 1783 1632 1836; baseline 0 -14"><span class='ocrx_word' id='word_1_253' title='bbox 167 1784 405 1836; x_wconf 82' lang='lat' dir='ltr'><strong>Paphlagoni</strong></span> <span class='ocrx_word' id='word_1_254' title='bbox 425 1786 465 1822; x_wconf 89' lang='lat' dir='ltr'><strong>in</strong></span> <span class='ocrx_word' id='word_1_255' title='bbox 488 1786 569 1822; x_wconf 88' lang='lat' dir='ltr'><strong>vita</strong></span> <span class='ocrx_word' id='word_1_256' title='bbox 588 1785 712 1823; x_wconf 82' lang='lat' dir='ltr'><strong>sancti</strong></span> <span class='ocrx_word' id='word_1_257' title='bbox 730 1785 868 1834; x_wconf 82' lang='lat' dir='ltr'><strong>Ignatii</strong></span> <span class='ocrx_word' id='word_1_258' title='bbox 887 1784 1099 1836; x_wconf 84' lang='lat' dir='ltr'><strong>patriarch.</strong></span> <span class='ocrx_word' id='word_1_259' title='bbox 1111 1785 1194 1836; x_wconf 74' lang='lat' dir='ltr'><strong>Cp„</strong></span> <span class='ocrx_word' id='word_1_260' title='bbox 1214 1783 1426 1821; x_wconf 86' lang='lat' dir='ltr'><strong>Choniatae</strong></span> <span class='ocrx_word' id='word_1_261' title='bbox 1444 1785 1486 1821; x_wconf 90' lang='lat' dir='ltr'><strong>in</strong></span> <span class='ocrx_word' id='word_1_262' title='bbox 1506 1784 1632 1827; x_wconf 84' lang='lat' dir='ltr'><strong>Andr.</strong></span> 
     </span>
     <span class='ocr_line' id='line_1_29' title="bbox 168 1836 1631 1893; baseline 0.001 -15"><span class='ocrx_word' id='word_1_263' title='bbox 168 1841 194 1879; x_wconf 94' lang='lat' dir='ltr'><strong>l.</strong></span> <span class='ocrx_word' id='word_1_264' title='bbox 215 1845 242 1882; x_wconf 84' lang='grc'>2</span> <span class='ocrx_word' id='word_1_265' title='bbox 266 1855 306 1883; x_wconf 84' lang='lat' dir='ltr'><strong>n.</strong></span> <span class='ocrx_word' id='word_1_266' title='bbox 326 1844 352 1882; x_wconf 89' lang='lat'>7</span> <span class='ocrx_word' id='word_1_267' title='bbox 375 1847 414 1878; x_wconf 89' lang='lat' dir='ltr'><strong>et</strong></span> <span class='ocrx_word' id='word_1_268' title='bbox 434 1840 661 1892; x_wconf 86' lang='lat' dir='ltr'><strong>Pachymeri</strong></span> <span class='ocrx_word' id='word_1_269' title='bbox 685 1841 708 1881; x_wconf 91' lang='grc' dir='ltr'><strong>Ι.</strong></span> <span class='ocrx_word' id='word_1_270' title='bbox 730 1845 756 1882; x_wconf 88' lang='grc'>2</span> <span class='ocrx_word' id='word_1_271' title='bbox 779 1854 813 1878; x_wconf 85' lang='lat' dir='ltr'><strong>c.</strong></span> <span class='ocrx_word' id='word_1_272' title='bbox 834 1844 897 1887; x_wconf 84' lang='lat'><strong>13,</strong></span> <span class='ocrx_word' id='word_1_273' title='bbox 920 1840 944 1877; x_wconf 86' lang='lat' dir='ltr'><strong>l.</strong></span> <span class='ocrx_word' id='word_1_274' title='bbox 960 1842 985 1881; x_wconf 89' lang='lat'><em>5</em></span> <span class='ocrx_word' id='word_1_275' title='bbox 1006 1854 1036 1877; x_wconf 92' lang='lat' dir='ltr'><strong>c.</strong></span> <span class='ocrx_word' id='word_1_276' title='bbox 1062 1843 1133 1889; x_wconf 80' lang='lat'><strong>193</strong></span> <span class='ocrx_word' id='word_1_277' title='bbox 1174 1836 1394 1892; x_wconf 70' lang='grc' dir='ltr'><strong><em>πρώτιστος</em></strong></span> <span class='ocrx_word' id='word_1_278' title='bbox 1414 1843 1492 1880; x_wconf 81' lang='grc' dir='ltr'><strong>τῶν</strong></span> <span class='ocrx_word' id='word_1_279' title='bbox 1512 1842 1631 1893; x_wconf 85' lang='grc' dir='ltr'><strong><em>βασι-</em></strong></span> 
     </span>
     <span class='ocr_line' id='line_1_30' title="bbox 166 1895 1629 1949; baseline -0.002 -12"><span class='ocrx_word' id='word_1_280' title='bbox 166 1899 290 1937; x_wconf 77' lang='grc' dir='ltr'><strong><em>λικῶν</em></strong></span> <span class='ocrx_word' id='word_1_281' title='bbox 320 1896 579 1949; x_wconf 76' lang='grc' dir='ltr'><strong><em>γραμματέων</em></strong></span> <span class='ocrx_word' id='word_1_282' title='bbox 609 1895 830 1947; x_wconf 84' lang='lat' dir='ltr'><strong>Nicephoro</strong></span> <span class='ocrx_word' id='word_1_283' title='bbox 858 1895 900 1933; x_wconf 86' lang='lat' dir='ltr'><strong>in</strong></span> <span class='ocrx_word' id='word_1_284' title='bbox 930 1896 1132 1934; x_wconf 87' lang='lat' dir='ltr'><strong>Breviario</strong></span> <span class='ocrx_word' id='word_1_285' title='bbox 1154 1910 1193 1947; x_wconf 82' lang='lat' dir='ltr'><strong>p,</strong></span> <span class='ocrx_word' id='word_1_286' title='bbox 1215 1899 1294 1937; x_wconf 83' lang='lat'><strong>172</strong></span> <span class='ocrx_word' id='word_1_287' title='bbox 1323 1900 1341 1937; x_wconf 90' lang='lat'>1</span> <span class='ocrx_word' id='word_1_288' title='bbox 1365 1895 1478 1944; x_wconf 87' lang='lat' dir='ltr'><strong>edit.;</strong></span> <span class='ocrx_word' id='word_1_289' title='bbox 1514 1899 1629 1948; x_wconf 75' lang='grc' dir='ltr'><strong><em>πρῶ-</em></strong></span> 
     </span>
     <span class='ocr_line' id='line_1_31' title="bbox 165 1950 1627 2006; baseline -0.003 -12"><span class='ocrx_word' id='word_1_290' title='bbox 165 1969 234 2001; x_wconf 82' lang='grc' dir='ltr'><strong>τος</strong></span> <span class='ocrx_word' id='word_1_291' title='bbox 273 1956 354 1993; x_wconf 74' lang='grc' dir='ltr'><strong>τῶν</strong></span> <span class='ocrx_word' id='word_1_292' title='bbox 391 1954 603 2005; x_wconf 64' lang='grc' dir='ltr'><strong><em>βασιλικῶν</em></strong></span> <span class='ocrx_word' id='word_1_293' title='bbox 645 1950 915 2006; x_wconf 73' lang='grc' dir='ltr'><strong><em>ὖπογραφέων</em></strong></span> <span class='ocrx_word' id='word_1_294' title='bbox 953 1952 1100 2002; x_wconf 69' lang='lat' dir='ltr'><strong>ignatio</strong></span> <span class='ocrx_word' id='word_1_295' title='bbox 1132 1952 1302 1989; x_wconf 88' lang='lat' dir='ltr'><strong>Diacono</strong></span> <span class='ocrx_word' id='word_1_296' title='bbox 1331 1951 1373 1988; x_wconf 91' lang='lat' dir='ltr'><strong>in</strong></span> <span class='ocrx_word' id='word_1_297' title='bbox 1404 1952 1495 1990; x_wconf 85' lang='lat' dir='ltr'><strong>Vita</strong></span> <span class='ocrx_word' id='word_1_298' title='bbox 1531 1966 1627 1990; x_wconf 86' lang='lat' dir='ltr'><strong>san-</strong></span> 
     </span>
     <span class='ocr_line' id='line_1_32' title="bbox 164 2008 1626 2061; baseline -0.001 -13"><span class='ocrx_word' id='word_1_299' title='bbox 164 2010 218 2048; x_wconf 86' lang='lat' dir='ltr'><strong>cti</strong></span> <span class='ocrx_word' id='word_1_300' title='bbox 248 2008 456 2061; x_wconf 84' lang='lat' dir='ltr'><strong>Nicephori</strong></span> <span class='ocrx_word' id='word_1_301' title='bbox 489 2008 704 2060; x_wconf 83' lang='lat' dir='ltr'><strong>patriarch.</strong></span> <span class='ocrx_word' id='word_1_302' title='bbox 735 2009 804 2059; x_wconf 85' lang='lat' dir='ltr'><strong>Cp.</strong></span> <span class='ocrx_word' id='word_1_303' title='bbox 838 2021 877 2050; x_wconf 87' lang='lat' dir='ltr'><strong>n.</strong></span> <span class='ocrx_word' id='word_1_304' title='bbox 905 2009 978 2056; x_wconf 82' lang='lat'><strong>593</strong></span> <span class='ocrx_word' id='word_1_305' title='bbox 1026 2009 1389 2059; x_wconf 69' lang='lat' dir='ltr'><strong>protosecretarius</strong></span> <span class='ocrx_word' id='word_1_306' title='bbox 1420 2009 1626 2047; x_wconf 82' lang='lat' dir='ltr'><strong>Anastasio</strong></span> 
     </span>
     <span class='ocr_line' id='line_1_33' title="bbox 162 2064 1623 2118; baseline 0 -14"><span class='ocrx_word' id='word_1_307' title='bbox 162 2067 203 2104; x_wconf 89' lang='lat' dir='ltr'><strong>in</strong></span> <span class='ocrx_word' id='word_1_308' title='bbox 236 2066 448 2108; x_wconf 85' lang='lat' dir='ltr'><strong>Collectan.</strong></span> <span class='ocrx_word' id='word_1_309' title='bbox 475 2079 516 2118; x_wconf 87' lang='lat' dir='ltr'><strong>p.</strong></span> <span class='ocrx_word' id='word_1_310' title='bbox 536 2065 637 2115; x_wconf 79' lang='lat'>2545</span> <span class='ocrx_word' id='word_1_311' title='bbox 694 2064 861 2115; x_wconf 88' lang='lat' dir='ltr'><strong>denique</strong></span> <span class='ocrx_word' id='word_1_312' title='bbox 891 2064 1084 2116; x_wconf 86' lang='lat' dir='ltr'><strong>Corippus</strong></span> <span class='ocrx_word' id='word_1_313' title='bbox 1107 2065 1134 2106; x_wconf 89' lang='lat' dir='ltr'><strong>l.</strong></span> <span class='ocrx_word' id='word_1_314' title='bbox 1168 2069 1188 2107; x_wconf 89' lang='lat'>1</span> <span class='ocrx_word' id='word_1_315' title='bbox 1222 2072 1440 2102; x_wconf 71' lang='lat' dir='ltr'><strong>asem-etam</strong></span> <span class='ocrx_word' id='word_1_316' title='bbox 1469 2065 1524 2103; x_wconf 87' lang='lat' dir='ltr'><strong>sic</strong></span> <span class='ocrx_word' id='word_1_317' title='bbox 1550 2065 1623 2104; x_wconf 81' lang='lat' dir='ltr'><strong>de-</strong></span> 
     </span>
    </p>
   </div>
   <div class='ocr_carea' id='block_1_3' title="bbox 162 2123 1402 2218">
    <p class='ocr_par' dir='ltr' id='par_1_3' title="bbox 162 2123 1402 2218">
     <span class='ocr_line' id='line_1_34' title="bbox 162 2123 318 2163; baseline 0.006 -2"><span class='ocrx_word' id='word_1_318' title='bbox 162 2123 318 2163; x_wconf 82' lang='lat' dir='ltr'><strong>scribit:</strong></span> 
     </span>
     <span class='ocr_line' id='line_1_35' title="bbox 378 2175 1402 2218; baseline -0.003 -2"><span class='ocrx_word' id='word_1_319' title='bbox 378 2178 475 2216; x_wconf 76' lang='lat' dir='ltr'><strong>hinc</strong></span> <span class='ocrx_word' id='word_1_320' title='bbox 491 2184 640 2216; x_wconf 82' lang='lat' dir='ltr'><strong>secreta</strong></span> <span class='ocrx_word' id='word_1_321' title='bbox 657 2190 799 2215; x_wconf 80' lang='lat' dir='ltr'><strong>sacrae</strong></span> <span class='ocrx_word' id='word_1_322' title='bbox 813 2183 999 2214; x_wconf 81' lang='lat' dir='ltr'><strong>tractans</strong></span> <span class='ocrx_word' id='word_1_323' title='bbox 1015 2177 1247 2215; x_wconf 72' lang='lat' dir='ltr'><strong>Demetrius</strong></span> <span class='ocrx_word' id='word_1_324' title='bbox 1267 2175 1402 2218; x_wconf 82' lang='lat' dir='ltr'><strong>aulae.</strong></span> 
     </span>
    </p>
   </div>
   <div class='ocr_carea' id='block_1_4' title="bbox 156 2284 1625 2893">
    <p class='ocr_par' dir='ltr' id='par_1_4' title="bbox 156 2284 1625 2890">
     <span class='ocr_line' id='line_1_36' title="bbox 270 2284 1622 2342; baseline -0.001 -14"><span class='ocrx_word' id='word_1_325' title='bbox 270 2303 310 2342; x_wconf 92' lang='lat' dir='ltr'><strong>p.</strong></span> <span class='ocrx_word' id='word_1_326' title='bbox 331 2292 410 2332; x_wconf 79' lang='lat'><strong>291</strong></span> <span class='ocrx_word' id='word_1_327' title='bbox 434 2302 472 2328; x_wconf 83' lang='lat' dir='ltr'><strong>v.</strong></span> <span class='ocrx_word' id='word_1_328' title='bbox 499 2293 562 2332; x_wconf 88' lang='grc'><strong>10.</strong></span> <span class='ocrx_word' id='word_1_329' title='bbox 619 2287 685 2329; x_wconf 76' lang='grc' dir='ltr'><strong>ἐπὶ</strong></span> <span class='ocrx_word' id='word_1_330' title='bbox 712 2284 875 2340; x_wconf 82' lang='grc' dir='ltr'><strong><em>Ἀσίας]</em></strong></span> <span class='ocrx_word' id='word_1_331' title='bbox 914 2288 1064 2327; x_wconf 88' lang='lat' dir='ltr'><strong>Bellum</strong></span> <span class='ocrx_word' id='word_1_332' title='bbox 1088 2287 1288 2327; x_wconf 88' lang='lat' dir='ltr'><strong>Iconiense</strong></span> <span class='ocrx_word' id='word_1_333' title='bbox 1316 2301 1622 2328; x_wconf 86' lang='lat' dir='ltr'><strong>commemorare</strong></span> 
     </span>
     <span class='ocr_line' id='line_1_37' title="bbox 160 2345 1622 2397; baseline 0.001 -15"><span class='ocrx_word' id='word_1_334' title='bbox 160 2347 385 2397; x_wconf 82' lang='lat' dir='ltr'><strong>aggreditur</strong></span> <span class='ocrx_word' id='word_1_335' title='bbox 414 2347 646 2394; x_wconf 83' lang='lat' dir='ltr'><strong>Cinnamus,</strong></span> <span class='ocrx_word' id='word_1_336' title='bbox 675 2345 717 2382; x_wconf 88' lang='lat' dir='ltr'><strong>in</strong></span> <span class='ocrx_word' id='word_1_337' title='bbox 751 2359 830 2395; x_wconf 90' lang='lat' dir='ltr'><strong>quo</strong></span> <span class='ocrx_word' id='word_1_338' title='bbox 862 2351 1066 2384; x_wconf 82' lang='lat' dir='ltr'><strong>cruentam</strong></span> <span class='ocrx_word' id='word_1_339' title='bbox 1098 2345 1197 2383; x_wconf 85' lang='lat' dir='ltr'><strong>adeo</strong></span> <span class='ocrx_word' id='word_1_340' title='bbox 1230 2359 1364 2397; x_wconf 86' lang='lat' dir='ltr'><strong>passus</strong></span> <span class='ocrx_word' id='word_1_341' title='bbox 1389 2351 1447 2383; x_wconf 89' lang='lat' dir='ltr'><strong>est</strong></span> <span class='ocrx_word' id='word_1_342' title='bbox 1471 2345 1622 2383; x_wconf 80' lang='lat' dir='ltr'><strong>cladem</strong></span> 
     </span>
     <span class='ocr_line' id='line_1_38' title="bbox 159 2401 1625 2452; baseline 0 -13"><span class='ocrx_word' id='word_1_343' title='bbox 159 2401 316 2441; x_wconf 63' lang='lat' dir='ltr'><strong>Manae!</strong></span> <span class='ocrx_word' id='word_1_344' title='bbox 345 2403 479 2441; x_wconf 84' lang='lat' dir='ltr'><strong>accisis</strong></span> <span class='ocrx_word' id='word_1_345' title='bbox 506 2402 629 2440; x_wconf 88' lang='lat' dir='ltr'><strong>totius</strong></span> <span class='ocrx_word' id='word_1_346' title='bbox 659 2402 811 2452; x_wconf 86' lang='lat' dir='ltr'><strong>imperii</strong></span> <span class='ocrx_word' id='word_1_347' title='bbox 844 2401 1016 2450; x_wconf 82' lang='lat' dir='ltr'><strong>viribus,</strong></span> <span class='ocrx_word' id='word_1_348' title='bbox 1045 2407 1091 2440; x_wconf 87' lang='lat' dir='ltr'><strong>ut</strong></span> <span class='ocrx_word' id='word_1_349' title='bbox 1110 2415 1302 2452; x_wconf 85' lang='lat' dir='ltr'><strong>nusquam</strong></span> <span class='ocrx_word' id='word_1_350' title='bbox 1324 2401 1505 2452; x_wconf 83' lang='lat' dir='ltr'><strong>deinceps</strong></span> <span class='ocrx_word' id='word_1_351' title='bbox 1525 2402 1625 2440; x_wconf 85' lang='lat' dir='ltr'><strong>soli-</strong></span> 
     </span>
     <span class='ocr_line' id='line_1_39' title="bbox 158 2456 1622 2509; baseline 0.001 -14"><span class='ocrx_word' id='word_1_352' title='bbox 158 2464 243 2497; x_wconf 85' lang='lat' dir='ltr'><strong>tam</strong></span> <span class='ocrx_word' id='word_1_353' title='bbox 261 2460 402 2497; x_wconf 85' lang='lat' dir='ltr'><strong>mentis</strong></span> <span class='ocrx_word' id='word_1_354' title='bbox 419 2459 681 2507; x_wconf 81' lang='lat' dir='ltr'><strong>hilaritatem,</strong></span> <span class='ocrx_word' id='word_1_355' title='bbox 710 2471 788 2508; x_wconf 87' lang='lat' dir='ltr'><strong>qua</strong></span> <span class='ocrx_word' id='word_1_356' title='bbox 808 2458 1053 2508; x_wconf 87' lang='lat' dir='ltr'><strong>singulariter</strong></span> <span class='ocrx_word' id='word_1_357' title='bbox 1072 2458 1356 2509; x_wconf 84' lang='lat' dir='ltr'><strong>praeminebat,</strong></span> <span class='ocrx_word' id='word_1_358' title='bbox 1386 2456 1622 2507; x_wconf 77' lang='lat' dir='ltr'><strong>exhibuerit,</strong></span> 
     </span>
     <span class='ocr_line' id='line_1_40' title="bbox 158 2514 1624 2567; baseline -0.001 -15"><span class='ocrx_word' id='word_1_359' title='bbox 158 2527 233 2552; x_wconf 90' lang='lat' dir='ltr'><strong>nec</strong></span> <span class='ocrx_word' id='word_1_360' title='bbox 258 2516 432 2567; x_wconf 84' lang='lat' dir='ltr'><strong>corporis</strong></span> <span class='ocrx_word' id='word_1_361' title='bbox 462 2516 669 2567; x_wconf 88' lang='lat' dir='ltr'><strong>sospitate,</strong></span> <span class='ocrx_word' id='word_1_362' title='bbox 695 2527 774 2564; x_wconf 88' lang='lat' dir='ltr'><strong>qua</strong></span> <span class='ocrx_word' id='word_1_363' title='bbox 797 2514 1011 2566; x_wconf 84' lang='lat' dir='ltr'><strong>plurimum</strong></span> <span class='ocrx_word' id='word_1_364' title='bbox 1030 2515 1230 2566; x_wconf 87' lang='lat' dir='ltr'><strong>pollebat,</strong></span> <span class='ocrx_word' id='word_1_365' title='bbox 1270 2526 1392 2564; x_wconf 89' lang='lat' dir='ltr'><strong>usque</strong></span> <span class='ocrx_word' id='word_1_366' title='bbox 1415 2514 1457 2551; x_wconf 89' lang='lat' dir='ltr'><strong>in</strong></span> <span class='ocrx_word' id='word_1_367' title='bbox 1480 2527 1624 2566; x_wconf 87' lang='lat' dir='ltr'><strong>supre-</strong></span> 
     </span>
     <span class='ocr_line' id='line_1_41' title="bbox 159 2570 1617 2613; baseline 0.001 -5"><span class='ocrx_word' id='word_1_368' title='bbox 159 2583 267 2609; x_wconf 86' lang='lat' dir='ltr'><strong>mum</strong></span> <span class='ocrx_word' id='word_1_369' title='bbox 287 2573 392 2610; x_wconf 87' lang='lat' dir='ltr'><strong>vitae</strong></span> <span class='ocrx_word' id='word_1_370' title='bbox 410 2572 510 2610; x_wconf 86' lang='lat' dir='ltr'><strong>diem</strong></span> <span class='ocrx_word' id='word_1_371' title='bbox 535 2571 679 2609; x_wconf 86' lang='lat' dir='ltr'><strong>fruitus</strong></span> <span class='ocrx_word' id='word_1_372' title='bbox 703 2571 765 2609; x_wconf 89' lang='lat' dir='ltr'><strong>sit.</strong></span> <span class='ocrx_word' id='word_1_373' title='bbox 820 2571 919 2609; x_wconf 87' lang='lat' dir='ltr'><strong>illud</strong></span> <span class='ocrx_word' id='word_1_374' title='bbox 944 2571 1078 2609; x_wconf 85' lang='lat' dir='ltr'><strong>multis</strong></span> <span class='ocrx_word' id='word_1_375' title='bbox 1099 2576 1264 2609; x_wconf 85' lang='lat' dir='ltr'><strong>narrant</strong></span> <span class='ocrx_word' id='word_1_376' title='bbox 1283 2570 1438 2608; x_wconf 88' lang='lat' dir='ltr'><strong>Nicetas</strong></span> <span class='ocrx_word' id='word_1_377' title='bbox 1454 2570 1478 2608; x_wconf 89' lang='lat' dir='ltr'><strong>l.</strong></span> <span class='ocrx_word' id='word_1_378' title='bbox 1491 2574 1517 2613; x_wconf 89' lang='lat'><strong>6</strong></span> <span class='ocrx_word' id='word_1_379' title='bbox 1538 2584 1580 2613; x_wconf 87' lang='lat' dir='ltr'><strong>n.</strong></span> <span class='ocrx_word' id='word_1_380' title='bbox 1597 2575 1617 2613; x_wconf 87' lang='grc'>1</span> 
     </span>
     <span class='ocr_line' id='line_1_42' title="bbox 159 2627 1621 2679; baseline 0.001 -15"><span class='ocrx_word' id='word_1_381' title='bbox 159 2632 201 2664; x_wconf 89' lang='lat' dir='ltr'><strong>et</strong></span> <span class='ocrx_word' id='word_1_382' title='bbox 215 2628 414 2677; x_wconf 80' lang='lat' dir='ltr'><strong>sequenti,</strong></span> <span class='ocrx_word' id='word_1_383' title='bbox 445 2634 486 2666; x_wconf 91' lang='lat' dir='ltr'><strong>et</strong></span> <span class='ocrx_word' id='word_1_384' title='bbox 504 2628 646 2679; x_wconf 87' lang='lat' dir='ltr'><strong>Tyrius</strong></span> <span class='ocrx_word' id='word_1_385' title='bbox 662 2627 734 2664; x_wconf 93' lang='lat' dir='ltr'><strong>sub</strong></span> <span class='ocrx_word' id='word_1_386' title='bbox 756 2627 827 2665; x_wconf 84' lang='lat' dir='ltr'><strong>An.</strong></span> <span class='ocrx_word' id='word_1_387' title='bbox 850 2628 957 2667; x_wconf 87' lang='lat'>1174</span> <span class='ocrx_word' id='word_1_388' title='bbox 969 2659 981 2676; x_wconf 89' lang='lat'>‚</span> <span class='ocrx_word' id='word_1_389' title='bbox 1014 2641 1091 2678; x_wconf 90' lang='lat' dir='ltr'><strong>quo</strong></span> <span class='ocrx_word' id='word_1_390' title='bbox 1109 2633 1147 2664; x_wconf 91' lang='lat' dir='ltr'><strong>et</strong></span> <span class='ocrx_word' id='word_1_391' title='bbox 1163 2627 1409 2665; x_wconf 85' lang='lat' dir='ltr'><strong>commissum</strong></span> <span class='ocrx_word' id='word_1_392' title='bbox 1427 2627 1621 2677; x_wconf 87' lang='lat' dir='ltr'><strong>praelium</strong></span> 
     </span>
     <span class='ocr_line' id='line_1_43' title="bbox 157 2683 1621 2734; baseline 0.001 -15"><span class='ocrx_word' id='word_1_393' title='bbox 157 2688 325 2721; x_wconf 78' lang='lat' dir='ltr'><strong>testatur</strong></span> <span class='ocrx_word' id='word_1_394' title='bbox 343 2684 371 2725; x_wconf 91' lang='lat' dir='ltr'><strong>l.</strong></span> <span class='ocrx_word' id='word_1_395' title='bbox 392 2687 441 2725; x_wconf 86' lang='grc'><strong>21</strong></span> <span class='ocrx_word' id='word_1_396' title='bbox 468 2698 500 2725; x_wconf 83' lang='lat' dir='ltr'><strong>c.</strong></span> <span class='ocrx_word' id='word_1_397' title='bbox 522 2688 586 2726; x_wconf 83' lang='lat'><strong>12.</strong></span> <span class='ocrx_word' id='word_1_398' title='bbox 643 2684 856 2734; x_wconf 85' lang='lat' dir='ltr'><strong>attigerunt</strong></span> <span class='ocrx_word' id='word_1_399' title='bbox 883 2683 999 2721; x_wconf 86' lang='lat' dir='ltr'><strong>etiam</strong></span> <span class='ocrx_word' id='word_1_400' title='bbox 1027 2684 1224 2722; x_wconf 85' lang='lat' dir='ltr'><strong>Robertus</strong></span> <span class='ocrx_word' id='word_1_401' title='bbox 1257 2683 1306 2722; x_wconf 86' lang='lat' dir='ltr'><strong>de</strong></span> <span class='ocrx_word' id='word_1_402' title='bbox 1333 2683 1467 2721; x_wconf 84' lang='lat' dir='ltr'><strong>Monte</strong></span> <span class='ocrx_word' id='word_1_403' title='bbox 1490 2690 1529 2721; x_wconf 89' lang='lat' dir='ltr'><strong>et</strong></span> <span class='ocrx_word' id='word_1_404' title='bbox 1547 2683 1621 2721; x_wconf 86' lang='lat' dir='ltr'><strong>Ni-</strong></span> 
     </span>
     <span class='ocr_line' id='line_1_44' title="bbox 158 2739 1620 2791; baseline 0.001 -15"><span class='ocrx_word' id='word_1_405' title='bbox 158 2739 291 2777; x_wconf 76' lang='lat' dir='ltr'><strong>colans</strong></span> <span class='ocrx_word' id='word_1_406' title='bbox 319 2739 517 2779; x_wconf 69' lang='lat' dir='ltr'><strong>&#39;trivettus</strong></span> <span class='ocrx_word' id='word_1_407' title='bbox 549 2740 625 2782; x_wconf 86' lang='lat' dir='ltr'><strong>An.</strong></span> <span class='ocrx_word' id='word_1_408' title='bbox 655 2742 785 2788; x_wconf 87' lang='lat'><strong>1179,</strong></span> <span class='ocrx_word' id='word_1_409' title='bbox 815 2739 1042 2778; x_wconf 87' lang='lat' dir='ltr'><strong>Vincentius</strong></span> <span class='ocrx_word' id='word_1_410' title='bbox 1065 2740 1217 2780; x_wconf 83' lang='lat' dir='ltr'><strong>Belvac.</strong></span> <span class='ocrx_word' id='word_1_411' title='bbox 1244 2740 1270 2779; x_wconf 91' lang='lat' dir='ltr'><strong>l.</strong></span> <span class='ocrx_word' id='word_1_412' title='bbox 1291 2743 1341 2781; x_wconf 81' lang='lat'><strong>31</strong></span> <span class='ocrx_word' id='word_1_413' title='bbox 1374 2741 1483 2791; x_wconf 84' lang='lat' dir='ltr'><strong>Spec.</strong></span> <span class='ocrx_word' id='word_1_414' title='bbox 1513 2739 1620 2781; x_wconf 85' lang='lat' dir='ltr'><strong>Hist.</strong></span> 
     </span>
     <span class='ocr_line' id='line_1_45' title="bbox 156 2795 1620 2890; baseline -0.003 -54"><span class='ocrx_word' id='word_1_415' title='bbox 156 2808 191 2890; x_wconf 57' lang='grc' dir='ltr'><em>Ξ</em></span> <span class='ocrx_word' id='word_1_416' title='bbox 234 2797 336 2842; x_wconf 85' lang='grc'>150,</span> <span class='ocrx_word' id='word_1_417' title='bbox 375 2795 600 2836; x_wconf 81' lang='lat' dir='ltr'><strong>chronicon</strong></span> <span class='ocrx_word' id='word_1_418' title='bbox 635 2795 928 2849; x_wconf 84' lang='lat' dir='ltr'><strong>Reichersperg.</strong></span> <span class='ocrx_word' id='word_1_419' title='bbox 955 2809 999 2849; x_wconf 86' lang='lat' dir='ltr'><strong>p.</strong></span> <span class='ocrx_word' id='word_1_420' title='bbox 1028 2798 1112 2841; x_wconf 82' lang='lat'><strong>273</strong></span> <span class='ocrx_word' id='word_1_421' title='bbox 1147 2803 1189 2836; x_wconf 88' lang='lat' dir='ltr'><strong>et</strong></span> <span class='ocrx_word' id='word_1_422' title='bbox 1216 2796 1398 2848; x_wconf 85' lang='lat' dir='ltr'><strong>Aegidius</strong></span> <span class='ocrx_word' id='word_1_423' title='bbox 1429 2796 1479 2835; x_wconf 83' lang='lat' dir='ltr'><strong>de</strong></span> <span class='ocrx_word' id='word_1_424' title='bbox 1506 2796 1620 2847; x_wconf 85' lang='lat' dir='ltr'><strong>Roya</strong></span> 
     </span>
    </p>

    <p class='ocr_par' dir='ltr' id='par_1_5' title="bbox 194 2852 376 2893">
     <span class='ocr_line' id='line_1_46' title="bbox 194 2852 376 2893; baseline 0.005 -4"><span class='ocrx_word' id='word_1_425' title='bbox 194 2865 234 2893; x_wconf 89' lang='lat' dir='ltr'><strong>n.</strong></span> <span class='ocrx_word' id='word_1_426' title='bbox 254 2852 376 2893; x_wconf 87' lang='grc'>1176.</span> 
     </span>
    </p>
   </div>
  </div>
 </body>
</html>
