1878 3262
665 210 1057 257 HISTORIARUM
1089 213 1138 256 L.
1166 212 1265 258 VII.
1573 211 1670 258 293

216 325 376 382 ἤθελεν.
402 327 405 330 ’
444 324 515 384 ἐφ’
551 322 612 377 οἷς
641 324 852 382 ἠγανάκτει
880 326 954 380 μὲν
983 326 1174 381 βασιλεὺς
1197 328 1264 370 καὶ
1286 323 1430 369 αὐτίκα
1451 322 1670 382 ἐπὶ-μάχην

217 397 499 438 καθίστασθαι
521 397 703 441 διενοεῖτο
717 410 729 420 ·
774 399 855 438 τῶν
872 394 1119 452 πραγμάτων
1135 396 1179 440 δὲ
1196 396 1306 454 αὐτῷ
1324 396 1496 450 μηδαμῆ
1510 410 1668 450 συγχω-

215 463 394 521 ρούντων
426 463 474 520 (ὅ
494 482 534 506 τε
556 464 633 521 γὰρ
657 468 730 507 τοῦ
751 458 850 521 ἦρος
869 464 1003 518 ἐξῆκεν
1018 463 1096 518 ἤδη
1117 465 1256 522 καιρὸς
1274 464 1477 518 πολεμίοις
1493 461 1670 516 μάλιστα

216 531 430 590 προσήκων
465 532 520 575 ὢν
549 531 756 590 πράγμασι
764 564 779 584 ,
818 532 922 574 καθ’
957 531 1003 573 ὃν
1035 531 1140 574 ἄλλα
1167 550 1208 575 τε
1233 537 1314 574 τῶν
1333 530 1553 588 ξυμφόρων
1567 530 1669 573 Ῥω-

182 603 351 655 5μαίοις
370 600 655 656 διοικήσασθαι
678 600 799 651 αὐτὸς
820 599 917 658 ᾤετο
930 602 995 644 καὶ
1014 600 1063 654 δὴ
1083 602 1148 641 καὶ
1169 599 1301 650 πόλεις
1311 599 1388 655 ὅπη
1401 598 1545 655 δήποτε
1560 599 1671 657 αὐτῷ

213 671 447 727 βουλομένῳ
466 665 516 725 ἦν
536 670 753 726 ἀνεγεῖραι·
788 669 890 725 πρὸς
909 670 952 711 δὲ
975 670 1040 710 καὶ
1053 666 1247 722 Ἀμάσεια
1259 701 1271 720 ,
1307 668 1422 719 πόλις
1441 666 1544 725 ἑῴα,
1579 666 1668 710 τότε

216 739 267 793 δὴ
291 739 401 796 αὐτῷ
418 737 684 795 προσεχώρει,
720 736 769 792 ἢν
799 737 910 779 οὔπω
939 735 1074 791 μάχης
1104 739 1160 787 εἲς
1176 736 1221 780 τὸ
1245 737 1419 793 ἐμφανὲς
1437 738 1667 792 ἐκραγείσης
1688 736 1718 771 Β

215 807 290 848 σὺν
319 807 495 866 εὖπετειίιι
520 805 696 860 μάλιστα
708 804 931 860 Ῥωμαίους
963 804 1173 860 λήψεσθαι
1196 805 1299 855 εἰκὸς
1319 800 1411 860 ἦν),
1446 803 1598 848 τούτων
1619 805 1669 859 δὴ

213 874 327 917 ἕνεκα
357 874 462 917 κατὰ
480 874 574 917 τάδε
597 876 730 918 ἕποιέι.
797 873 972 928 Μιχαὴλ
1004 875 1076 928 μὲν
1107 868 1140 931 ᾧ
1171 875 1373 927 ἐπίκλησις
1405 874 1445 912 Γ
1443 877 1575 928 αβρᾶς
1606 868 1669 926 ἦν,

161 942 344 1001 1οἇ’νὸ“ρα
366 941 422 994 ὥς
447 961 518 998 μοι
547 942 738 993 πολλάκις
764 941 919 999 ἐρρήθη
953 942 993 992 ἴς
1020 960 1062 986 τε
1095 942 1141 986 τὸ
1171 940 1252 986 τῶν
1277 945 1484 995 σεβαστῶν
1510 941 1670 994 ἀξίωμα

209 1010 361 1067 ἥκοντα
389 1014 457 1054 καὶ
483 1013 681 1066 πολεμίων
707 1012 852 1061 ἱκανῶς
875 1010 1061 1068 ἔμπειρον
1084 1009 1229 1068 ἴργων,
1264 1011 1327 1052 ἐπὶ
1345 1010 1418 1065 τὴν
1438 1007 1670 1066 Παφλαγό-

211 1098 293 1124 νων
309 1082 518 1132 ἓξέστειλε,
553 1078 784 1137 στράτευμα
813 1078 836 1121 ὃ
862 1080 936 1133 μὲν
965 1078 1109 1122 αὐτίκα
1133 1077 1377 1135 ἐπαγόμενον
1389 1111 1401 1129 ,
1434 1077 1457 1119 ὃ
1473 1079 1516 1120 δὲ
1536 1079 1603 1119 καὶ
1626 1078 1671 1120 ἐκ

211 1153 293 1191 τῶν
327 1152 422 1205 τῇδε
453 1150 615 1205 χωρίων
643 1149 915 1206 ἀθροίσοντα,
963 1146 1051 1191 ὅσοι
1077 1164 1119 1191 τε
1152 1148 1258 1205 ἀμφὶ
1291 1147 1566 1204 Τραπεζοῦντι
1601 1148 1670 1189 καὶ

215 1219 368 1276 Οῗναίῳ
395 1215 555 1260 πόλεσιν
579 1216 753 1274 ᾤκηνται
769 1219 1011 1269 Ποντικαῖς,
1047 1218 1113 1258 καὶ
1134 1214 1302 1266 τούτους
1331 1216 1374 1258 δὲ
1396 1212 1670 1269 μεταπεμψά-

158 1291 202 1328 15
211 1303 354 1340 μενον,
383 1287 555 1328 ἐκέλευεν
574 1285 678 1328 οὕτω
700 1287 740 1335 ἐς
750 1283 967 1339 Ἀμάσειαν
986 1288 1218 1342 παρελθεῖν.
1260 1285 1301 1326 ἓν
1319 1285 1363 1326 δὲ
1381 1282 1512 1341 τούτῳ
1533 1281 1670 1325 τοιάδε

210 1355 301 1397 τινὰ
318 1355 535 1405 ξυνέπεσεν.
597 1352 761 1411 Ἰωάννῃ
780 1358 839 1410 τῷ
856 1355 1177 1410 Καντακουζηνῷ
1187 1385 1200 1405 ,
1236 1347 1286 1396 οὗ
1309 1351 1503 1401 πολλάκις
1524 1352 1566 1393 ἓν
1585 1357 1671 1402 τοῖς

211 1421 443 1480 ἔμπροσθεν
462 1421 768 1478 ἐπεμνήσθημεν
786 1420 938 1477 λόγοις,
957 1428 1053 1472 παῒς
1069 1416 1118 1476 ἦν
1133 1420 1339 1475 Μανουήλ
1349 1454 1362 1473 ,
1388 1423 1485 1465 ἰδεῖν
1504 1437 1547 1462 τε
1566 1420 1669 1475 ἄγα-.-

209 1492 291 1542 θός
307 1494 373 1534 καὶ
395 1490 511 1549 ῥώμῃ
531 1490 718 1545 σώματος
737 1490 898 1540 οὐδενὸς
917 1495 998 1532 τῶν
1027 1488 1248 1545 ἡλικιωτῶν
1272 1488 1409 1544 ἥσσων
1440 1486 1660 1545 γενόμενος.
1684 1496 1716 1532 C

209 1558 340 1619 τούτῳ
371 1560 422 1615 δὴ
448 1559 640 1614 βασιλεὺς
661 1559 810 1616 ἔργοις,
847 1556 902 1609 ὥς
930 1558 1103 1614 ἐλέγετο,
1137 1558 1414 1615 ἀπειρημένοις
1445 1555 1500 1606 ὡς
1525 1558 1670 1598 ἐπίπαν

156 1630 451 1687 Ξθὲγχειροῧντι
479 1628 531 1671 τὰ
560 1629 633 1682 μὲν
659 1632 800 1685 πρῶτα
830 1628 1082 1685 παραινέσεις
1099 1631 1297 1684 προσῆγε,
1330 1630 1411 1668 τῶν
1430 1626 1600 1680 τηλίκων
1617 1624 1670 1679 δὴ

211 1698 434 1752 ἀποστῆναι
464 1695 718 1753 πειρώμενος.
794 1696 877 1738 ἐπεὶ
915 1697 958 1738 δὲ
991 1696 1112 1753 ἀπρὶξ
1140 1696 1285 1745 ἐκεῖνος
1311 1699 1386 1737 τοῦ
1411 1692 1671 1748 τολμήματος

212 1766 360 1819 εἴχετο,
395 1766 469 1808 οὐκ
494 1763 765 1819 ἀνασχόμενος
782 1764 974 1818 βασιλεὺς
990 1763 1079 1809 τότε
1105 1764 1155 1818 δὴ
1176 1765 1243 1806 καὶ
1265 1765 1320 1813 εἷς
1344 1763 1528 1820 φρουρὰν
1547 1761 1670 1803 αὐτὸν

211 1832 371 1876 ἔδωκεν.
439 1831 558 1876 ὁποῖα
588 1835 631 1875 δὲ
658 1839 743 1883 τοῖς
766 1833 807 1874 ἐν
834 1833 978 1890 ἀρχαῖς
992 1832 1166 1879 εἴθισται
1187 1830 1427 1888 (πράττουσι
1447 1830 1524 1886 γὰρ
1545 1827 1599 1879 ὡς
1617 1828 1670 1875 τὰ

211 1902 344 1947 πολλὰ
376 1901 434 1944 δι’
465 1895 520 1945 ὧν
548 1900 703 1944 εὔνοιαν
730 1899 867 1958 αὖτοΐς
895 1901 1144 1948 ἐπισπᾶσθαι
1165 1900 1239 1958 τὴν
1258 1898 1457 1954 βασιλέως
1479 1897 1668 1958 γένοιτο),

211 2032 332 2066 voluit.
377 2032 466 2066 unde
488 2031 538 2065 ira
553 2041 712 2066 accensus
725 2030 909 2075 imperator
923 2030 1092 2075 extemplo
1107 2041 1273 2076 apparare
1287 2029 1410 2064 bellum
1425 2026 1559 2063 statuit.
1606 2025 1668 2060 sed

212 2090 288 2113 oum
312 2078 416 2112 variis
431 2078 598 2112 distentus
613 2075 755 2121 negotiis
768 2076 804 2110 id
819 2087 983 2121 peragere
998 2087 1062 2112 non
1078 2080 1195 2121 posset
1221 2075 1364 2120 (quippe
1385 2075 1451 2108 iam
1474 2084 1537 2107 ver
1562 2083 1667 2118 prae*

211 2124 354 2159 tei-ierat
377 2124 473 2158 bellis
498 2123 655 2168 gerendis
677 2122 817 2156 maxime
842 2122 1019 2164 idoneum,
1050 2133 1116 2166 quo
1139 2126 1292 2166 tempore
1318 2126 1389 2154 tum
1414 2119 1479 2153 alia
1507 2117 1669 2152 Romanis

211 2169 387 2204 commoda
410 2180 594 2215 procurare
615 2174 687 2202 tum
712 2167 813 2201 etiam
838 2168 941 2201 urbes
965 2167 1153 2212 ubicunque
1176 2167 1279 2201 vellet
1301 2166 1492 2199 instaurare
1507 2168 1664 2209 poterat:

212 2223 395 2261 praeterea
410 2215 510 2249 etiam
525 2214 676 2255 Amasia,
707 2212 858 2248 Orientis
875 2214 976 2255 urbs,
1007 2213 1047 2250 ad
1072 2224 1146 2247 eum
1170 2212 1334 2255 accessit,
1366 2222 1454 2256 quae
1480 2210 1568 2244 bello
1585 2221 1668 2243 nec-

212 2261 293 2295 dum
315 2262 426 2307 palam
442 2261 607 2306 flagrante
628 2260 714 2294 ultro
738 2270 776 2293 se
792 2258 915 2292 dedere
932 2258 1089 2292 Romanis
1104 2263 1224 2304 parata
1239 2258 1435 2301 videbatur)
1450 2283 1461 2300 ‚
1491 2267 1548 2292 eas
1562 2255 1667 2299 igitur

213 2308 259 2342 ob
276 2319 395 2342 causas
410 2308 493 2341 talia
506 2306 660 2340 instituit.
700 2305 900 2339 Michaelem
915 2305 1063 2338 Gabram
1076 2330 1086 2346 ‚
1115 2304 1224 2340 virum
1238 2307 1278 2338 ut
1291 2303 1424 2357 saepius
1439 2313 1460 2339 a
1475 2313 1527 2336 me
1540 2301 1665 2334 dictum

214 2357 269 2387 est
293 2353 420 2388 sebasti
441 2353 608 2398 dignitate
630 2355 762 2386 auctum
776 2350 894 2394 reique
909 2349 1057 2386 militaris
1070 2349 1324 2395 peritissimum,
1355 2360 1391 2383 ln
1407 2347 1666 2393 Paphlagoniam

214 2398 319 2433 mittit
345 2404 380 2433 et
406 2410 481 2435 oum
505 2397 739 2444 praesentibus
761 2396 899 2440 aliisque
919 2395 992 2429 istis
1015 2396 1049 2431 in
1070 2395 1263 2440 regionibus
1286 2393 1521 2429 contrahendis
1545 2392 1666 2435 copiis,

214 2447 286 2479 tum
308 2445 410 2479 etiam
432 2456 504 2479 cum
527 2444 568 2478 iis
581 2470 591 2487 ‚
622 2454 708 2488 quae
732 2453 775 2475 ex
795 2441 1011 2487 Trapezunte
1033 2446 1069 2475 et
1093 2442 1254 2486 Danaen,
1285 2439 1478 2474 civitatibus
1502 2437 1666 2479 Ponticis,

211 2490 438 2525 accersendas
452 2494 566 2529 erant,
597 2489 641 2523 ad
658 2487 820 2523 Amasiam
834 2487 899 2522 iter
912 2487 1087 2521 intendere
1099 2486 1206 2521 iubet.
1251 2486 1383 2522 interea
1406 2487 1442 2518 et
1467 2484 1552 2517 haec
1574 2483 1665 2516 acci-

216 2535 311 2571 dere.
354 2536 474 2571 Ioanni
489 2537 748 2576 Contacuzeno‚
780 2532 871 2566 cuius
898 2533 1017 2567 crebra
1041 2544 1063 2567 a
1088 2544 1140 2568 me
1164 2533 1257 2566 facta
1281 2531 1316 2564 in
1330 2529 1555 2575 superioribus
1571 2528 1666 2563 libris

218 2581 358 2625 mentio,
386 2582 475 2616 filius
492 2587 566 2616 erat
580 2580 730 2622 Manuel,
757 2580 865 2613 forma
879 2579 1076 2623 conspicuus
1091 2583 1126 2611 et
1140 2578 1262 2612 robore
1278 2576 1427 2621 corporis
1442 2575 1524 2608 nulli
1539 2585 1666 2619 aequa-

217 2625 298 2660 lium
311 2627 488 2662 secundus.
533 2628 619 2661 hunc
634 2627 734 2660 rebus
750 2631 788 2658 ut
802 2624 895 2660 aiunt
906 2649 916 2665 ‚
945 2623 1098 2659 nefandis
1120 2626 1159 2656 ut
1174 2623 1347 2668 plurimum
1361 2622 1526 2655 intentum
1541 2620 1668 2655 monuit

215 2671 325 2717 primo
339 2672 518 2718 imperator
533 2674 574 2707 ab
590 2672 695 2717 iisque
707 2671 795 2705 illius
809 2675 963 2705 avertere
977 2669 1120 2705 animum
1134 2668 1272 2704 studuit.
1301 2667 1362 2702 sed
1377 2678 1451 2701 oum
1466 2666 1666 2700 obstinatius

218 2717 350 2761 coeptis
363 2718 550 2761 insisteret,
580 2719 670 2752 ultra
696 2719 781 2751 haec
802 2727 870 2752 non
889 2726 1009 2762 passus
1026 2715 1200 2760 princeps,
1225 2714 1258 2751 in
1276 2725 1445 2747 carcerem
1459 2724 1534 2746 eum
1549 2712 1663 2746 come-

219 2763 267 2796 cit
324 2768 360 2796 at
384 2763 460 2799 dum
485 2764 522 2798 in
544 2764 728 2797 custodiam
755 2762 952 2803 abducitur,
980 2761 1068 2807 quod
1086 2761 1128 2794 ab
1143 2760 1184 2794 iis
1200 2760 1257 2805 qui
1271 2759 1468 2804 magistratu
1481 2758 1666 2801 funguntur

218 2807 311 2843 haud
334 2819 411 2841 raro
432 2809 507 2843 fieri
530 2809 679 2844 videmus
703 2810 836 2853 (facere
861 2808 948 2843 enim
973 2819 1014 2842 ea
1034 2807 1208 2853 plurimum
1223 2806 1332 2840 solent
1347 2816 1408 2850 per
1423 2814 1510 2849 quae
1524 2802 1664 2847 gratiam

219 2853 381 2900 principis
392 2865 436 2889 se
449 2860 687 2891 consecutur-os
701 2855 839 2902 putant)
862 2854 966 2890 invito
991 2854 1193 2901 imperatore
1214 2851 1321 2890 oculis
1335 2851 1582 2890 adolescentem
1598 2846 1667 2892 pri.-
