1878 3262
614 183 1010 244 HISToRmRUM
1042 201 1092 243 L.
1123 199 1204 244 lv.
1555 177 1652 246 137

201 318 313 361 ἕνεκα
336 315 517 360 ἐνταῦθα
543 315 827 373 παραγεγονὼς
858 312 967 366 ὅπως
996 314 1046 357 ἂν
1071 314 1245 358 Ἰταλίαν
1270 317 1435 369 βασιλεῖ’
1447 312 1655 370 καταστή-

198 402 328 429 σαιτο.
394 389 525 428 ταῦτα
547 386 584 427 οἱ
604 386 825 440 Βασαβίλα
844 384 1030 440 πρέσβεις
1056 382 1298 434 ἀκούσαντες
1324 382 1560 441 γράμμασιν
1577 384 1655 427 αὔ-

197 459 256 513 τῷ
274 454 325 498 τὰ
346 453 528 512 παρόντα
547 453 728 509 ἐδήλουν.
797 451 819 495 ὃ
847 453 890 494 δὲ
911 454 967 501 εἷς
984 452 1058 506 τὴν
1074 452 1190 494 πόλιν
1204 451 1428 510 Πεσχάραν
1439 451 1655 507 Ῥωμαίοις
1677 465 1708 500 Ρ
1732 466 1777 500 80

198 523 319 580 λόγου
352 523 604 579 κοινωνήσειν
626 522 784 578 ἤθελεν.
854 519 878 562 ὃ
901 520 1054 574 μαθών
1071 519 1092 562 ὃ
1111 519 1397 577 Παλαιολόγος
1421 523 1540 564 ναυσὶ
1563 523 1661 565 δέκα

165 599 188 636 5
197 593 325 649 μηδὲν
349 590 624 651 ὖπερθέμενος
654 593 710 641 εἷς
737 587 961 647 Πεσχάραν
988 588 1120 642 ἔπλει,
1156 588 1272 631 πόλιν
1302 591 1477 633 Βεστίαν
1500 595 1668 645 βασιλεῖ

197 661 550 720 προσχωρήσασαν
579 659 729 716 μεταξὺ
761 656 1072 715 κρατηνάμενος.
1140 658 1245 700 ἀλλὰ
1277 657 1399 708 δόξαν
1425 654 1550 710 αὖθις
1568 662 1663 702 Βα-

198 732 351 792 σαβίλᾳ
374 733 438 773 ἐπὶ
467 731 641 774 Βεστίαν
671 728 783 785 αὐτῷ
811 727 1107 782 ἐντετυχηκέναι
1146 726 1274 769 ὀπίσω
1307 725 1436 779 ἔπλει,
1481 725 1662 771 ἐνταῦθά

198 818 240 843 τε
259 800 528 856 ἐντετυχηκὼς
547 799 671 856 αὐτῷ,
707 798 858 846 πίστεις
881 813 922 838 τε
942 798 1031 854 περὶ
1050 799 1132 838 τῶν
1148 795 1418 853 προκειμένων
1434 797 1574 850 λαβὼν
1594 798 1664 840 καὶ

199 867 414 923 δεξάμενος
437 869 553 927 ἔργου
582 866 721 910 λοιπὸν
758 866 897 920 εἴχετο.
975 862 997 907 ὃ
1033 866 1077 907 δὲ
1115 863 1284 914 Λούκας
1313 862 1546 921 στράτευμα
1583 865 1665 922 ἤδη

145 943 189 978 10
201 938 404 996 ἀθροίσας
423 934 620 996 φρούριόν
640 953 678 978 τι
698 932 869 993 ἐρυμνόν
875 966 889 987 ,
924 927 973 975 οὗ
991 936 1227 991 Προῦντζος
1240 927 1361 991 ἦρχεν
1381 933 1483 990 ἀνὴρ
1496 932 1665 986 Ἰταλός,

198 1011 423 1064 πολιορκεῖν
440 1004 668 1062 ἐπεβάλετο.
737 1003 839 1046 ἔνθα
864 1007 1096 1060 προσβολῆς
1124 1003 1335 1059 γενομένης
1360 1000 1553 1056 Ῥωμαῖοι
1569 1002 1668 1053 τοὺς

200 1077 416 1131 πολεμίους
439 1072 686 1133 τρεψάμενοι
716 1072 827 1122 ἐντὸς
848 1072 1009 1126 τειχέων
1027 1072 1243 1114 συνέπεσον
1263 1069 1492 1129 φεύγουσιν,
1563 1072 1602 1113 οἱ
1622 1072 1666 1114 δὲ

200 1149 360 1201 πρῶτον
385 1143 458 1197 μὲν
487 1144 550 1184 ἐπὶ
581 1142 655 1197 τὴν
684 1140 902 1199 ἀκρόπολιν
926 1139 1175 1198 ἀνεχώρουν,
1221 1138 1277 1190 ὥς
1308 1141 1352 1182 δὲ
1369 1138 1562 1194 Ῥωμαῖοι
1581 1143 1663 1197 πῦρ
1686 1155 1717 1190 Β

199 1218 288 1263 ταῖς
317 1213 551 1266 οἰκοδομαῖς
571 1210 651 1267 ’ἤδη
682 1212 827 1266 ἐνῆκαν
854 1207 907 1252 τά
928 1227 969 1252 τε
1001 1210 1103 1252 οἷ’κοι
1124 1208 1366 1267 διήρπαζον,
1402 1210 1670 1263 ἕπικαταβαί-

145 1285 188 1322 15
201 1299 280 1325 νειν
299 1298 341 1323 τε
364 1280 539 1337 ἤρξαντο
560 1282 628 1323 καὶ
648 1278 786 1337 κύριον
805 1280 920 1336 σφίσι
939 1280 1112 1334 βασιλέα
1131 1279 1258 1334 μέγαν
1282 1279 1477 1333 ἀναβοᾶν.
1522 1276 1669 1320 τούτου

198 1351 272 1406 μὲν
295 1349 346 1404 ὀὴ
369 1348 498 1400 οὕτως
514 1350 716 1406 ἐγκρατεῖς
737 1348 929 1404 ἐγένοντο.
998 1348 1062 1389 ἐπὶ
1090 1348 1135 1389 δέ
1154 1365 1245 1390 τινα
1272 1346 1388 1389 πόλιν
1420 1345 1624 1390 ἐλθόντων
1642 1344 1672 1400 ἢ

199 1416 408 1473 ἐπώνυμος
438 1423 497 1476 τῷ
519 1416 711 1461 {nawa
739 1417 951 1475 τιμωμένῳ
974 1414 1074 1475 ἁγίῳ
1108 1416 1324 1471 Φλαβιανὴ
1344 1416 1552 1471 κέκληται,
1587 1416 1675 1465 ἒξε-

196 1495 305 1543 χεῖτο
329 1486 438 1539 ἅπας
461 1485 482 1529 ὃ
511 1489 640 1542 δῆμος
666 1485 765 1544 ὑπὲρ
792 1490 874 1528 τῶν
897 1487 1031 1542 ἀγρῶν
1061 1483 1242 1540 δεόμενοι
1260 1487 1328 1527 καὶ
1355 1488 1430 1527 τοῦ
1448 1485 1575 1539 μηδὲν
1595 1484 1673 1526 αὗ·-

200 1564 286 1607 τοῖς
304 1556 427 1615 ἄχαρι
440 1555 547 1613 πρὸς
569 1560 649 1598 τῶν
670 1554 881 1610 Ῥωμαίων
913 1555 1126 1596 πείσεσθαι
1149 1558 1428 1611 στρατιωτῶν,
1466 1554 1610 1594 δοῦλοί
1630 1568 1674 1604 τε

145 1630 366 1681 Ξοβασιλεῖ
388 1623 620 1681 ὡμολόγουν
650 1626 718 1667 καὶ
739 1618 870 1666 τᾶλλα
898 1622 1095 1681 ἔπραττον
1106 1655 1119 1675 ,
1150 1621 1226 1665 ὅσα
1242 1621 1456 1676 Ῥωμαίοις
1471 1621 1675 1676 βουλομέ-

201 1712 286 1744 νοις
307 1690 369 1749 ἦν.
440 1693 511 1744 οὓς
530 1698 602 1748 τῆς
623 1693 779 1743 εὐνοίας
799 1690 1063 1747 ἀμειβόμενος
1080 1689 1101 1734 ὅ
1124 1691 1348 1748 στρατηγὸς
1365 1689 1421 1740 ὡς
1439 1690 1508 1732 διὰ
1535 1690 1676 1746 φιλίας

204 1762 413 1820 ἐπορεύετο
433 1767 506 1818 τῆς
517 1760 670 1820 χώρας.
727 1761 819 1819 ἄρτι
838 1762 881 1803 δὲ
898 1763 1051 1804 ἐκεῖθεν
1070 1761 1282 1818 ἀπαίροντι
1300 1762 1342 1802 Γ
1339 1760 1514 1813 ιλιέλμος
1532 1757 1554 1801 ὃ
1578 1762 1669 1801 Βα-
1694 1766 1725 1801 C

297 1881 332 1915 4.
342 1878 491 1961 12270213
517 1881 570 1916 Ita
584 1881 671 1916 Duc.
705 1880 793 1916 eod.
809 1877 932 1925 λόγον.
1073 1881 1130 1915 20.
1153 1878 1321 1925 βασιλεῖ]
1346 1878 1445 1912 Fort.
1473 1876 1553 1911 add.
1579 1872 1676 1912 εἶναι

297 1938 340 1961 ve
401 1937 462 1961 σεσ
494 1938 546 1962 αι.

206 2029 241 2063 vi
257 2040 366 2074 prope
388 2028 529 2074 adesse,
553 2031 593 2063 ut
615 2028 750 2071 Italiam
763 2027 957 2073 imperatori
983 2027 1093 2061 denuo
1115 2028 1296 2061 assereret.
1342 2026 1464 2072 quibus
1478 2026 1676 2068 intellectis,

205 2075 311 2120 legati
327 2087 390 2120 per
406 2075 523 2109 literas
546 2086 634 2120 quae
656 2074 857 2109 audiverant
870 2074 1081 2107 Bassavillae
1095 2074 1338 2118 significarunt.
1386 2073 1443 2107 ille
1457 2083 1539 2106 vero
1559 2076 1598 2105 ut
1613 2071 1680 2105 sibi

206 2121 327 2155 liceret
343 2133 416 2155 cum
431 2121 594 2155 Romanis
609 2121 643 2154 in
660 2120 800 2154 civitate
816 2120 985 2153 Peschara
1003 2119 1147 2164 colloqui
1165 2131 1226 2165 per
1242 2119 1377 2153 eosdem
1393 2116 1552 2163 expetiit.
1585 2116 1678 2162 quod

207 2167 266 2201 ubi
282 2167 415 2211 accepit
434 2167 680 2211 Palaeologus,
712 2166 792 2199 nihil
817 2169 995 2199 cunctatus
1021 2165 1163 2199 navibus
1180 2165 1295 2199 decem
1313 2165 1517 2199 Pescliaram
1533 2163 1679 2197 adnavi-

208 2213 305 2258 gavit
316 2239 326 2255 ‚
350 2212 478 2247 Voscia
493 2214 625 2247 interea
642 2213 747 2255 urbe,
772 2222 859 2256 quae
874 2210 917 2244 ad
932 2211 1118 2256 principem
1134 2211 1330 2254 defecerat,
1356 2210 1569 2244 communita.
1583 2215 1590 2223 ¹
1616 2209 1679 2243 sed

208 2270 283 2292 cum
307 2270 438 2292 rursum
462 2259 652 2293 Bassavilla
677 2258 719 2291 ad
747 2257 907 2291 Vosciam
932 2268 1005 2291 cum
1026 2257 1085 2291 illo
1111 2268 1188 2290 sese
1212 2257 1455 2290 collocuturum
1478 2255 1680 2298 nuntiasset,

210 2316 250 2339 eo
265 2316 304 2339 se
319 2304 482 2346 contulit3
509 2315 762 2349 congressuque
778 2303 892 2337 habito
914 2313 956 2336 ac
970 2303 1014 2336 de
1028 2304 1131 2337 rebus
1147 2303 1384 2348 praesentibus
1411 2302 1494 2335 data
1519 2306 1683 2346 accepta-

209 2362 277 2396 que
289 2350 438 2385 vicissim
454 2351 523 2384 fide
539 2376 548 2393 ,
572 2350 668 2396 operi
695 2361 772 2383 sese
799 2348 955 2383 accinxit.
1002 2354 1178 2383 contracto
1195 2348 1315 2382 deinde
1331 2348 1483 2383 exercitu
1496 2374 1506 2391 ‚
1531 2353 1681 2381 castrum

208 2396 376 2438 validum,
409 2397 462 2431 cui
490 2398 662 2431 Bruntzus
690 2395 797 2429 Italus
822 2398 999 2439 praeerat,
1047 2406 1245 2440 oppugnare
1276 2405 1458 2439 aggressus
1474 2398 1527 2427 est
1552 2394 1681 2426 Ducas.

211 2443 388 2476 commisso
403 2442 450 2476 ibi
466 2443 648 2476 certamine
661 2469 672 2486 ‚
696 2442 812 2475 hostes
830 2441 992 2474 fuderunt
1006 2441 1170 2482 Romani,
1197 2441 1256 2486 qui
1273 2441 1442 2485 fugientes
1457 2439 1601 2473 insecuti
1616 2448 1684 2471 una

211 2499 286 2522 cum
312 2488 354 2522 iis
380 2488 514 2522 moenia
537 2489 685 2523 subiere.
733 2492 770 2520 at
794 2486 843 2520 illi
866 2486 1027 2521 inarcem
1042 2498 1118 2520 sese
1134 2486 1274 2532 primum
1290 2497 1464 2530 recepere.
1511 2496 1628 2518 verum
1644 2489 1685 2518 ut

213 2533 365 2567 aedificia
385 2545 445 2568 sua
468 2535 547 2579 igne
572 2533 722 2569 consumi
743 2532 941 2577 vastarique
974 2537 1010 2566 et
1031 2533 1158 2566 auferri
1181 2532 1292 2566 omnia
1319 2544 1339 2565 a
1363 2530 1524 2564 Romanis
1547 2530 1685 2575 conspi-

213 2578 323 2621 ciunt,
348 2583 418 2614 tum
438 2592 520 2614 vero
542 2580 774 2620 descendunt,
806 2578 1043 2622 dominumque
1066 2590 1161 2612 suum
1178 2589 1332 2622 magnum
1347 2577 1584 2621 imperatorem
1600 2587 1686 2621 pro-

215 2623 378 2659 clamant:
402 2630 506 2670 atque
530 2627 595 2660 hoc
609 2626 708 2660 modo
729 2627 841 2658 castro
859 2625 906 2658 illi
922 2625 1109 2668 potiuntur.
1157 2635 1231 2658 cum
1252 2624 1330 2657 inde
1355 2623 1396 2657 ad
1413 2623 1607 2664 civitatem,
1632 2621 1686 2655 cui

216 2679 239 2702 a
260 2669 339 2704 divo
356 2672 496 2716 quodam
508 2698 519 2715 ‚
544 2672 603 2717 qui
616 2673 650 2706 in
666 2683 707 2705 ea
723 2670 845 2704 colitur
856 2695 867 2712 ‚
890 2670 1076 2704 Flavianae
1093 2681 1212 2704 nomen
1227 2669 1370 2703 inditum
1387 2670 1462 2711 est,
1485 2672 1685 2714 pergerent,

217 2715 398 2760 populares
415 2729 530 2752 omnes
558 2719 692 2752 obviam
716 2716 817 2751 effusi
841 2727 903 2761 pro
930 2716 1022 2760 agris
1036 2716 1105 2750 suis
1122 2716 1198 2749 illos
1222 2720 1364 2759 rogant,
1387 2726 1428 2750 ac
1443 2726 1487 2749 ne
1503 2715 1584 2759 quid
1599 2714 1632 2747 in
1648 2725 1687 2746 se

217 2761 356 2802 gravius
378 2762 557 2798 insolescat
571 2764 664 2798 miles
680 2764 915 2800 obtestantur,
939 2773 1058 2795 servos
1073 2773 1111 2795 se
1136 2764 1270 2796 futuros
1289 2762 1450 2806 deinceps
1464 2759 1685 2805 imperatoriS‚

220 2809 256 2838 et
278 2817 506 2852 quaecumque
528 2810 655 2843 vellent
679 2808 822 2843 Romani
846 2819 886 2842 se
901 2808 1053 2841 facturos
1068 2808 1219 2853 polliciti.
1265 2807 1334 2841 dux
1359 2807 1520 2841 eiusmodi
1535 2808 1685 2840 benevo-

219 2850 342 2885 lentiae
353 2852 483 2887 illorum
498 2855 645 2900 gratiam
671 2856 860 2901 rependens
873 2880 884 2898 ,
907 2865 970 2899 per
985 2866 1101 2889 eorum
1116 2865 1218 2899 agros
1234 2854 1341 2888 amice
1357 2864 1397 2887 ac
1411 2858 1533 2899 pacate
1547 2852 1613 2885 iter
1628 2850 1682 2884 fe-
