1878 3262
281 252 373 299 164
758 246 983 291 IOANNIS
1019 246 1248 290 crNNAMI

277 366 381 410 ἀλλὰ
406 366 559 419 πληγῆς
584 361 813 419 ἐγκοπείσης
838 360 949 418 αὐτῷ
972 359 1074 418 πρὸς
1096 362 1177 402 τῶν
1202 358 1313 402 ἴνὸον
1325 393 1339 412 ,
1366 359 1556 416 ἀπέσχετο
1569 360 1642 414 μὲν
1652 358 1728 402 ὑπ”

275 433 470 488 ἀνάγκης,
503 431 573 474 τὸν
599 432 643 473 δὲ
667 435 740 486 τῆς
765 435 895 488 φυγῆς
920 428 1029 484 ὅμως
1052 426 1347 483 ὑποτεμόμενος
1366 428 1512 486 χρόνον
1537 429 1637 487 πρὸς
1649 433 1730 471 τῶν

273 503 406 544 ἄλλων
421 499 639 554 ςΡωμαίων
660 498 961 557 ἐπιδραμόντων
980 498 1058 552 ἤδη
1082 495 1232 539 ἁλῶναι
1256 495 1405 552 ταύτην
1425 498 1596 553 ἐποίησε.
1629 501 1729 540 ταῦ-

271 588 324 612 τα
361 567 676 626 κατωρθωκότες
694 567 893 623 εΡωμαῖοι
919 569 981 609 ἐπὶ
1008 567 1244 622 Βρεντέσιον
1279 563 1535 621 ἀνεχώρησαν
1545 598 1558 618 ,
1591 583 1730 621 μηχα-

270 637 343 693 νήν
375 638 422 680 τέ
452 655 543 679 τινα
580 635 882 692 τεκτηνάμενοι,
936 634 986 690 ἢν
1017 633 1196 689 χελώνην
1231 638 1365 676 καλεῖν
1399 632 1496 683 ἔθος
1530 635 1635 686 ἐστί,
1679 637 1731 690 τῇ
1740 645 1762 679 5

271 704 486 763 ἀκροπόλει
512 709 727 763 προσῆγον.
795 709 913 747 τοῦτο
941 704 978 745 οἳ
1005 704 1068 745 ἐπὶ
1093 707 1172 746 τῶν
1197 701 1356 756 τειχέων
1375 700 1574 755 θεώμενοι
1597 703 1729 744 πλατὺ

270 775 435 830 ἐγέλων,
480 772 653 828 οῗόμενοι
689 772 750 816 ὅτι
788 773 838 828 δὴ
875 771 1092 828 σπαράξειν
1129 771 1234 814 οὕτω
1260 771 1334 826 τὴν
1358 771 1612 824 τειχοδομίαν
1638 772 1730 812 δια-

268 847 475 894 νοοῦνται,
520 846 688 899 πρᾶγμα
726 843 874 898 κομιδῇ
911 839 1110 882 ἀδύνατον
1149 839 1206 882 ὄν.
1275 837 1381 881 οὕτω
1414 839 1492 896 γὰρ
1526 837 1731 893 μεμύκασι

216 927 246 962 Β
270 911 370 968 πρὸς
396 908 597 965 ἀλλήλους
633 911 671 952 οἳ
695 912 827 962 λίθοι,
865 908 919 959 ὡς
944 911 1063 951 λίθον
1090 909 1159 950 ἵνα
1193 907 1239 950 τὸ
1266 907 1373 950 ἅπαν
1399 908 1565 949 ἐοικέναι
1589 913 1732 960 τεῖχος.

259 978 458 1033 (Ρωμαῖοι
476 980 518 1020 δὲ
532 979 665 1033 ἐπειδὴ
691 986 775 1029 τοῖς
800 978 966 1032 τείχεσιν
991 975 1197 1032 ἐπήλασαν
1221 976 1267 1019 τὸ
1293 974 1540 1031 μηχάνημα,
1573 974 1730 1031 νύκτωρ
1742 985 1788 1019 10

267 1047 366 1090 α’ὖτό
400 1045 663 1103 ῦπερχόμενοι
696 1045 950 1089 ὖπὲσκαπτον
986 1050 1067 1088 τῶν
1100 1043 1422 1102 κρηπιὸωμάτων
1457 1044 1570 1100 ἐγγὺς
1594 1041 1664 1085 τόν
1688 1059 1732 1085 τε

261 1120 363 1171 χοῦν
390 1115 652 1172 ἐκφοροῦντες
677 1115 741 1157 ἐπὶ
765 1113 925 1171 θάτερα
950 1114 1109 1170 ἐξῆγον,
1141 1114 1216 1163 ἕως
1240 1113 1335 1163 τοὺς
1361 1111 1555 1166 ἐσχάτους
1579 1115 1731 1168 παρελ-

264 1183 410 1233 θόντες
444 1187 525 1225 τῶν
549 1185 749 1236 θεμελίων
773 1184 918 1232 λίθους
943 1183 1006 1224 ἐπὶ
1031 1182 1101 1224 τὸν
1138 1181 1298 1238 ἔνερθεν
1324 1179 1594 1236 κατηντήκασι
1615 1184 1732 1234 χοῦν.

264 1252 310 1294 τὸ
341 1252 383 1293 δ’
414 1251 599 1293 ἐντεῦθεν
637 1249 832 1300 διελόντες
866 1251 989 1292 αὐτὸν
1015 1248 1129 1305 κενήν
1155 1267 1244 1292 τινα
1276 1248 1415 1306 χώραν
1442 1250 1622 1300 ἐποίουν,
1658 1251 1731 1299 ξυ-

264 1317 437 1374 λώματά
463 1336 504 1362 τε
541 1317 813 1373 ὑποβαλόντες
847 1319 937 1360 τινὰ
963 1316 1036 1373 τήν
1062 1335 1104 1360 τε
1131 1316 1342 1373 κοιλότητα
1368 1316 1565 1374 ἐπλήρουν
1590 1318 1657 1359 καὶ
1683 1315 1729 1358 τὸ
1742 1323 1785 1359 15

262 1390 359 1444 τῇδε
384 1392 458 1430 τοῦ
483 1386 697 1445 περιβόλου
726 1390 965 1445 αἰωρεῖσθαι
1000 1391 1224 1440 συμβαῖνον
1248 1384 1461 1439 ῦπανεῖχον
1494 1385 1552 1427 δι’
1581 1385 1730 1436 αὐτῶν,

264 1457 341 1506 ἕως
368 1456 463 1506 τοῦς
499 1455 611 1498 ἔνδον
647 1458 1094 1512 ἲσχυρογνωμονοῦντας
1129 1454 1185 1497 ἴτι
1220 1453 1390 1511 ὁρῶντες
1424 1452 1633 1509 ὗπανῆκαν
1671 1457 1731 1511 τῷ

259 1523 382 1581 χώρῳ
409 1528 503 1579 πῦρ.
572 1523 618 1564 τὸ
646 1525 689 1565 δὲ
714 1525 816 1577 ταχὺ
843 1524 916 1578 τὴν
940 1523 1041 1578 ὕλην
1068 1521 1410 1577 διανεμησάμενον
1435 1521 1648 1580 πρόρριζον
1674 1523 1732 1571 εἷς

262 1592 335 1645 τὴν
360 1596 434 1647 γῆν
459 1591 505 1632 τὸ
532 1598 662 1645 τεῖχος
687 1593 934 1633 κατέσπακε·
978 1590 1264 1647 συγκατήνεγκε
1293 1591 1336 1632 δὲ
1361 1592 1428 1631 καὶ
1455 1595 1534 1633 τῶν
1560 1592 1623 1632 ἐπὶ
1648 1594 1730 1632 τῶν

213 1676 244 1711 (2
267 1658 469 1710 ἐπάλξεων
494 1658 681 1709 πολλούς.
749 1660 845 1701 ἀλλ’
876 1659 914 1701 οἱ
937 1658 1143 1716 βάρβαροι
1179 1660 1241 1701 ἐπὶ
1268 1658 1313 1701 τὸ
1348 1660 1540 1716 ἐνδοτέρω
1567 1658 1784 1712 ἄναχω-ΞΟ

263 1726 459 1785 ρήσαντες
483 1733 613 1781 τεῖχος
639 1728 754 1769 οὐδὲν
780 1722 900 1781 ἧττον
927 1728 1166 1781 ἀντείχοντο.

404 1795 480 1840 12.
542 1794 733 1849 Ῥωμαῖοι
751 1797 824 1849 μὲν
843 1791 912 1837 οὖν
929 1796 970 1837 ἐν
987 1794 1144 1845 τούτοις
1161 1790 1265 1850 ἦσαν
1275 1827 1288 1847 ,
1325 1793 1346 1836 ὅ
1366 1795 1410 1837 δὲ
1425 1793 1616 1849 βασιλεὺς
1633 1790 1730 1835 στό-

261 1867 333 1905 λον
358 1867 458 1906 νειῦν
483 1863 645 1919 ἀγείρας
672 1863 759 1917 ἅμα
784 1862 986 1921 ήπειρώτῃ
1007 1868 1168 1922 στρατῷ
1186 1866 1241 1914 εἷς
1259 1864 1332 1918 τὴν
1345 1863 1517 1906 Ἰταλίαν
1536 1861 1727 1917 ἐπεμψεν,

351 1969 387 2004 7.
419 1965 645 2023 σπαράξαν]
675 1969 728 2004 Ita
758 1968 904 2005 Tollius.
951 1968 1041 2004 Cod.
1070 1967 1264 2015 παράξειν.
1413 1970 1469 2005 17.
1503 1965 1723 2015 ὖπανῇκαν]

349 2013 468 2048 Mahm
491 2025 697 2060 υπενηκαν.

260 2103 381 2150 plaga,
405 2115 525 2138 navem
550 2105 685 2149 quidem
709 2105 912 2140 necessitate
927 2106 1117 2151 compulsus
1139 2105 1283 2149 dimisit,
1306 2105 1483 2140 occasione
1496 2109 1608 2139 tamen
1623 2105 1726 2139 aufu-

259 2149 374 2194 giendi
394 2149 576 2191 intercisa,
610 2155 649 2184 ut
671 2152 714 2185 ab
740 2151 994 2185 accurrentibus
1020 2152 1093 2185 eliis
1117 2152 1274 2186 Romanis
1301 2157 1480 2197 caperetur
1501 2150 1627 2185 effecit.
1672 2150 1726 2184 his

260 2206 425 2240 prospere
440 2195 545 2238 gestis
560 2196 703 2229 Romani
717 2197 940 2230 Brundusium
962 2198 1147 2231 redierunt.
1195 2198 1270 2231 dein
1285 2197 1484 2238 machinam,
1507 2206 1605 2240 quam
1620 2195 1724 2240 vulgo

259 2240 463 2273 testudinem
475 2246 619 2281 vocant,
643 2242 713 2274 arci
737 2243 926 2277 admovent.
973 2243 1063 2287 quod
1080 2244 1139 2276 ubi
1156 2244 1314 2277 viderunt
1327 2242 1385 2287 qui
1409 2242 1443 2275 in
1466 2241 1637 2275 moenibus
1650 2246 1726 2275 sta·-

259 2286 364 2329 bant,
389 2285 533 2319 effusum
546 2286 580 2318 in
596 2286 701 2320 risum
717 2298 754 2320 se
769 2288 904 2329 dedere,
929 2289 1018 2332 quod
1036 2301 1163 2323 murum
1180 2290 1244 2322 hoc
1258 2288 1356 2322 modo
1373 2287 1516 2320 convelli
1532 2298 1633 2332 posse
1647 2287 1723 2321 Ro-

259 2331 349 2364 mani
364 2336 537 2375 putarent,
561 2331 641 2365 licet
654 2332 689 2365 id
705 2344 918 2377 nequaquam
937 2334 1012 2367 fieri
1029 2339 1155 2379 posset.
1194 2334 1239 2368 ita
1259 2334 1344 2367 enim
1358 2333 1486 2378 lapides
1501 2332 1645 2366 invicem
1661 2344 1722 2366 co·-

260 2377 420 2421 baeoent,
444 2381 482 2409 ut
499 2388 613 2410 murus
627 2377 700 2422 ipse
715 2383 807 2411 totus
823 2379 940 2412 unicus
958 2380 1111 2414 videatur
1125 2379 1220 2424 lapis.
1267 2378 1325 2412 ubi
1344 2389 1427 2411 vero
1450 2378 1622 2412 moenibus
1647 2388 1722 2412 ma-

262 2422 390 2455 chinam
408 2422 628 2456 admoverunt
642 2423 798 2467 Romani,
822 2435 893 2457 eam
911 2430 1011 2458 nocte
1025 2427 1208 2459 subeuntes
1223 2435 1350 2458 murum
1365 2423 1400 2456 in
1415 2423 1497 2468 ipsis
1519 2423 1724 2458 fundamen-

259 2468 307 2500 tis
330 2467 518 2501 suffodiunt
542 2472 728 2512 egestaque
751 2468 832 2502 inde
855 2469 979 2502 rudera
1002 2471 1034 2503 in
1057 2471 1194 2504 alteram
1210 2471 1417 2503 transferunt
1435 2473 1586 2513 partem,
1611 2469 1722 2504 donec

260 2513 428 2556 superatis
452 2513 572 2547 ultimis
597 2514 887 2548 fundamentorum
910 2515 1075 2560 lapidibus
1102 2517 1145 2549 ad
1169 2516 1264 2549 imam
1291 2515 1459 2548 devenere
1475 2515 1628 2558 humum,
1652 2526 1724 2560 qua

261 2562 359 2591 eruta
374 2558 482 2592 locum
504 2559 678 2604 quemdam
701 2560 881 2594 confecere
905 2572 1047 2594 vacuum
1065 2573 1206 2606 eumque
1223 2560 1404 2605 suppositis
1418 2560 1516 2603 lignis
1530 2561 1720 2606 replevere,

259 2603 381 2647 quibus
396 2615 437 2636 ea
459 2615 546 2648 quae
569 2605 632 2638 hac
658 2611 758 2649 parte
779 2606 971 2640 eminebant
984 2607 1116 2640 moenia
1136 2611 1374 2640 sustentarent.
1422 2606 1465 2638 ad
1481 2613 1665 2640 extremum
1680 2610 1720 2640 ut

254 2649 430 2682 obstinato
446 2650 556 2683 adhuc
578 2650 688 2684 animo
704 2655 860 2695 perstare
875 2651 1060 2697 oppidanos
1077 2653 1214 2690 vident,
1237 2652 1346 2696 ignem
1371 2651 1445 2684 loco
1459 2651 1610 2686 iniiciunt
1623 2678 1634 2694 ‚
1659 2651 1719 2697 qui

257 2694 444 2739 absumptis
465 2695 621 2729 celeriter
635 2695 752 2739 lignis,
775 2709 902 2731 murum
919 2697 1052 2731 disiecit
1071 2698 1221 2731 funditus
1234 2722 1243 2737 ‚
1267 2708 1400 2741 unaque
1416 2709 1457 2730 ex
1472 2697 1513 2730 iis
1529 2698 1719 2743 complures

260 2739 319 2784 qui
341 2739 375 2772 in
398 2739 479 2784 ipsis
493 2741 629 2774 stabant
652 2743 911 2787 propugnaculis
935 2743 1140 2788 praecipites
1159 2743 1270 2776 dedit:
1304 2743 1428 2776 ceteris
1454 2743 1589 2777 interim
1608 2742 1716 2788 quiin

259 2785 452 2818 interiorem
468 2796 595 2819 murum
611 2787 830 2832 refugerent,
854 2787 953 2821 nihilo
970 2788 1076 2821 minus
1093 2788 1340 2822 obsistentibus.

353 2832 406 2865 12.
452 2830 539 2864 Dum
566 2831 598 2864 in
622 2843 662 2865 eo
687 2838 800 2866 essent
821 2837 913 2867 statu
939 2843 992 2866 res
1018 2833 1260 2875 Romanorum,
1291 2833 1476 2879 imperator
1491 2835 1716 2878 comparatam

262 2875 399 2910 classem
425 2880 673 2922 terrestresque
698 2878 810 2924 copias
834 2878 868 2913 in
890 2878 1020 2913 Italiam
1041 2878 1149 2913 misit:
1181 2879 1314 2925 utrique
1336 2879 1499 2914 exercitui
1521 2878 1715 2925 praeposito
