1878 3262
262 217 361 264 236
743 198 966 261 ιόΑΝΝῑε
1001 217 1229 264 emmiu

210 346 243 382 D
263 327 463 389 βαρβάρῳ
490 330 565 373 τινὶ
596 327 760 390 ἀφελείᾳ
778 333 858 373 τῶν
881 326 1009 386 λόγων
1028 329 1206 383 ἀκούσας
1226 330 1330 377 ἕάλω
1346 351 1388 378 τε
1409 333 1551 378 αὐτίκα
1571 335 1637 377 καὶ
1655 332 1711 385 ὥς

261 400 450 453 πολέμιον
470 399 538 442 τὸν
557 399 741 457 γαμβρὸν
755 398 994 454 ὓπεβλέπετο
1004 431 1018 452 ,
1042 399 1136 442 κατ’
1161 400 1286 444 αὐτοῦ
1300 419 1342 445 τε
1356 401 1568 458 Ῥωμαίοις
1585 420 1709 460 στρα-

260 466 418 510 τεύουσι
436 469 554 510 παντὶ
574 466 709 525 τρόπῳ
725 469 987 524 συναίρεσθαι
1007 465 1213 524 ὡμολόγει.
1281 468 1364 512 ἔστι
1389 472 1434 513 δέ
1452 489 1512 522 τις
1530 474 1571 514 ἓν
1595 475 1711 513 Ταυ-

262 540 488 593 ροσκυθικῇ
519 533 632 586 πόλις
656 535 784 591 ὄνομα
812 537 981 590 Κίαμα,
1023 535 1051 590 ἢ
1076 534 1229 580 πόλεών
1256 555 1297 579 τε
1325 535 1602 595 ὗπερκάθηται
1631 543 1711 582 τῶν

263 603 396 646 ἄλλων
412 602 503 647 ὅσαι
519 606 612 661 τῇδε
629 606 814 663 ’ἵδρυνται
825 637 839 657 ,
873 607 940 647 καὶ
961 603 1037 647 ὅσα
1065 607 1132 647 καὶ
1153 604 1398 662 μητρόπολις
1416 610 1473 665 τῷ
1491 607 1596 650 ἔθνει
1614 606 1709 650 τού-
1722 617 1745 653 5

262 689 320 730 τῳ
345 671 526 728 τυγχάνει
552 667 666 715 οὖσα.
735 671 940 730 ἀρχιερεύς
967 690 1009 715 τε
1032 673 1108 730 γὰρ
1135 674 1178 716 ἐκ
1203 675 1424 726 Βυζαντίου
1455 675 1554 732 παρ’
1589 675 1713 730 αὐτὴν

262 739 348 795 ἥκει
358 772 371 792 ,
406 743 473 783 καὶ
495 745 574 783 τῶν
595 740 727 783 ἄλλων
747 741 823 783 ὅσα
844 743 884 791 ἐς
903 746 1110 798 πρεσβεῖον
1130 742 1296 799 φέρουσι
1316 745 1591 800 κατεξαίρετον
1612 744 1714 799 αὐτῇ

262 809 455 864 μέτεστιν.
521 807 542 850 ὅ
577 810 626 863 δὴ
656 811 722 851 καὶ
747 808 897 864 ταύτης
925 807 1172 865 ἡγεμονεύων
1192 814 1264 865 τῆς
1275 809 1415 868 χώρας
1435 809 1630 869 Στεφάνῳ
1646 812 1716 853 καὶ

262 876 385 927 αὐτὸς
401 874 636 931 πολεμήσειν
654 879 896 932 συνθέμενος
917 877 1050 934 ὅρκοις
1070 878 1121 920 τὰ
1141 879 1356 934 δεδογμένα
1374 880 1606 937 ἐπέρρωσεν.
1673 879 1715 921 ἓν

121 947 151 982 P
176 948 243 985 137
264 940 298 1004 ᾧ
324 946 367 987 δὲ
394 949 521 987 ταῦτα
549 947 717 1001 ἐγίνετο,
753 947 993 1003 Φρεδερίκος
1017 945 1289 1001 ὄἈλαμανῶν
1311 947 1383 1004 ῥὴξ
1407 950 1581 1005 ἰσχυρῶς
1604 946 1714 990 ἀντι·
1726 956 1770 991 10

212 1035 217 1043 -
264 1011 508 1070 πράττοντος
536 1015 575 1063 ἐς
605 1014 655 1056 τὰ
682 1014 782 1071 πρὸς
804 1012 950 1056 δύοντα
969 1014 1080 1069 ἣλιον
1099 1019 1171 1057 τοῦ
1189 1016 1388 1069 βασιλέως
1409 1015 1487 1070 ’ἤδη
1516 1013 1716 1069 αἲσθόμε-

264 1099 355 1133 νος,
397 1081 449 1123 τὰ
474 1080 651 1138 διάφορα
678 1082 804 1132 λύσας
823 1081 1035 1136 Ῥωμαίοις
1061 1084 1293 1136 ἐσπείσατο,
1339 1082 1512 1138 πόλεμόν
1541 1101 1583 1126 τε
1611 1083 1716 1126 κατὰ

265 1147 475 1206 Στεφάνου
501 1151 704 1205 διενεγκεῖν
733 1152 799 1192 καὶ
822 1151 942 1200 αὐτὸς
961 1155 1019 1208 τῷ
1038 1156 1202 1205 βασιλεῖ
1219 1151 1524 1208 διωμολόγηκεν.
1571 1151 1617 1194 οὗ
1634 1151 1716 1207 μὴν

265 1218 358 1260 οὐδὲ
371 1218 552 1274 Ἔρρίκος
574 1216 722 1272 ταύτης
745 1218 899 1260 ἀπεῖναι
925 1217 1071 1272 ἤμελλε
1090 1224 1162 1274 τῆς
1181 1218 1315 1274 μάχης
1323 1252 1339 1271 ,
1371 1219 1415 1270 ὃς
1442 1218 1637 1279 Θεοὸώρα
1665 1223 1717 1276 τῇ

263 1286 462 1340 βασιλέως
491 1284 652 1343 ’ξυνῴκει
680 1286 899 1343 ἅδελφιδῇ,
935 1286 1067 1344 ὥσπερ
1090 1286 1167 1342 ἤδη
1187 1286 1378 1339 πολλάκις
1396 1286 1549 1345 ἐρρήθη
1561 1320 1574 1340 ,
1609 1288 1713 1330 ἀλλὰ
1727 1294 1769 1329 15

263 1357 439 1396 Σκυθῶν
468 1354 770 1411 ἀπειροπληθὴς
794 1356 963 1412 στρατιὰ
983 1357 1049 1397 καὶ
1068 1357 1249 1412 Σερβίων
1270 1360 1350 1398 τῶν
1360 1355 1572 1410 Ῥωμαίοις
1590 1373 1715 1411 κατη-

262 1420 367 1464 κόων
388 1420 451 1465 ὅτε
470 1423 642 1465 σουλτάν
659 1423 763 1465 κατὰ
782 1423 833 1465 τὰ
853 1425 1083 1479 ξυγκείμενα
1109 1422 1298 1478 δυνάμεις
1330 1425 1441 1483 αὐτῷ
1458 1424 1532 1475 τὰς
1553 1427 1716 1478 ξυμμα-

260 1492 381 1545 χίδας
398 1489 550 1549 ἔστελλε
562 1523 575 1543 ,
610 1493 676 1533 καὶ
693 1489 840 1548 βαρεῖά
859 1509 919 1542 τις
936 1491 1216 1546 ἁπανταχόθεν
1232 1492 1427 1549 ἤθροιστο
1442 1494 1543 1549 χείρ.
1612 1493 1716 1535 κατὰ

263 1558 333 1601 τὸν
364 1558 485 1600 αὐτὸν
505 1557 652 1614 χρόνον
681 1561 747 1601 καὶ
776 1561 1115 1614 Βλαδίσθλαβος,
1152 1558 1208 1610 εἷς
1230 1560 1285 1602 ὢν
1303 1565 1383 1602 τῶν
1410 1562 1451 1602 ἕν
1473 1565 1715 1617 Ταυροσκυ-

210 1636 241 1672 Β
264 1630 363 1683 θικῇ
390 1628 619 1678 δυναστῶν,
654 1627 727 1669 σὺν
747 1628 864 1669 παισί
877 1644 917 1670 τε
940 1630 1006 1669 καὶ
1025 1630 1177 1684 γυναικὶ
1196 1632 1245 1684 τῇ
1265 1629 1390 1670 αὐτοῦ
1413 1627 1577 1682 δυνάμει
1602 1646 1644 1671 τε
1665 1633 1716 1685 τῇ
1724 1640 1771 1675 20

260 1693 370 1751 πάσῃ
399 1693 623 1748 αὐτόμολος
651 1696 691 1745 ἐς
713 1693 935 1749 Ῥωμαίους
962 1691 1064 1751 ἦλθε
1077 1729 1090 1747 ,
1129 1695 1247 1753 χώρα
1278 1714 1319 1738 τε
1359 1697 1468 1753 αὐτῷ
1506 1697 1618 1753 παρὰ
1646 1697 1716 1738 τὸν

251 1762 410 1820 Ἴστρον
437 1762 682 1821 δεδώρηται,
727 1762 776 1818 ἢν
806 1764 855 1818 δὴ
885 1766 952 1806 καὶ
983 1766 1184 1823 Βασιλίκα
1211 1763 1403 1821 πρότερον
1429 1768 1487 1821 τῷ
1513 1766 1554 1806 Γ
1551 1766 1715 1822 εωργιόυ

263 1832 400 1884 παιδί,
444 1830 489 1882 ὃς
525 1832 576 1874 τὰ
616 1835 808 1889 πρεσβεῖα
838 1835 918 1874 τῶν
951 1833 992 1875 ἓν
1024 1837 1342 1891 Ταυροσκυθικῇ
1372 1831 1591 1890 φυλάρχων
1623 1831 1715 1888 εἶχε,

354 1960 389 1997 4.
412 1961 564 2006 Κίαμα]
586 1962 674 1998 Duc.
695 1962 884 2009 suspicatur
903 1961 1038 2009 Κιόβα.

267 2074 389 2110 auditis
419 2076 647 2118 sermonibus,
678 2079 796 2122 captus
821 2080 875 2112 est
896 2076 1050 2111 continuo
1074 2075 1286 2119 Primislaus,
1316 2078 1353 2111 et
1369 2087 1528 2122 generum
1543 2075 1639 2112 velut
1651 2075 1715 2110 ho-

266 2125 352 2155 stem
368 2126 544 2155 aversatus
562 2123 681 2156 bellum
698 2123 729 2156 ei
743 2122 963 2156 inferentibus
973 2123 1130 2157 Romanis
1146 2123 1232 2156 omni
1246 2134 1282 2156 se
1297 2123 1480 2157 affuturum
1495 2121 1617 2157 auxilio
1632 2133 1715 2167 pro-

266 2167 378 2200 fessus
408 2171 471 2200 est.
519 2172 572 2200 est
586 2179 668 2201 vero
682 2168 715 2201 in
729 2168 1000 2212 Tauroscythica
1016 2168 1155 2212 regione
1175 2168 1293 2202 civitas
1307 2169 1438 2203 nomine
1453 2167 1597 2210 Kiovia‚
1626 2178 1714 2212 quae

267 2222 383 2246 omnes
399 2212 479 2245 alias
494 2211 562 2245 illic
576 2213 657 2246 sitas
673 2214 882 2257 praecellens
898 2214 1092 2260 metropolis
1109 2219 1162 2248 est
1177 2214 1282 2248 totius
1295 2214 1416 2259 gentis.
1446 2213 1623 2258 episcopus
1638 2213 1714 2257 By-

267 2257 380 2292 zantio
397 2257 515 2291 missus
531 2258 578 2291 illi
594 2259 728 2302 praefici
753 2260 858 2302 solet,
888 2260 1078 2305 gaudetque
1101 2259 1224 2294 ceteris
1242 2260 1407 2302 omnibus,
1440 2270 1527 2304 quae
1541 2258 1585 2292 ad
1599 2259 1715 2292 excel-

267 2303 441 2337 lentiorem
457 2304 634 2338 conserunt
649 2305 927 2349 praerogativam.
974 2306 1071 2340 huius
1086 2305 1199 2351 itaque
1214 2305 1358 2350 regionis
1374 2304 1527 2350 princeps
1540 2304 1662 2338 bellum
1677 2307 1714 2339 et

263 2349 338 2394 ipse
354 2354 471 2383 contra
485 2349 692 2393 Stephanum
708 2355 940 2395 suscepturum
955 2363 992 2385 se
1006 2351 1192 2397 pollicitus,
1217 2356 1312 2397 pacta
1326 2349 1540 2384 iureiurando
1556 2350 1714 2386 firmavit.

263 2395 340 2428 dum
356 2395 439 2429 haec
453 2401 634 2439 geruntur,
660 2395 860 2430 Fredericus
877 2397 1128 2430 Alemannorum
1143 2408 1203 2431 rex
1216 2423 1226 2439 ‚
1260 2396 1316 2437 ubi
1330 2396 1364 2429 in
1379 2395 1566 2429 Occidente
1576 2400 1715 2430 strenue

265 2451 303 2474 se
319 2451 438 2484 gerere
452 2440 682 2484 imperatorem
698 2441 854 2484 rescivit,
884 2442 1056 2487 diremptis
1077 2442 1298 2476 simultatibus
1314 2446 1348 2475 et
1362 2452 1448 2486 pace
1462 2452 1536 2474 cum
1552 2441 1714 2476 Romanis

265 2484 349 2519 inita
359 2513 369 2530 ,
400 2497 438 2519 se
466 2497 600 2531 quoque
627 2487 706 2521 belli
729 2486 890 2521 adversus
916 2488 1123 2533 Stephanum
1137 2487 1261 2522 socium
1276 2488 1350 2521 fore
1366 2486 1507 2531 principi
1522 2486 1713 2532 paciscitur.

267 2542 377 2576 neque
393 2532 570 2566 abfuturus
586 2532 628 2566 ab
645 2533 708 2566 hoc
720 2532 808 2566 bello
824 2537 899 2566 erat
913 2533 1080 2567 Henricus
1091 2558 1100 2574 ‚
1129 2533 1204 2578 qui,
1233 2537 1271 2567 ut
1291 2531 1424 2577 saepius
1440 2543 1461 2566 a
1475 2543 1528 2566 me
1542 2536 1712 2567 narratum

266 2580 337 2618 est,
356 2577 571 2610 Theodoram
586 2577 797 2622 imperatoris
811 2590 852 2612 ex
868 2579 973 2613 fratre
987 2579 1113 2624 neptim
1129 2590 1264 2612 uxorem
1278 2578 1438 2612 duxerat:
1460 2578 1503 2611 ad
1521 2578 1604 2612 haec
1620 2579 1713 2622 Scy-

265 2622 398 2655 tharum
423 2622 669 2657 innumerabilis
692 2624 859 2658 exercitus
875 2630 910 2658 et
925 2625 1118 2659 Serviorum
1133 2623 1290 2658 Romanis
1305 2623 1540 2664 obnoxiorum
1571 2623 1712 2678 ipseque

269 2667 432 2701 Sultanus
461 2669 642 2702 secuudum
669 2669 825 2704 initorum
854 2674 1026 2714 pactorum
1056 2670 1148 2714 leges
1171 2669 1284 2714 copias
1298 2669 1473 2703 auxiliares
1489 2669 1712 2704 submissurus

270 2717 362 2746 erata
393 2717 428 2746 et
456 2712 542 2747 aliae
571 2715 799 2760 undecumque
827 2716 961 2749 validae
991 2716 1107 2760 copiae
1132 2715 1348 2758 cogebantur.
1394 2715 1457 2749 sub
1479 2715 1566 2749 idem
1580 2720 1712 2760 tempus

270 2757 457 2792 vladislaus
473 2757 569 2792 etiam
581 2784 591 2802 ,
622 2770 707 2793 unus
724 2772 744 2794 e
759 2760 962 2806 principibus
979 2761 1288 2804 Tauroscytharum
1301 2786 1312 2803 ‚
1342 2772 1415 2794 cum
1428 2761 1541 2795 liberis
1555 2764 1592 2795 et
1606 2771 1712 2795 uxore

271 2807 307 2838 et
319 2803 468 2838 omnibus
483 2803 608 2838 viribus
622 2805 711 2838 ultro
728 2806 772 2839 ad
786 2807 955 2840 Romanos
969 2805 1071 2840 venit.
1117 2805 1211 2850 regio
1226 2805 1273 2839 ini
1286 2817 1406 2840 versus
1419 2807 1539 2840 Istrum
1553 2816 1713 2849 concessa

272 2853 344 2895 est,
374 2861 472 2896 quam
488 2854 588 2886 antea
601 2850 767 2886 Basilicae
782 2851 925 2897 Georgii
939 2851 1028 2895 filio,
1056 2851 1113 2897 qui
1126 2856 1257 2887 ceteros
1270 2852 1560 2898 Tauroscythicae
1573 2851 1711 2899 phylar-
