1878 3262
576 211 1112 256 COMMENTARIORUM
1140 214 1188 256 L.
1213 212 1288 256 IV.
1561 212 1655 259 135

203 324 382 381 ἀρχῆθεν
411 322 656 379 καλούμενον
687 326 755 368 διὰ
787 326 834 368 τὸ
867 325 1118 383 ἅμειφθῆναι
1140 331 1219 370 τῶν
1242 324 1451 381 ὀνομάτων
1472 325 1524 370 τὰ
1542 332 1654 370 πλεῖ-

202 409 300 444 στα,
334 393 432 442 τέως
455 393 494 434 δ’
522 389 592 435 οὖν
613 395 656 436 ἐκ
678 398 758 437 τῶν
775 394 990 454 Θρᾳκικῶν
1008 395 1115 452 ὀρῶν
1134 397 1405 453 καταρρέοντα
1423 397 1491 438 καὶ
1502 394 1652 451 Ἀλμυ-

201 461 274 517 ρὸν
296 461 399 503 κατὰ
418 461 617 518 ἓγχωρίων
638 460 895 525 καλούμενον.
963 464 1005 505 ἓν
1037 458 1071 522 ᾧ
1102 467 1170 506 καὶ
1201 463 1398 522 φρούριον
1428 465 1492 507 ἐπὶ
1523 463 1653 522 λόφου

197 531 377 586 ἵδρυται·
419 529 636 588 Καλοβρύη
671 530 800 590 τούτῳ
830 532 877 574 τὸ
902 530 1043 585 ὄνομα.
1111 534 1233 576 ἐκεῖσε
1266 535 1398 576 τοίνυν
1431 550 1655 590 στρατοπε-

167 596 346 648 ὄδεύσας
369 598 459 641 οὔτε
479 598 637 656 τάφρον
659 599 808 657 ὤρυξεν
830 599 921 643 οὔτε
941 599 1114 655 ἐπήξατο
1134 600 1301 660 χάρακα
1315 616 1326 628 ·
1368 601 1556 656 ἐβούλετο
1574 602 1653 658 γὰρ

198 666 324 708 αὐτοῦ’
338 668 397 722 μὴ
416 669 615 721 πολεμίων
632 669 790 725 ε’φοδιῦν
806 669 952 726 ἔφοδον
973 671 1039 711 καὶ
1061 670 1133 724 τὴν
1154 674 1265 726 νίκην
1275 671 1436 725 βλέπειν
1449 672 1484 713 εἷ
1496 668 1582 712 οἶόν
1593 688 1649 712 τε.
1673 679 1701 714 P
1726 680 1768 714 91

197 737 264 777 καὶ
284 735 362 792 γὰρ
379 736 514 789 ἔμελλε
530 737 623 790 μετ’
640 737 782 793 ὀλίγων
802 736 1009 792 μάχεσθαι
1033 738 1133 794 πρὸς
1155 741 1328 790 πολλοὺς
1348 737 1597 796 στρατηγούς
1610 756 1652 781 τε

197 803 284 857 ἅμα
304 806 506 860 γενναίους
527 807 593 847 καὶ
612 805 995 863 πολυπειροτᾶτους,
1038 800 1094 848 ὧν
1121 806 1310 863 καθάπερ
1341 809 1519 865 ἀστέρων
1539 807 1652 863 ἥλιος

195 873 357 928 ἐξῆρχεν
388 871 409 914 ὃ
429 878 657 927 βασιλειῶν.
725 875 794 917 διὰ
826 880 943 918 τοῦτο
977 873 1163 929 ἐβούλετο
1196 880 1255 932 τῷ
1286 875 1434 930 πλήθει
1466 878 1531 918 καὶ
1564 882 1653 925 ταῖς

141 946 185 981 10
196 939 411 995 δυνάμεσιν
430 941 716 998 ἐλαττούμενος
734 942 755 985 ὃ
776 945 1008 998 δομέστικος
1024 948 1104 986 τῶν
1124 948 1280 997 σχολῶν
1299 944 1358 999 μὴ
1378 942 1507 1000 τόλμῃ
1526 942 1650 997 μόνον

194 1009 299 1051 ἀλλὰ
333 1012 399 1052 καὶ
430 1012 574 1068 μελέτῃ
607 1013 674 1054 καὶ
706 1012 886 1072 ἀγχινοίᾳ
916 1016 1403 1069 καταστρατηγῆσαιτιῦν
1436 1013 1651 1065 πολεμίων.

193 1079 367 1128 σκοποὺς
387 1079 431 1121 δὲ
448 1080 613 1133 πέμπων
629 1078 831 1134 ἐμάνθανε
853 1080 1181 1138 στρατοπεδεύειν
1199 1082 1293 1131 τοὺς
1310 1083 1397 1138 περὶ
1413 1080 1481 1123 τὸν
1493 1082 1649 1137 Βρυέν-

192 1163 276 1189 mov
294 1148 336 1188 ἐν
359 1154 443 1198 τοῖς
461 1148 564 1190 κατὰ
587 1153 660 1190 τοῦ
680 1147 893 1204 Κηδόκτου
915 1151 1076 1200 πεδίοις.

327 1215 373 1260 6.
434 1214 485 1259 ‘0
516 1217 590 1271 μὲν
623 1211 694 1260 οὖν
727 1219 944 1274 Βρυέννιος
975 1219 1079 1264 κατὰ
1112 1216 1180 1260 τὸν
1211 1218 1332 1259 ἐκεῖσε
1359 1215 1455 1257 ναὸν
1482 1220 1551 1270 τῆς
1579 1220 1650 1258 τοῦ

136 1290 180 1326 15
191 1287 292 1326 θεοῦ
327 1283 447 1340 λόγου
481 1286 637 1342 μητρὸς
670 1284 841 1342 ἑσπέρας
871 1286 1078 1342 γενόμενος
1116 1289 1182 1329 καὶ
1205 1285 1271 1328 ’τὰ
1307 1283 1438 1327 εἷκότα
1467 1285 1644 1335 τελέσας,
1668 1292 1697 1326 Β

188 1354 270 1394 ἐπεὶ
296 1351 525 1407 μεμαθήκει
554 1354 648 1404 τοὺς
679 1354 921 1405 ἀντιπάλους
942 1358 1031 1411 περὶ
1056 1352 1302 1410 Καλοβρύην
1322 1352 1648 1410 στρατοπεδεύειν

190 1422 286 1476 (καὶ
308 1421 386 1478 γὰρ
408 1426 488 1464 τῶν
506 1422 609 1476 μετὰ
630 1427 703 1465 τοῦ
722 1424 940 1478 Κομνηνοῦ
956 1424 1130 1474 Ἀλεξίου
1156 1421 1350 1479 Τούρκων
1372 1423 1472 1471 τινὲς
1492 1420 1646 1478 νύκτωρ

188 1487 370 1539 ἀπιόντες
401 1490 464 1531 ἐπὶ
491 1491 536 1532 τὸ
563 1496 635 1533 τοῦ
665 1493 884 1548 Βρυεννίου
922 1490 1154 1548 στράτευμα
1186 1491 1528 1543 κατασκέψασθαι
1563 1497 1647 1540 τοῖς

186 1565 350 1608 σκοποῖς
379 1558 614 1612 ἐμπεσόντες
648 1558 830 1603 ἑάλωσαν
860 1563 925 1602 καὶ
962 1561 1153 1615 ἀχθέντες
1186 1558 1316 1602 πάντα
1356 1557 1644 1614 ἀπήγγειλαν),

131 1627 314 1669 Ξοῖέωθεν
344 1627 521 1678 ἀναστὰς
547 1629 720 1671 ἐκέλευεν
749 1628 856 1671 ἅπαν
879 1627 1119 1688 ὁπλοφορεῖν
1141 1629 1186 1671 τὸ
1207 1627 1437 1685 στράτευμα
1460 1629 1525 1668 καὶ
1550 1627 1642 1669 κατ’
1684 1618 1686 1620 ‚

276 1768 309 1802 3.
333 1764 449 1810 κατὰ]
471 1764 605 1810 nand?
741 1770 775 1803 6.
803 1767 1212 1815 πολεμίων-βλέπειν]
1234 1768 1464 1803 Probabiliter
1479 1768 1519 1801 P.
1536 1768 1641 1800 πολε-

274 1813 369 1856 μίων
391 1810 514 1855 μένειν
535 1810 697 1857 ἔφοδον,
720 1811 813 1849 ἀλλὰ
836 1814 906 1860 τὴν
929 1816 1034 1859 νίκην
1055 1813 1233 1852 κλέπτειν.
1350 1814 1403 1850 13.
1427 1811 1643 1861 Κηὸόκτου]

276 1859 331 1892 lta
353 1858 395 1893 P.
418 1869 482 1903 pro
503 1856 710 1895 Κυδόκτου.

184 1983 272 2018 mina
286 1981 410 2016 mutari
425 1981 584 2027 contigit)
612 1993 700 2016 nunc
722 1981 855 2027 quidem
881 1982 926 2015 ab
941 1981 1063 2016 accolis
1078 1982 1260 2026 Halmyrus
1275 1981 1397 2016 dicitur
1412 1993 1454 2015 ex
1470 1981 1640 2015 Thraciae

183 2028 351 2063 montibus
368 2028 496 2070 fluens,
528 2028 581 2061 cui
610 2028 753 2062 adsitum
780 2027 952 2061 castellum
975 2027 1010 2062 in
1038 2029 1124 2062 colle
1148 2029 1307 2062 munitum
1330 2028 1451 2063 visitur
1467 2027 1641 2071 Calobrya.

182 2080 352 2108 vocatum.
398 2074 453 2107 hic
479 2074 588 2118 posita
604 2080 716 2108 castra
734 2085 843 2118 neque
859 2074 948 2107 fossa
963 2085 1073 2119 neque
1089 2074 1179 2108 vallo
1194 2074 1420 2108 circumdedit.
1467 2085 1535 2107 non
1551 2073 1639 2107 enim

183 2120 380 2154 confidebat
391 2119 524 2153 usitatis
539 2119 616 2153 belli
631 2121 788 2161 artibus3
819 2130 882 2152 nec
902 2124 1070 2153 statuerat
1091 2126 1290 2165 exspectare
1310 2120 1358 2154 ibi
1379 2120 1561 2163 adventum
1575 2119 1638 2152 im-

182 2171 343 2212 petumve
373 2166 534 2206 hostium,
564 2166 624 2198 sed
653 2166 824 2200 victoriam
852 2165 957 2199 furari
983 2165 1013 2199 si
1039 2178 1106 2210 qua
1127 2172 1202 2200 arte
1228 2171 1352 2211 posset.
1413 2165 1640 2199 conditionem

182 2212 310 2258 quippe
331 2211 470 2244 videbat
491 2211 650 2256 imparem
665 2239 675 2255 ‚
705 2222 809 2255 seque
834 2222 908 2244 cum
932 2211 1048 2256 paucis
1071 2218 1299 2257 comparatum
1324 2211 1488 2246 adversus
1515 2210 1639 2245 multos

182 2269 249 2292 non
271 2257 392 2292 milites
416 2257 522 2290 solum
552 2258 661 2291 fortes
684 2257 746 2290 sed
764 2257 866 2290 duces
881 2269 1014 2302 quoque
1028 2269 1213 2302 generosos
1226 2257 1466 2292 scientissimos
1482 2262 1517 2290 et
1533 2268 1638 2302 expe-

182 2303 402 2338 rientissimos
423 2303 473 2337 rei
490 2303 627 2336 bellicae
638 2329 648 2345 ‚
677 2303 767 2336 inter
782 2314 867 2347 quos
883 2303 975 2336 velut
989 2304 1041 2337 sol
1056 2303 1146 2338 inter
1160 2311 1254 2338 astra
1270 2303 1506 2348 praefulgebat
1520 2302 1636 2335 candi-

182 2349 282 2384 datus
304 2349 435 2394 imperii
452 2349 651 2392 Bryennius.
697 2360 803 2394 quare
818 2360 947 2383 omnem
962 2349 1135 2383 honestam
1150 2349 1213 2383 sibi
1226 2350 1369 2394 putabat
1384 2349 1456 2382 sore
1470 2348 1634 2381 rationem

182 2395 413 2440 expediendae
435 2395 468 2427 in
491 2399 587 2428 tanta
602 2394 704 2429 sortis
718 2394 892 2439 iniquitate
906 2395 1072 2428 victoriae
1087 2400 1123 2429 et
1138 2394 1404 2441 compensandae
1420 2405 1460 2428 ac
1474 2393 1636 2438 supplen-

181 2441 246 2474 dae
259 2452 391 2474 suorum
407 2440 607 2485 paucitatis,
638 2452 703 2474 non
729 2440 834 2484 magis
859 2441 1063 2475 abundantia
1083 2441 1228 2475 fiduciae
1251 2451 1350 2485 quam
1374 2439 1509 2482 ingenio
1532 2438 1632 2472 etin-

181 2486 326 2529 dustria,
358 2486 477 2530 quibus
501 2487 614 2520 hostes
642 2487 677 2520 in
701 2486 838 2520 insidias
865 2491 1052 2532 pertractos
1066 2491 1310 2531 strategemate
1324 2484 1521 2519 debellaret.
1569 2485 1633 2517 hoc

181 2532 319 2566 consilio
351 2532 458 2565 missis
481 2532 751 2578 exploratoribus
773 2532 889 2566 didicit
910 2538 1022 2567 castra
1048 2532 1168 2567 metari
1190 2531 1426 2576 Bryennianos
1448 2530 1483 2564 in
1506 2530 1634 2575 campis

181 2578 274 2612 iuxta
290 2578 488 2613 Cedoctum.

271 2624 306 2658 6.
350 2624 401 2656 Ac
428 2623 614 2668 Bryennius
640 2623 772 2669 quidem
788 2623 830 2657 ad
846 2624 1007 2668 templum
1021 2623 1068 2657 ibi
1082 2623 1182 2657 situm
1210 2622 1326 2656 matris
1340 2621 1443 2656 divini
1457 2621 1554 2656 verbi
1570 2632 1630 2654 ve-

184 2679 281 2713 spere
297 2669 470 2713 profectus
486 2674 521 2703 et
535 2669 632 2703 deum
647 2670 881 2716 deiparamque
894 2670 962 2704 rite
975 2675 1176 2711 veneratus,
1207 2668 1264 2702 ubi
1284 2668 1445 2712 cognovit
1467 2667 1630 2701 adversa-

183 2714 250 2748 rios
273 2714 316 2747 ad
340 2714 546 2760 Calobryam
569 2716 697 2749 habere
720 2721 836 2749 castra
862 2716 954 2760 (hoc
970 2716 1056 2750 enim
1079 2715 1244 2748 didicerat
1258 2726 1280 2748 a
1295 2714 1420 2748 Turcis
1435 2712 1633 2758 quibusdam

182 2772 226 2793 ex
252 2759 414 2793 Alexiano
439 2761 590 2795 exercitu
601 2787 612 2803 ‚
637 2761 694 2806 qui
709 2773 782 2795 cum
798 2772 860 2806 per
874 2766 1005 2796 noctem
1020 2760 1263 2807 explorabundi
1283 2759 1448 2795 incautius
1464 2757 1633 2793 admovis-

182 2811 259 2839 sent
273 2816 310 2838 se
326 2805 545 2848 Bryennianis
559 2807 679 2841 castris
693 2819 714 2840 a
728 2807 886 2852 vigilibus
899 2808 990 2854 capti
1006 2813 1042 2841 et
1056 2807 1100 2841 ad
1118 2818 1193 2840 eum
1209 2806 1301 2840 ducti
1316 2806 1479 2848 fuerant)
1507 2802 1634 2848 postri-

182 2851 238 2886 die
254 2862 351 2886 maue
365 2851 462 2885 iussit
478 2864 607 2888 omnem
621 2853 803 2888 exercitum
820 2853 959 2898 armari,
976 2865 1073 2900 quem
1090 2864 1151 2900 per
1165 2858 1293 2887 turmas
1308 2852 1484 2887 ordinabat
1498 2850 1531 2882 in
1548 2849 1634 2882 hunc
