1878 3262
268 218 368 264 308
782 213 1030 257 CORNELI
1063 213 1235 258 TOLLI

267 324 434 378 aegrotis
462 322 648 372 dantem,
676 329 718 363 et
753 335 952 363 novorum
980 329 1067 362 tum
1094 323 1378 374 fomentorum,
1407 330 1493 367 tum
1523 325 1731 378 potionum

266 386 538 429 inventorem
575 380 695 418 modo
725 380 855 418 nescio
884 380 980 431 quid
1005 394 1088 419 non
1118 386 1297 431 agentem
1327 394 1463 431 rarum
1490 388 1528 420 et
1560 382 1731 420 insolens

265 436 583 489 imperatoribus.
642 437 691 475 de
716 436 943 475 Alexandro
973 437 1115 488 Magno
1133 436 1349 474 identidem
1369 438 1556 490 scripsere
1575 445 1731 478 veteres

263 508 344 533 non
365 493 486 540 citra,
515 499 563 531 ut
585 495 747 545 opinor,
776 493 1032 545 hyperbolen.
1091 493 1140 530 de
1164 486 1395 531 Mithridate
1414 493 1483 532 illo
1505 495 1621 534 Ponti
1639 507 1730 546 rege

265 564 316 589 ex
334 551 464 588 Laneo
487 550 556 588 Cn.
579 550 740 603 Pompei
755 550 897 588 liberto
917 551 1038 588 refert
1058 548 1184 588 Aulus
1206 549 1376 598 Gellius,
1405 562 1496 590 eum
1514 552 1729 590 medicinae

265 614 305 646 et
331 606 598 646 remediorum
625 607 669 645 id
698 620 818 659 genus
840 607 1035 644 sollertem
1059 606 1194 656 fuisse,
1224 607 1462 657 solitumque
1483 619 1617 646 eorum
1635 622 1729 646 san-

262 664 422 716 guinem
447 665 609 702 miscere
636 663 950 711 medicamentis,
991 676 1092 714 quae
1131 663 1352 714 digerendis
1388 663 1549 702 venenis
1581 664 1727 703 valent.

264 727 400 760 noster
431 734 483 759 an
511 719 610 758 haec
636 721 815 772 exemplo
840 719 1045 768 habuerit,
1077 733 1128 757 an
1160 719 1352 770 quaedam
1378 719 1600 769 affinxerit,
1629 719 1730 758 nihil

265 778 316 816 ad
338 790 412 816 me.
469 777 619 829 ipsum,
650 776 815 824 silibet,
840 776 934 814 audi
959 789 999 814 se
1021 782 1198 814 tuentem
1217 776 1260 814 in
1278 776 1325 814 iis
1345 789 1445 826 quae
1465 777 1645 828 proxime
1666 790 1730 814 se-

264 840 464 891 quantur,
494 840 534 872 et
554 833 642 871 falsi
662 833 948 885 suspicionibus
968 832 1221 871 eximentem
1271 833 1371 870 haec
1391 833 1495 870 mihi
1513 846 1603 871 cum
1622 847 1730 871 nun-

262 893 371 929 tiata
392 897 508 940 sunt,
539 892 677 927 minus
699 904 794 928 vera
817 888 1068 928 videbantur.
1127 886 1257 941 supra
1266 888 1339 940 s
1309 902 1396 927 aem
1414 902 1586 942 namque
1601 889 1730 928 crede-

261 947 375 997 bam,
405 961 530 985 unum
549 947 750 985 hominem
772 947 933 998 aliquot
952 947 1088 984 millia
1106 960 1318 997 superare,
1346 960 1509 998 unaque
1524 947 1680 984 hasta
1663 961 1730 984 m-

250 1005 424 1055 flnitam
458 1010 708 1042 armatorum
744 1002 1052 1041 multitudinem
1078 1003 1308 1055 profligere.
1365 1010 1608 1055 quapropter
1639 1016 1732 1041 cum

261 1059 322 1099 ad
344 1061 488 1098 aulam
518 1058 724 1098 interdum
745 1061 949 1111 principis·
983 1059 1190 1108 accedens,
1229 1060 1446 1097 nonnullos
1474 1058 1663 1097 audirem
1687 1061 1733 1097 in.

261 1118 417 1155 coelum
439 1116 638 1169 efferente-s·
662 1124 782 1154 tanta
811 1130 952 1168 opera,
982 1117 1218 1168 imperatori
1225 1116 1472 1167 palpantia,
1501 1123 1654 1154 coetum
1673 1116 1731 1153 il·-

261 1175 399 1219 lorum
436 1173 723 1224 relinquebam.
783 1187 912 1210 mores
943 1175 1046 1211 enim
1075 1173 1178 1211 milii
1205 1180 1300 1210 sunt
1328 1172 1389 1210 ad
1417 1171 1674 1210 adulandum
1701 1186 1732 1210 a

259 1237 414 1268 natura
441 1229 663 1281 inhabiles-5
694 1243 819 1280 neque
849 1230 956 1267 ultro
986 1235 1060 1266 aut
1087 1231 1216 1267 sciens
1232 1228 1397 1268 verbum
1414 1231 1631 1267 minimum
1647 1230 1731 1267 nisi

260 1301 354 1324 cum
381 1288 550 1324 veritate
573 1293 610 1324 et
629 1300 694 1323 ore
713 1286 837 1323 libero
850 1286 1072 1338 profit-am.
1130 1286 1219 1336 illa,
1234 1300 1324 1323 vero
1352 1281 1633 1330 huiuscemodi
1651 1299 1729 1335 eos,

259 1345 331 1396 qui
353 1344 395 1381 in
415 1341 533 1380 domo
558 1350 743 1395 augusta
769 1342 921 1394 officiis
943 1349 1184 1394 praeerant,
1214 1343 1332 1392 quive
1349 1343 1392 1380 in
1414 1342 1731 1394 magistratibus

259 1407 395 1451 erant,
425 1397 635 1465 depingere
659 1406 696 1437 et
717 1413 907 1437 exornare
924 1398 1117 1448 sinebam,
1147 1397 1272 1436 donec
1287 1398 1354 1436 liis
1370 1399 1502 1436 oculis
1517 1412 1599 1436 rem
1621 1412 1731 1436 com—

252 1458 346 1508 peri
356 1485 367 1506 ‚
398 1458 546 1509 quippe
569 1463 605 1494 et
633 1458 718 1508 ipse
735 1454 979 1507 quandoque
995 1454 1139 1493 mediis·
1157 1454 1342 1492 hostibus
1361 1456 1606 1508 implicitus,
1636 1468 1731 1493 cum

256 1509 348 1550 vidi
376 1514 656 1564 imperatorem
681 1512 789 1550 lzunc
822 1514 919 1550 totis
940 1514 1162 1550 Persarum
1171 1511 1456 1564 phalangibus
1472 1513 1728 1553 resistentem.

257 1568 387 1607 haec'
375 1581 460 1620 ipse
476 1568 571 1606 satis
589 1568 772 1616 honeste,
801 1569 894 1606 satis
914 1569 1091 1620 ingenue.
1149 1576 1189 1606 et
1206 1573 1312 1605 certe
1328 1568 1360 1606 si
1379 1568 1497 1619 prisci
1515 1568 1634 1606 etiam
1650 1567 1731 1606 ho·-

258 1625 383 1664 mines
410 1625 639 1676 conquesti,
674 1597 774 1662 nihil
799 1637 881 1662 esse
908 1625 1017 1675 quod
1043 1638 1124 1663 non
1158 1624 1331 1665 mendax
1367 1625 1529 1663 Graecia
1563 1625 1730 1662 auderet

255 1682 298 1720 in
335 1680 521 1732 historia,
558 1695 631 1719 nos
655 1682 794 1731 utique
822 1680 871 1719 de
897 1681 1162 1720 recentiorum
1190 1681 1430 1732 scriptorum
1455 1681 1534 1719 fide
1558 1681 1728 1719 nolimus

255 1734 481 1789 diligentius
513 1743 583 1776 aut
611 1738 806 1776 morosius
837 1739 1057 1789 anquirere.
1115 1737 1186 1776 sed
1218 1751 1326 1776 nunc
1360 1737 1412 1776 ad
1447 1738 1600 1788 reliqua
1630 1750 1728 1790 per-

255 1808 404 1846 gamuS.

369 1920 408 1958 p.
429 1907 512 1948 231
538 1918 580 1947 V.
605 1907 668 1948 19.
726 1902 770 1948 τὸ
798 1902 875 1961 γάρ
902 1908 974 1958 τῆς
1000 1904 1115 1958 δίκης
1136 1905 1255 1958 ξίφος
1284 1900 1351 1946 διὰ
1379 1907 1539 1947 πολλῶν
1563 1901 1644 1959 ’ἤδη
1662 1921 1727 1954 τεὴ

255 1962 485 2016 θηγμένον]
522 1962 727 2000 Sententia
758 1970 838 2001 est:
867 1962 1041 2001 iustitiae
1074 1961 1157 2001 sive
1181 1962 1382 2002 vindictae
1396 1962 1726 2013 gladius-iamdu-

255 2020 353 2057 dum
375 2024 590 2069 exacutus,
619 2018 698 2057 hoc
718 2033 800 2058 uno
819 2020 988 2057 maxime
1008 2019 1146 2068 modo,
1176 2019 1410 2071 tempestiva
1430 2018 1616 2058 nimirum
1631 2031 1726 2057 reo-

255 2089 347 2114 rum
374 2075 633 2126 poenitentia‚
664 2089 783 2126 quam
810 2082 923 2127 pater
948 2082 1042 2114 tuus
1060 2076 1253 2126 ostendit,
1284 2082 1495 2127 postquam
1515 2075 1725 2127 imperium

256 2133 481 2170 Romanum
500 2131 745 2181 offendisset,
777 2132 1015 2184 quandoque
1036 2138 1075 2171 et
1092 2131 1299 2171 hebescere
1317 2133 1463 2171 iterum
1483 2131 1593 2170 solet.
1650 2131 1726 2169 ob-

256 2188 496 2227 stinatorum
524 2193 658 2225 autem
689 2189 866 2228 omnium
897 2195 939 2227 et
966 2189 1173 2228 rebellium
1205 2188 1316 2228 haud
1336 2189 1417 2228 scio
1443 2202 1493 2226 an
1516 2187 1725 2239 quisquam

253 2256 485 2283 mucronem
507 2244 589 2282 eius
609 2244 800 2295 effugerit.

368 2369 410 2407 Ρ.
429 2357 512 2398 276
538 2368 577 2393 V·
602 2358 666 2397 11.
723 2371 792 2396 και
816 2351 922 2411 τόμῳ
950 2351 1211 2410 ἐστήριξεν,
1199 2372 1248 2397 ov
1267 2353 1335 2398 ὅτε
1354 2356 1489 2410 χρυσῷ
1507 2352 1723 2422 ἔνσεσημα-

258 2410 405 2465 σμένον
434 2408 707 2464 χρυσόβουλον
738 2411 835 2476 ἕθσς
869 2416 1005 2453 καλεῖν
1033 2413 1164 2465 ἐστιν]
1195 2412 1284 2451 Dixi
1312 2411 1403 2466 περὶ
1428 2413 1503 2451 τοῦ
1525 2407 1652 2463 τόμον
1678 2412 1722 2450 in

255 2463 602 2520 praecedentibus:
631 2468 727 2506 alias
752 2468 858 2506 enim
885 2465 1005 2521 λόγον
1036 2476 1107 2507 aut
1138 2465 1300 2522 γράμμα
1330 2468 1458 2522 dicere
1487 2467 1615 2505 solent
1640 2468 1723 2507 eius

258 2525 345 2563 aevi
374 2525 599 2576 scriptores.
658 2525 772 2563 Anna
794 2526 993 2563 comnena
1017 2525 1118 2563 libro
1138 2531 1300 2564 octavo·
1330 2540 1395 2564 και
1420 2538 1529 2576 παρα
1556 2525 1629 2564 τοῦ
1650 2518 1723 2565 αὖ·

255 2578 496 2634 τοκράτορος
527 2578 796 2650 χρυσόβουλον
820 2578 941 2635 λόγον
965 2580 1307 2634 ἐνσεσημασμένον
1336 2577 1404 2621 δια
1434 2578 1721 2634 κινναβάρεως,

257 2636 313 2685 ω”ς
343 2636 459 2685 ἔθος,
492 2634 559 2677 δια
592 2638 802 2690 βασιλικῆς
832 2639 964 2687 δεξιᾶς
990 2636 1138 2690 λαβων.
1193 2638 1329 2676 bullae
1351 2650 1498 2675 aureae
1523 2638 1741 2688 30νίΡίαωῖ

257 2693 309 2732 ab
336 2694 573 2744 imperatore
603 2695 816 2746 signatum
845 2695 1079 2744 cinnabazi,
1111 2700 1157 2732 ut
1189 2695 1314 2732 moris·
1344 2700 1424 2741 est,
1452 2694 1568 2744 regia
1591 2707 1719 2738 manu

259 2763 352 2789 cum
369 2751 596 2800 accepisset.
654 2764 875 2802 synonyma
890 2757 1003 2799 sunt,
1033 2749 1390 2816 γραφαὶὲρυθραί,
1417 2747 1571 2802 ἒρυθρα
1590 2746 1740 2819 rodun.

259 2821 362 2860 ματα
391 2808 463 2860 τῆς
489 2806 699 2860 βασιλικῆς
726 2804 877 2861 χειρός,
907 2803 1068 2861 γράμμα
1090 2802 1424 2861 ἐρυθρόγραφον,
1453 2803 1718 2863 ἔρυθροδᾶνφ
