1878 3262
250 219 314 267 56
671 213 979 262 MCEPHORI
1010 201 1282 260 BRYENMI

249 335 296 378 τὸ
327 333 399 388 μὲν
431 327 654 387 δεδήλωται
682 327 901 388 πρότερον,
935 327 981 372 τὸ
1006 329 1050 372 δὲ
1071 328 1221 387 προϊὼν
1248 326 1269 371 ὅ
1295 325 1411 387 λόγος
1433 325 1602 387 δηλώσει
1620 332 1706 373 νῦν.

249 403 272 445 ὃ
307 403 350 444 δὲ
376 401 567 456 βασιλεὺς
589 400 764 455 Μιχαὴλ
793 404 866 442 τοῦ
886 398 1103 454 Διογένους
1129 398 1371 454 ἀπαλλαγεὶς
1399 399 1471 454 τὴν
1503 416 1707 456 κουροπα-

250 468 446 512 λάτισσαν
459 469 622 521 Ἄνναν,
656 468 707 523 ἢν
739 466 760 509 ὅ
787 467 904 524 λόγος
921 465 1107 529 ἱφθάσας
1136 465 1311 522 ἐδήλωσε
1341 468 1494 523 μητέρα
1515 472 1596 510 τῶν
1618 469 1706 509 Κο-

250 542 411 594 μνηνῶν
420 570 434 591 ,
469 539 543 580 σὺν
561 544 646 588 τοῖς
666 537 770 579 υἱέσι
788 541 860 592 τῆς
875 534 1092 594 ὖπερορίας
1113 535 1368 578 ἀνακαλεῖται
1390 536 1456 577 καὶ
1475 536 1543 578 διὰ
1561 534 1708 590 κήδους

235 624 236 627 ’
253 607 402 658 αὖτοὺς
419 605 551 664 ἑαυτῷ
572 608 803 648 οἲκειοῦται·
830 603 963 662 γήμας
979 604 1057 661 γὰρ
1079 604 1200 654 αὐτὸς
1220 602 1414 661 πρότερον
1433 603 1506 658 τὴν
1527 602 1743 661 παγκρά-5

200 682 231 719 Β
253 693 363 719 τειαν
382 679 456 718 τοῦ
470 673 639 732 Ἰβήρων
656 672 926 731 κατάρχοντος
943 673 1150 730 θυγατέρα
1163 673 1336 729 Μαρίαν
1357 672 1430 727 τὴν
1452 673 1598 726 ἐκείνης
1618 674 1712 722 ἐξα-

253 746 407 801 δέλφην
441 742 616 801 Εἰρήνην
654 743 727 798 τὴν
762 743 970 799 θυγατέρα
1010 745 1083 783 τοῦ
1118 741 1304 791 Ἀλανίας
1334 739 1630 792 ἓξουσιάζοντος
1655 744 1715 798 τῷ

251 813 511 870 πρεσβυτέρῳ
532 816 612 854 τῶν
634 813 789 854 παίδων
817 816 890 866 τῆς
916 811 1290 867 κουροπαλατίσσης
1308 810 1495 866 Ἰσαακίῳ
1519 809 1620 865 πρὸς
1639 807 1726 864 γά-’

251 898 333 936 μου
356 882 565 929 κοινωνίαν
583 881 805 922 ἐκδίδωσιν.
875 877 896 920 ὃ
920 879 962 921 δὲ
980 885 1127 936 καΐσαρ
1147 879 1228 920 ἐπεὶ
1250 877 1318 920 τὸν
1337 877 1503 932 ἀνεψιὸν
1522 876 1621 919 εἶδεν
1642 877 1716 919 οὔκ

254 951 484 1004 ἐπιτηδείως
504 948 605 1006 πρὸς
625 948 697 1003 τὴν
716 952 797 990 τῶν
817 951 959 990 κοινῶν
979 948 1193 1002 ἀντίληψιν
1212 946 1374 1001 ἔχοντα,
1411 944 1531 996 αὐτός
1561 963 1603 988 τε
1626 963 1716 1001 γεν·
1728 951 1773 987 10

252 1017 459 1075 ναιότερον
481 1022 562 1060 τῶν
582 1015 829 1074 πραγμάτων
855 1013 1175 1070 ἀντελαμβάνετο
1199 1018 1266 1057 καὶ
1286 1015 1356 1057 τὸν
1376 1015 1563 1068 ἔκτομίαν
1585 1018 1718 1069 Νικη-

257 1085 410 1144 φόρον,
445 1085 490 1127 ὃν
521 1083 821 1142 ὖποκορίζυντες
850 1083 1018 1127 ἐκάλουν
1042 1085 1364 1141 Νικηφορίτζην,
1399 1087 1456 1141 τῷ
1475 1087 1640 1136 βασιλεῖ
1657 1085 1720 1125 οῗ-

257 1153 428 1204 κειώσας
459 1153 678 1209 λογοθέτην
706 1157 780 1195 τοῦ
810 1150 964 1209 δρόμου
992 1153 1254 1208 κατέστησεν,
1291 1151 1421 1208 ἄνδρα
1453 1153 1616 1208 ἔντρεχῆ
1645 1152 1720 1206 μὲν

258 1224 327 1265 καὶ
349 1220 593 1280 δραστήριον
615 1223 682 1266 καὶ
703 1219 807 1278 λόγῳ
829 1219 1101 1277 κοσμούμενον
1122 1223 1189 1262 καὶ
1209 1221 1327 1280 πείρᾳ
1349 1218 1604 1277 πραγμάτων
1619 1221 1722 1261 πολ-

136 1287 169 1326 P
190 1290 234 1328 41
259 1295 363 1342 λῶν,
394 1289 670 1345 βαθύγνωμον
690 1290 733 1334 δὲ
754 1289 887 1339 ἄλλως
907 1291 974 1332 καὶ
991 1293 1236 1345 συγκυκῆσαι
1261 1286 1480 1342 δυνάμενον
1501 1287 1720 1344 πράγματα
1732 1293 1778 1330 15

258 1363 415 1416 μᾶλλον
449 1358 476 1413 ἢ
506 1358 575 1400 τὸν
593 1359 797 1415 Περικλέα
829 1359 931 1415 φασὶ
958 1355 1226 1412 τὴνἙλλάδα
1255 1361 1393 1399 κυκᾶν.
1459 1357 1629 1413 λέληθεν
1651 1351 1723 1399 οὖν

260 1427 282 1471 ὅ
303 1434 450 1484 καῖσαρ
472 1427 576 1470 καθ’
602 1425 749 1469 ἑαυτοῦ
764 1426 833 1470 τὸν
856 1425 1003 1471 ,ἑαυτοῦ
1024 1427 1234 1477 ἐξοπλίσας
1255 1426 1457 1479 πολέμιον.

399 1497 444 1540 2.
507 1493 722 1537 ιΥπελθιὸν
746 1490 817 1537 οὖν
841 1489 958 1545 οὗτος
978 1495 1050 1549 τὴν
1072 1499 1146 1537 τοῦ
1159 1495 1359 1549 βασιλέως
1376 1490 1608 1550 κουφότητα
1629 1490 1723 1534 ὅλον

259 1568 404 1608 τοῦτον
435 1563 537 1620 πρὸς
569 1562 714 1606 ἑαυτὸν
744 1561 1006 1620 ἐφειλκύσατο
1035 1561 1181 1617 ἣκιστα
1213 1564 1366 1604 πείθων
1399 1563 1618 1618 φροντίζειν
1649 1563 1724 1602 τοῦ

262 1634 378 1678 θείου
403 1633 609 1690 καίσαρος.
677 1629 698 1673 ὃ
724 1632 767 1673 δὲ
791 1638 937 1688 καῖ’σαρ
957 1631 1055 1683 τέως
1074 1631 1146 1688 μὲν
1169 1637 1439 1688 προσεποιεῖτο
1463 1630 1515 1672 τὰ
1537 1628 1781 1686 δρώμενα20

263 1701 419 1759 ἀγνοεῖν
436 1702 504 1746 καὶ
525 1704 605 1746 τῶν
623 1698 871 1759 πραγμάτων
893 1700 1114 1757 ἀντείχετο·
1140 1700 1222 1746 ἐπεὶ
1237 1700 1280 1745 δὲ
1296 1697 1404 1756 ἑώρα
1424 1699 1527 1743 καθ’
1553 1696 1725 1753 ἑκάστην

267 1909 379 1933 secum
394 1897 489 1932 ruina
503 1897 664 1933 involvit:
689 1899 791 1942 prout
805 1897 927 1943 partim
940 1897 1006 1932 iam
1021 1898 1192 1932 narratum
1207 1906 1228 1930 a
1243 1895 1340 1930 nobis
1357 1898 1420 1940 est,
1434 1895 1557 1941 partim
1573 1907 1615 1931 ex
1630 1894 1726 1931 dein-

267 1955 348 1990 ceps
365 1944 514 1978 dicendis
530 1944 660 1990 plenius
675 1944 893 1987 intelligetur.
939 1949 975 1978 at
998 1944 1182 1989 imperator
1197 1942 1345 1979 Michael
1361 1942 1540 1976 defunctus
1554 1942 1618 1976 iam
1634 1947 1725 1977 metu

265 1989 430 2034 Diogenis
460 1990 735 2036 curopalatissam
759 1991 907 2032 Annam,
941 1990 983 2023 de
1010 2001 1078 2033 qua
1102 1989 1243 2023 diximus
1272 1988 1424 2033 superius
1437 2013 1449 2032 ‚
1482 1988 1726 2022 Comnenorum

267 2040 408 2069 matrem
432 2036 475 2070 ab
500 2037 601 2070 exilio
627 2035 803 2069 revocavit
826 2047 892 2070 una
908 2047 982 2069 cum
998 2036 1098 2078 filiis,
1122 2045 1207 2080 quos
1223 2034 1323 2067 etiam
1339 2034 1519 2067 admovere
1534 2034 1597 2067 sibi
1612 2033 1726 2067 affini-

265 2085 342 2118 tate
357 2081 475 2115 voluit.
521 2079 741 2116 etenim'cum
764 2081 838 2126 ipse
859 2081 958 2126 paulo
976 2086 1055 2115 ante
1070 2080 1297 2126 praenobilem
1313 2079 1727 2126 praepotentemque·1be-

267 2138 380 2161 rorum
406 2127 565 2171 principis
588 2128 693 2161 filiam
716 2126 860 2161 Mariam
883 2127 1057 2171 coniugem
1074 2126 1244 2170 duxisset,
1273 2126 1369 2159 huius
1386 2126 1571 2169 patruelem
1586 2124 1727 2159 Alaniae

267 2171 412 2207 rectoris
444 2172 547 2207 filiam
572 2173 693 2206 Irenen
729 2172 990 2217 curopalatissae
1015 2173 1085 2209 filio
1114 2171 1231 2206 maiori
1261 2171 1451 2216 nuptiarum
1483 2171 1728 2207 necessitudine

270 2217 454 2252 coniunxit.
500 2218 628 2252 Caesar
652 2222 764 2252 autem
787 2230 861 2252 cum
878 2221 1062 2263 Augustum
1077 2218 1192 2253 fratris
1208 2217 1310 2253 filium
1325 2221 1479 2251 cerneret
1492 2216 1728 2260 gubernationi

270 2264 427 2309 publicae
443 2263 492 2297 rei
507 2275 573 2298 non
587 2264 763 2298 admodum
779 2269 893 2308 aptum
905 2289 914 2306 ‚
948 2264 1071 2309 etipse
1084 2263 1246 2299 attentius
1261 2264 1295 2298 in
1310 2263 1518 2307 negotiorum
1534 2262 1727 2307 expeditio-

271 2321 346 2343 nem
366 2309 518 2346 incubuit
544 2314 579 2346 et
601 2310 786 2344 eunuchum
809 2310 985 2354 quemdam
1008 2310 1258 2356 Nicephorum,
1293 2320 1392 2355 quem
1405 2308 1601 2343 diminutivo
1617 2309 1726 2343 verbo

269 2354 546 2400 Nicephoritzem
568 2356 759 2397 vocabant,
794 2355 988 2399 imperatori
1009 2355 1273 2389 commendatum
1287 2355 1492 2398 logothetam
1507 2364 1624 2387 cursus
1642 2366 1726 2388 con-

272 2401 403 2444 stituit,
431 2400 539 2434 virum
553 2400 728 2446 impigrum
745 2400 960 2447 efficacisque
975 2401 1100 2445 ingenii
1115 2401 1293 2443 doctrina,
1325 2399 1515 2446 eloquentia
1531 2400 1726 2434 multarum-

274 2457 341 2490 que
357 2446 564 2490 experientia
577 2458 688 2480 rerum
705 2451 880 2488 ornatum;
907 2447 968 2480 sed
984 2447 1143 2491 profundi
1158 2446 1307 2480 eumdem
1323 2445 1418 2479 animi
1435 2444 1728 2480 dissimulatorem-

273 2503 340 2537 que
356 2492 590 2536 consiliorum,
626 2503 714 2539 quae
738 2492 878 2537 plurima
903 2493 1118 2536 excogitabat
1145 2493 1372 2536 versabatque
1397 2491 1591 2535 plerumque
1607 2492 1730 2525 turbu-

272 2535 375 2578 lenta,
399 2537 499 2571 nihilo
521 2538 627 2571 minus
647 2549 747 2582 quam
772 2538 830 2571 ille
854 2537 930 2571 olim
946 2538 1097 2571 Pericles
1121 2538 1217 2571 homo
1239 2538 1350 2571 factus
1373 2541 1538 2580 natusque
1560 2536 1603 2570 ad
1619 2541 1727 2572 totam

255 2584 545 2625 „commovendam
562 2584 754 2618 Graeciam.
800 2583 916 2627 itaque
939 2583 1029 2617 hunc
1044 2584 1173 2618 caesar
1197 2593 1395 2629 promovens
1418 2593 1529 2615 acrem
1544 2582 1578 2616 in
1595 2594 1633 2616 se
1646 2594 1728 2628 gra-

272 2638 416 2671 vemque
431 2628 561 2661 hostem
571 2656 580 2670 ,
604 2629 696 2673 quod
714 2628 843 2662 minime
858 2635 929 2663 tum
944 2630 1083 2663 rebatur
1094 2657 1105 2674 a
1128 2634 1248 2675 postea
1262 2628 1368 2662 sensit
1379 2652 1389 2667 ‚
1411 2628 1573 2663 armabat.

363 2674 397 2706 2.
445 2673 512 2706 Hic
539 2674 757 2708 conciliationi
774 2675 931 2708 Caesaris
955 2681 1061 2709 artem
1075 2675 1278 2718 subiungens
1294 2673 1480 2718 propriam,
1504 2673 1562 2707 ubi
1577 2685 1614 2708 se
1629 2672 1728 2719 peni-

274 2721 328 2752 tus
365 2717 400 2751 in
432 2718 518 2751 levis
548 2730 588 2751 ac
612 2719 720 2753 facilis
744 2720 921 2755 Michaelis
946 2720 1046 2754 animi
1071 2720 1314 2765 possessionem
1335 2718 1536 2761 insinuavit,
1587 2721 1727 2764 primum

275 2763 418 2798 omnium
431 2763 479 2797 illi
494 2764 670 2808 persuasit,
694 2769 732 2798 ut
749 2770 867 2809 patruo
883 2776 944 2799 suo
961 2766 1098 2800 Caesari
1114 2767 1278 2800 tribueret
1293 2764 1458 2798 fideretve
1473 2765 1646 2800 minimum.
1692 2765 1729 2799 id

275 2820 475 2854 quamquam
491 2809 559 2842 cito
577 2810 704 2843 Caesar
719 2811 840 2851 sensit,
863 2810 1134 2846 dissimulandum
1157 2816 1266 2844 tamen
1282 2815 1374 2843 ratus
1390 2817 1550 2844 consueta
1563 2811 1730 2856 aliquam-

275 2855 333 2891 diu
349 2854 481 2902 ratione
493 2855 648 2901 gerendis
661 2856 764 2890 rebus
779 2867 902 2894 vacare
916 2857 1096 2902 pergebat.
1141 2867 1215 2891 oum
1230 2861 1340 2892 autom
1356 2856 1461 2902 magis
1476 2868 1517 2892 ac
1531 2857 1636 2902 magis
1650 2868 1729 2892 sese
