1878 3262
267 222 364 269 116
686 215 990 262 NICEPHORI
1026 216 1293 261 BRYENNH
1324 233 1332 249 -·

267 341 471 379 σταντῖνον
500 332 569 376 τὸν
593 332 980 392 Πορφυρογὲννητον
1013 333 1080 375 καὶ
1111 331 1180 374 τὸν
1211 333 1422 389 Κομνηνόν
1446 333 1642 387 Ἀλέξων,
1678 334 1725 376 οἱ*

266 407 520 461 στρατιωτῶν
551 403 700 462 ἀπορίᾳ
730 407 810 445 τῶν
831 400 1134 460 προστυχόντων
1156 401 1266 451 τινὰς
1289 403 1350 443 ἐπὶ
1372 402 1422 444 τὰ
1445 404 1552 458 τείχη
1575 404 1719 457 ἀναβι-

265 471 464 526 βάσαντες
510 473 576 513 καὶ
624 472 719 522 τούς
765 469 917 514 ἑαυτῶν
956 471 1283 520 ’καθοπλίσαντες
1319 470 1432 512 αὐτοὶ
1470 472 1720 528 περιθέοντες

265 538 491 598 ἐφρούρουν
513 540 586 594 τὴν
610 539 738 582 πόλιν.
780 541 919 599 ἒνμιᾷ
938 541 980 581 δὲ
999 543 1079 601 τῶν
1093 537 1217 595 »ὡρῶν
1240 543 1490 596 περισκοπῶν
1509 537 1530 581 ὅ
1552 541 1719 594 Κομνη-

216 618 246 652 Β
270 609 336 658 νὸς
352 609 525 658 ἈλεἙιος
545 608 639 659 τοὺς
658 608 736 651 ἀπὸ
755 609 1025 666 στρατοπέδου
1048 612 1120 649 τοῦ
1139 609 1356 664 Βρυεννιόυ
1378 612 1582 663 προνομῆς
1597 607 1716 664 χάριν
1731 620 1752 655 5

266 677 367 733 πρὸς
396 677 448 719 τὰ
477 675 657 733 παράλια
676 682 764 719 τῶν
780 676 926 734 χώρων
952 675 1162 726 κατιόντας
1181 678 1247 718 ’καὶ
1272 670 1395 726 αὖθις
1412 676 1512 732 πρὸς
1531 675 1576 717 τὸ
1596 693 1720 734 στρα-

264 744 433 788 τόπεὸον
455 745 811 803 ἄναστρέςτοντας,>
834 747 991 801 ὀλίγους
1016 746 1060 786 δὲ
1081 745 1228 801 κομιδῇ
1249 738 1614 801 καταλειφθέντας,
1649 745 1722 795 τὰς

264 813 395 864 πύλας
427 813 680 864 ἀναπετάσας
710 814 830 865 ἔξεισι
865 814 967 867 μετὰ
996 818 1076 856 τῶν
1108 813 1218 870 ἀμφ’
1252 813 1374 855 αὐτὸν
1398 815 1463 854 καὶ
1490 813 1722 872 ἐπιθέμενος

264 881 421 932 τούτοις
443 884 587 939 ζωγρεῖ
612 883 762 939 ἄνδρας
791 882 909 939 μέχρι
930 886 1010 924 τῶν
1033 882 1175 932 εἴκοσι,
1211 884 1277 923 καὶ
1299 883 1391 938 πρὶν
1411 881 1439 936 ἢ
1459 881 1553 931 τούς
1576 881 1723 930 ἄλλους

263 955 409 1006 γνῶναι
431 950 476 993 τὸ
500 953 637 1007 δρᾶμα
661 950 834 992 ἐπάνεισι
857 951 946 1004 μετ’
974 951 1107 993 αὐτῶν
1130 953 1185 1001 εἷς
1208 949 1280 1005 τὴν
1302 949 1430 991 πόλιν.
1498 951 1574 995 καὶΙ
1598 949 1722 999 εὐθὺς
1734 956 1777 990 10

263 1017 527 1075 περιλάλητος
545 1013 594 1072 ἦν
617 1025 701 1068 τοῖς
720 1017 907 1060 ἁπάντων
930 1017 1126 1072 στόμασιν
1147 1017 1172 1073 ἢ
1197 1023 1269 1060 τοῦ
1289 1018 1436 1075 ἀνδρὸς
1457 1017 1590 1075 ἀρετή.
1633 1016 1655 1059 ὃ
1678 1018 1723 1060 δὲ

263 1085 422 1142 φθόνος
439 1084 615 1137 ὗπέκνιζε
639 1087 708 1128 τὸν
730 1088 1034 1129 Κωνσταντῒνον
1057 1092 1248 1130 τοσοῦτον
1271 1085 1326 1137 ὡς
1346 1089 1412 1129 καὶ
1436 1087 1540 1128 κατὰ
1560 1084 1722 1143 πρόσω-

262 1171 339 1195 πον
369 1158 428 1211 τῷ
462 1154 576 1209 ἀνδρὶ
618 1153 940 1210 λοιδορήσασθαι
979 1154 1038 1198 ὅτι
1070 1157 1128 1210 μὴ
1159 1158 1226 1197 καὶ
1257 1159 1399 1197 τοῦτον
1428 1154 1721 1211 συμπράκτορα

263 1221 352 1276 ἴσχε
375 1225 448 1263 τοῦ
471 1221 601 1278 ἔργου.
671 1221 692 1264 ὃ
725 1223 768 1264 δὲ
803 1227 962 1279 κρατῶν
980 1222 1144 1278 ἠγάσθη
1166 1240 1206 1265 τε
1229 1222 1373 1265 τούτου
1396 1224 1468 1278 τὴν
1489 1222 1633 1280 πράξιν
1653 1225 1720 1264 καὶ

257 1290 432 1347 χάριτας
470 1291 582 1348 αὐτῷ
611 1295 794 1348 φανερῶς
828 1289 1034 1347 ὥιιιολόγει.
1101 1290 1250 1346 ταύτην
1273 1291 1345 1346 τὴν
1371 1295 1514 1348 πρᾶξιν
1534 1296 1607 1333 τοῦ
1633 1293 1716 1333 Κο-
1731 1299 1774 1334 15

211 1367 241 1400 C
263 1363 416 1414 μνηνοῧ
440 1359 631 1416 ἀφορμὴν
650 1358 670 1401 ὅ
695 1366 842 1416 καῖ’σαρ
869 1358 996 1416 εῧρών
1027 1359 1095 1402 τὸν
1114 1359 1245 1416 γάμον
1266 1361 1414 1409 ἐξαιτεῖ
1430 1364 1502 1414 τῆς
1522 1364 1721 1416 θυγατρι·

264 1430 338 1482 δῆς
369 1431 605 1482 τελεσθῆναι
634 1432 707 1470 τοῦ
735 1426 866 1484 γάμου
900 1430 1109 1488 συναφείᾳ.
1176 1430 1242 1470 καὶ
1268 1432 1435 1470 τελεῖται
1458 1428 1610 1482 ταχέως
1635 1426 1720 1482 ἅμα

261 1501 320 1553 τῷ
339 1499 514 1550 λυθῆναι
538 1496 609 1548 τὴν
628 1497 860 1553 πολιορκίαν
882 1501 933 1553 τῇ
956 1496 1079 1539 πόλει.
1132 1500 1260 1539 ταῦτα
1280 1497 1354 1551 μὲν
1377 1501 1518 1539 τοῦτον
1538 1495 1626 1550 ἴσχε
1650 1496 1720 1538 τὸν

252 1562 425 1620 τρόπον.

403 1628 478 1676 14.
540 1628 589 1672 Ὁ
612 1631 656 1672 δὲ
673 1634 753 1673 τῶν
772 1630 987 1687 ταγμάτων
1008 1630 1220 1689 κατάρχων
1239 1635 1312 1675 τοῦ
1332 1632 1548 1690 Βρυεννιόυ
1570 1629 1716 1686 τηνάλ-
1727 1643 1773 1678 20

263 1704 343 1749 λως
374 1697 479 1756 ὅριῦν
509 1697 744 1755 τριβόμενον
773 1700 841 1741 τὸν
871 1705 942 1755 τῆς
969 1704 1202 1757 πολιορκίας
1232 1700 1395 1757 καιρόν,
1427 1703 1496 1742 ἵνα
1518 1700 1576 1754 μὴ
1599 1701 1718 1741 πλέον

262 1772 481 1824 κακοπαθῇ
511 1767 548 1808 οἱ
578 1767 623 1808 τὸ
653 1766 904 1824 στράτευμα,
940 1767 1124 1822 ἐβούλετο
1146 1770 1218 1822 μὲν
1239 1770 1311 1824 τὴν
1329 1770 1561 1825 πολιορκίαν
1582 1772 1716 1819 λῦσαι,

140 1839 172 1872 V
195 1839 239 1875 57
261 1834 454 1892 ᾐσχύνετο
490 1835 534 1877 δ’
575 1834 683 1889 ὅμως
717 1839 783 1878 καὶ
815 1839 952 1879 ἐδεδίει
985 1836 1043 1892 μή
1076 1838 1173 1879 ποτέ
1199 1855 1236 1879 τι
1260 1839 1434 1892 ξυμβαίη
1459 1838 1609 1891 σχίσμα
1628 1838 1715 1893 περὶ

352 1943 386 1979 4.
409 1940 539 1988 αἱρῶν]
563 1942 768 1988 φρουρῶυῗ

237 2055 239 2059 .
262 2035 434 2068 comneno
451 2034 579 2069 Alexio.
627 2034 684 2079 qui
709 2035 849 2079 penuria
871 2034 1008 2069 militum
1029 2035 1191 2080 quosdam
1215 2047 1258 2069 ex
1273 2035 1382 2069 obviis
1399 2038 1595 2069 auctoratos
1609 2037 1645 2068 et
1657 2038 1713 2067 tu-

259 2079 437 2113 multuarie
462 2085 609 2114 armatos
634 2081 828 2114 custodibus
849 2092 1017 2114 murorum
1040 2081 1264 2124 miscuerunt,
1294 2081 1441 2126 propriis
1457 2081 1557 2115 etiam
1571 2079 1713 2125 quisque

258 2125 391 2158 familiis
414 2125 541 2170 pariter
562 2126 700 2160 armatis
713 2152 722 2168 ‚
753 2126 815 2171 ipsi
831 2126 920 2160 ultro
936 2127 1090 2171 citroque
1105 2131 1277 2161 cursantes
1292 2126 1478 2160 defensioni
1493 2126 1584 2160 urbis
1600 2128 1712 2159 atten-

258 2171 395 2204 debant.
443 2181 509 2214 quo
529 2174 682 2215 tempore
697 2172 886 2206 comnenus
902 2172 1040 2207 Alexius
1063 2183 1138 2207 cum
1164 2184 1183 2206 e
1199 2173 1343 2218 speculis
1366 2173 1582 2206 observasset
1595 2181 1712 2205 manus

260 2214 509 2260 eBryennianis
522 2215 643 2249 castris
657 2217 700 2249 ad
712 2217 939 2261 praedandum
952 2228 1106 2262 egressas
1121 2229 1238 2252 versus
1254 2229 1346 2252 oram
1362 2218 1555 2252 maritimam
1570 2216 1711 2250 descen-

259 2261 348 2295 disse
371 2271 568 2305 rursumque
595 2261 762 2306 plerisque
784 2263 818 2295 in
841 2267 955 2297 castra
978 2264 1196 2297 redeuntibus
1213 2264 1314 2298 valde
1328 2274 1453 2309 paucos
1469 2267 1559 2297 retro
1576 2261 1712 2295 relictos

257 2306 408 2340 haesisse
422 2334 432 2350 ‚
463 2306 644 2351 patefactis
665 2308 777 2339 subito
792 2309 899 2351 portis
915 2320 989 2342 cum
1005 2309 1223 2343 familiaribus
1239 2310 1384 2355 erumpit
1397 2310 1586 2354 impetuque
1601 2307 1635 2340 in
1650 2307 1712 2340 bos

257 2353 351 2386 facto
366 2352 465 2385 vivos
490 2352 581 2396 capit
608 2363 743 2385 numero
760 2352 879 2396 viginti
895 2365 934 2386 ac
949 2353 1041 2398 prius
1057 2366 1156 2399 quam
1172 2355 1226 2388 alii
1241 2355 1406 2389 sentirent
1417 2355 1506 2387 intra
1521 2353 1638 2386 urbem
1653 2363 1711 2386 ra—

258 2398 321 2443 pit.
369 2408 436 2442 quo
460 2397 553 2430 facto
574 2408 636 2441 per
656 2397 827 2431 civitatem
842 2398 956 2431 statim
971 2399 1059 2432 fama
1072 2400 1231 2443 vulgato,
1264 2401 1373 2434 omnia
1388 2398 1450 2431 viri
1466 2398 1615 2431 laudibus
1632 2408 1713 2443 per·

259 2443 433 2477 sonabant.
453 2442 541 2476 unde
556 2442 680 2476 invidia
696 2442 782 2476 ussit
798 2443 1053 2477 Constantinum
1068 2444 1103 2477 in
1117 2449 1246 2479 tantum
1261 2449 1299 2478 ut
1315 2454 1424 2478 coram
1438 2443 1472 2476 in
1488 2453 1526 2476 os
1539 2442 1710 2477 Comneno

255 2489 400 2532 iurgium
425 2489 551 2530 ferret,
583 2488 674 2532 quod
691 2487 720 2521 is
738 2498 775 2521 se
790 2488 915 2522 socium
931 2489 974 2522 ad
989 2489 1024 2522 id
1040 2490 1168 2523 facinus
1185 2502 1250 2524 non
1266 2489 1480 2524 adhibuisset.
1525 2487 1711 2533 imperator

259 2538 372 2567 tamen
398 2535 524 2567 factum
552 2533 712 2578 probavit
737 2538 773 2566 et
787 2534 904 2567 Alexio
920 2535 1031 2578 palam
1046 2536 1173 2579 gratias
1189 2536 1268 2580 egit.
1315 2545 1358 2568 ex
1372 2535 1436 2567 hoc
1452 2534 1614 2568 Conmeni
1629 2545 1709 2568 suc-

259 2590 357 2612 cessu
370 2579 515 2622 indeque
531 2583 608 2611 orta
623 2579 806 2612 offensione
823 2579 1034 2614 Constantini
1050 2581 1257 2614 occasionem
1274 2580 1401 2614 Caesar
1415 2579 1566 2624 captavit
1581 2591 1709 2625 oppor-

259 2628 373 2658 tunam
388 2624 529 2667 urgendi
545 2625 676 2669 nuptias
692 2624 849 2669 propriae
863 2625 975 2671 neptis
992 2637 1064 2660 cum
1079 2626 1215 2670 Alexio,
1237 2637 1324 2671 quae
1338 2631 1373 2659 et
1387 2631 1467 2670 post
1480 2626 1542 2660 sub
1559 2623 1708 2660 obsidio-

259 2669 310 2703 nis
325 2669 523 2702 solutionem
540 2669 603 2702 rite
619 2670 809 2703 celebratae
824 2675 912 2703 sunt.

352 2714 404 2748 14.
450 2714 544 2747 Inter
555 2715 640 2748 haec
655 2715 740 2748 enim
754 2715 957 2759 Bryenniani
972 2715 1092 2749 ductor
1107 2716 1273 2750 exercitus
1290 2716 1414 2749 frustra
1429 2715 1549 2750 videns
1563 2715 1629 2750 teri
1643 2717 1707 2750 ob-

257 2759 387 2794 sidione
410 2763 559 2803 tempus,
591 2770 634 2792 nc
654 2760 788 2794 vexatio
816 2761 913 2794 irrita
937 2762 1104 2795 exercitus
1126 2766 1311 2804 cresceret,
1343 2762 1476 2795 solvere
1499 2761 1705 2796 obsidionem

258 2804 445 2849 cogitabat,
478 2804 782 2849 retardabatur-que
798 2807 900 2840 solum
916 2806 1045 2850 pudore
1061 2807 1203 2851 quodam
1219 2811 1253 2839 et
1271 2812 1377 2850 metu,
1409 2819 1451 2840 ne
1466 2807 1705 2841 dissensionum

256 2850 381 2896 aliquid
400 2850 489 2885 inter
512 2849 595 2885 male
617 2851 834 2886 cohaerentes
856 2852 969 2897 copias
993 2857 1029 2886 et
1051 2852 1198 2888 defectio
1214 2853 1425 2898 secessioque
1440 2853 1654 2898 quorumdam
1669 2852 1704 2886 in
