1878 3262
270 193 368 240 228
670 209 686 243 j
725 189 930 234 CAROLI
961 190 1043 234 DU
1075 190 1289 234 FRESNE

270 303 391 342 senali
420 300 595 351 Sultani,
625 300 689 340 cui
716 301 859 353 Tyrius
878 300 1083 350 Belsetofi,
1113 299 1309 339 Aithonus
1326 297 1562 352 Aspasalemi
1584 311 1729 338 nomen

270 361 468 398 tribuunt.
514 358 714 397 enimvero
740 364 787 395 ut
816 358 1023 396 Cutlumus
1048 357 1207 408 eiusque
1227 356 1299 394 filii
1320 356 1490 407 quinque
1519 359 1604 407 (tot
1622 356 1727 394 enim

270 415 439 466 assignat
455 414 596 453 liberos
615 414 799 453 Cutlumo
817 415 1017 466 ScylitzeS,
1045 427 1143 465 quos
1157 413 1263 451 inter
1281 413 1562 464 Solymannum
1581 419 1620 450 et
1639 412 1729 450 Ma-

271 471 449 510 sourium
469 478 644 510 recenset
666 471 907 522 Bryennius)
936 471 1189 522 Lycaoniam,
1217 468 1504 521 Cappadociam
1527 475 1565 507 et
1589 468 1729 520 Bithy-

270 528 377 573 niam
409 528 661 580 occuparint,
691 523 776 566 fuse
801 528 895 565 satis
921 533 1082 566 enarrat
1102 528 1275 564 Zonaras
1303 525 1344 563 in
1363 526 1542 563 Romano
1562 525 1730 576 Diogene

270 590 310 622 et
329 585 432 622 idem
451 585 638 636 Scylitzes
655 585 695 622 in
717 584 937 626 Botaniata.
993 583 1185 622 incertum
1205 589 1337 621 tamen
1353 595 1516 634 prorsus
1539 581 1731 632 relinqui-

270 646 360 689 tur,
390 641 548 692 quando
581 647 621 679 et
647 654 725 691 quo
745 641 963 692 imperante
992 640 1134 678 Nicaea
1163 639 1370 691 Bithyniae
1396 638 1650 690 metropolis,
1685 637 1730 676 in

272 710 350 748 qua
370 698 480 749 regni
501 698 632 736 sedem
650 710 738 747 seu,
767 704 815 735 ut
838 698 952 735 Anna
974 696 1152 747 loquitur
1171 696 1199 737 l.
1224 700 1249 737 3
1274 710 1313 747 p.
1333 696 1408 745 95,
1447 692 1492 735 τὸ
1524 694 1732 735 covaruvi-

270 769 361 794 κιον
380 755 626 793 constituisse
643 755 926 806 Solymannum
941 759 1138 792 testantur
1155 752 1297 804 passim
1316 752 1536 802 scriptores,
1564 751 1605 788 in
1624 751 1732 788 Tur-

271 824 409 849 corum
437 812 671 850 concesserit
699 817 932 862 potestatem
946 840 956 859 ‚
986 823 1075 848 cum
1095 811 1136 848 id
1156 822 1270 847 nemo
1288 808 1479 847 hactenus
1497 807 1732 859 prodiderit.

268 873 376 905 certe
394 867 487 905 licet
504 868 611 919 quod
631 882 653 906 a
677 868 872 919 Bryennio
894 867 919 906 l.
937 871 962 908 3
986 880 1024 905 n.
1050 871 1099 909 16
1123 870 1174 910 17
1197 869 1267 914 18,
1295 865 1481 916 Scylitze,
1511 865 1665 902 Zonara
1691 867 1733 902 et

273 923 357 961 aliis
385 925 581 973 traditur,
611 938 632 961 a
661 924 935 962 Nicaeensibus
964 930 1171 974 exceptum
1191 922 1436 960 Botaniatam
1459 927 1499 958 et
1515 921 1732 971 imperato-

270 993 355 1018 rem
373 981 630 1019 acclamatum
642 1010 651 1028 ,
682 982 883 1032 perspicue
901 979 1055 1019 evincat
1070 979 1146 1018 hac
1163 985 1394 1030 tempestate
1409 1008 1420 1028 ,
1449 977 1527 1015 hoc
1548 983 1630 1024 est,
1658 975 1731 1014 sub

271 1036 317 1075 A.
330 1036 421 1078 Chr.
436 1040 556 1086 1078,
582 1038 758 1075 Nicaeam
775 1037 932 1075 Graecis
948 1036 1134 1087 paruisse,
1155 1035 1223 1073 illo
1244 1042 1376 1073 tamen
1392 1035 1608 1085 imperante
1625 1033 1733 1071 Tur-

272 1106 339 1130 cos
367 1093 566 1144 agnovisse
593 1093 772 1130 dominos
797 1094 958 1131 videtur
982 1092 1157 1130 indicare
1174 1092 1278 1130 idem
1296 1091 1517 1143 Bryennius
1535 1090 1560 1131 l.
1581 1088 1608 1130 4
1630 1103 1669 1128 n.
1690 1091 1733 1138 2,

271 1148 367 1187 dum
386 1150 520 1187 scribit
538 1150 783 1188 Botaniatam
801 1150 1078 1200 imperatorem
1097 1150 1245 1187 sactum
1260 1148 1405 1199 legatos
1422 1147 1569 1184 misisse
1588 1146 1640 1183 ad
1657 1147 1733 1182 So-

271 1205 503 1256 lymannum
536 1212 576 1245 et
603 1206 827 1254 Masurum,
855 1203 949 1254 τοΰς
980 1207 1062 1244 τῶν
1097 1201 1288 1255 Τούρκων
1314 1202 1549 1256 ἐξάρχοντας
1579 1202 1623 1243 ἐν
1651 1204 1733 1242 Νι-

271 1263 369 1318 καία
402 1263 697 1315 διατρίβοντας,
728 1263 794 1313 qui
823 1268 910 1300 tum
942 1262 1104 1300 Nicaeae
1137 1261 1349 1312 degebant,
1374 1273 1465 1297 sane
1494 1273 1584 1296 cum
1613 1257 1733 1308 Soly-

270 1318 406 1356 manni
429 1320 573 1359 veteris
597 1320 701 1371 regia
732 1319 950 1367 exstiterit,
976 1318 1157 1356 Nicaeam
1190 1323 1348 1370 oportet
1367 1322 1456 1354 ante
1475 1315 1580 1353 illius
1598 1326 1735 1352 exces-

273 1388 384 1424 sum,
433 1377 501 1427 qui
537 1390 640 1414 anno
680 1376 840 1415 demum
872 1375 980 1418 1085
1014 1375 1203 1426 contigit,
1251 1373 1293 1412 in
1324 1374 1546 1412 Turcorum
1573 1371 1634 1409 ius
1659 1382 1734 1410 ve-

270 1444 384 1470 nisse.

385 1501 423 1539 p-
449 1487 528 1530 124
551 1502 590 1527 v.
612 1488 675 1531 15.
733 1488 778 1529 ἒν
812 1493 896 1539 τοῖς
929 1491 1010 1530 τῶν
1038 1487 1286 1538 Ῥουφιανῶν
1312 1483 1544 1535 παλατίοις]
1575 1483 1630 1520 De
1656 1481 1734 1520 hoc

271 1544 419 1596 palatio
438 1545 489 1582 ad
508 1545 793 1584 Chalc-edonem
822 1553 945 1597 agunt
977 1548 1232 1592 Sozomenus,
1262 1545 1461 1586 Socrates,
1488 1539 1734 1590 Nicephorus

271 1600 382 1650 call„
409 1601 622 1652 Gedrmms,
653 1602 794 1654 Glycas
813 1609 854 1641 et
872 1603 959 1650 alii,
989 1602 1085 1641 locis
1108 1615 1131 1639 a
1152 1614 1215 1639 me
1231 1599 1414 1638 indicatis
1430 1598 1471 1636 in
1491 1597 1657 1636 Observ.
1681 1594 1734 1633 ad

270 1656 464 1696 Villhard.
489 1672 528 1698 n.
548 1660 614 1701 68.
1811 1680 1813 1682 -

385 1728 423 1765 p.
446 1714 525 1755 125
548 1728 587 1753 v.
612 1717 675 1756 17.
733 1714 837 1755 ἔνθα
864 1715 935 1757 καὶ
966 1711 1135 1767 δάμαλις
1167 1712 1332 1765 λιθίνη]
1364 1710 1412 1750 V.
1440 1710 1602 1748 Petrum
1628 1706 1734 1758 Gyll.
1800 1733 1803 1735 -

272 1769 298 1808 l.
320 1773 346 1812 3
367 1770 416 1808 de
434 1771 549 1822 Bosp.
572 1770 712 1810 Thrac.
735 1785 767 1809 c.
785 1774 823 1812 9.
1094 1791 1098 1795 ’

341 1883 365 1921 d
385 1830 526 1924 p.4126
547 1841 585 1868 V.
609 1830 673 1869 13.
732 1823 855 1881 ἀγχοῦ
886 1829 959 1880 τῆς
988 1824 1189 1879 Σιδηρᾶς]
1238 1824 1285 1865 V.
1314 1827 1452 1862 notata
1485 1819 1537 1859 ad
1569 1833 1609 1872 p.
1641 1817 1733 1857 Ale--

270 1883 337 1921 xia
368 1913 380 1924 .
400 1884 425 1925 5
457 1913 467 1922 .

385 1953 426 1979 v.
462 1942 525 1982 19.
593 1937 672 1991 πρό
717 1942 798 1980 τῶν
835 1941 975 1979 πυλῶν
1012 1940 1086 1979 τοῦ
1123 1935 1341 1989 τεμένους]
1391 1932 1511 1986 Apud
1562 1931 1734 1970 Graecos

275 1996 430 2048 quippe,
460 2002 506 2034 ut
524 2002 563 2033 et
579 1996 697 2033 hodie
715 1996 822 2047 apud
842 1996 1012 2044 Latinos,
1042 1994 1292 2032 celebrantur
1313 1991 1504 2044 sponsalia
1525 1993 1616 2026 ante
1635 2000 1733 2038 por-

274 2059 356 2091 tam
380 2053 572 2091 ecclesiae.
616 2052 898 2104 Euchologium
920 2053 1177 2090 Graecorum:
1206 2046 1302 2100 μετοῖ
1319 2046 1394 2101 τήν
1413 2047 1534 2087 θείαν
1557 2047 1734 2096 λειτουρ-

273 2109 389 2162 γίαν,
417 2112 490 2149 τοῦ
519 2107 655 2159 ἱερέως
683 2109 849 2156 ἑστῶτος
877 2109 920 2149 ἐν
953 2111 1011 2163 τῷ
1039 2108 1140 2162 θείῳ
1179 2106 1378 2159 ἱερατείῳ,
1405 2104 1663 2154 παρίστανται
1693 2098 1736 2140 οἱ

276 2165 479 2218 μέλλοντες
502 2165 743 2217 ζεύγνυσθαι
761 2163 840 2217 πρὸ
864 2168 946 2205 τῶν
971 2164 1098 2218 ἇγίων
1120 2165 1263 2216 θυρῶν
1283 2168 1358 2200 etc.
1417 2173 1495 2211 quo
1524 2165 1611 2196 tum
1631 2164 1732 2193 tem-

275 2235 372 2273 pore
402 2222 550 2260 fiebant
574 2221 763 2259 eiusmodi
793 2222 1045 2267 donationes,
1076 2233 1170 2271 quas
1197 2218 1305 2256 dotis
1329 2217 1485 2255 nomine
1502 2216 1734 2263 nuncupant

276 2278 452 2330 practici.
499 2278 642 2329 regiam
663 2279 902 2316 maiestatem
923 2278 950 2316 1.
971 2282 998 2320 2
1017 2291 1051 2315 c.
1075 2280 1146 2326 16,
1178 2275 1372 2314 Glanvilla
1390 2274 1414 2311 l.
1432 2276 1458 2314 6
1481 2286 1514 2310 c.
1534 2273 1553 2310 1
1574 2275 1614 2307 et
1631 2269 1732 2306 Bra—

136 2342 164 2376 P
187 2344 255 2379 217
277 2341 371 2372 cton
390 2335 415 2373 l.
432 2340 459 2378 2
478 2348 512 2375 e.
533 2337 606 2376 39:
634 2334 788 2372 dicitur
816 2334 890 2372 dos
919 2335 1145 2385 vulgariter
1171 2331 1238 2382 id,
1272 2328 1382 2383 quod
1406 2328 1505 2366 liber
1524 2326 1642 2363 lzomo
1658 2322 1731 2361 dat

276 2406 448 2442 sponsae
471 2405 570 2428 suae
596 2390 656 2428 ad
679 2393 829 2429 ostium
849 2391 1031 2428 ecelesiae
1050 2397 1221 2440 tempore
1241 2384 1573 2438 desponsationi&
1631 2378 1734 2418 don-s·

268 2450 380 2499 faits
401 2449 427 2484 τὶ
445 2455 581 2498 portes
605 2447 651 2486 de
670 2449 862 2486 monstier
887 2447 930 2485 in
958 2446 1234 2484 stabilimentis
1260 2442 1302 2484 S.
1321 2440 1512 2482 Ludovici
1535 2438 1560 2476 l·
1578 2439 1604 2480 1
1625 2450 1658 2475 C·
1679 2439 1731 2479 11

281 2507 334 2546 18
357 2508 409 2547 19
429 2510 468 2541 ot
486 2508 580 2546 113.

391 2573 432 2610 P·
455 2564 533 2602 127
553 2574 593 2599 v-
609 2558 647 2601 4.
704 2559 934 2614 τριγαμίαν]
971 2557 1128 2597 Tertiae
1164 2556 1306 2609 quippe
1332 2551 1491 2606 nuptiae
1514 2549 1661 2601 legibus
1690 2553 1732 2587 et

279 2615 535 2653 conciliorum
558 2617 772 2654 canonibus
790 2616 947 2655 vetitae.
982 2629 1022 2654 v.
1038 2629 1121 2653 can.
1135 2617 1159 2656 3
1172 2619 1210 2651 et
1222 2616 1247 2654 7
1271 2613 1496 2651 Neocaesar.
1515 2609 1622 2657 Syn„
1643 2605 1730 2644 Leo.

282 2672 381 2710 Nov.
396 2674 464 2720 90,
484 2672 685 2712 Constant.
701 2672 847 2724 Porph.
865 2673 965 2711 Nov.
989 2674 1041 2714 13
1062 2672 1180 2709 latam
1196 2670 1242 2707 A.
1264 2671 1360 2714 920,
1378 2665 1544 2704 Balaam.
1560 2663 1601 2700 in
1612 2661 1733 2712 Epist.

282 2727 397 2768 Basil.
418 2728 468 2766 ad
489 2728 656 2779 Amphil.
676 2743 708 2770 c.
730 2732 757 2770 4
781 2736 820 2767 et
839 2730 880 2767 in
897 2729 1054 2766 Nomac.
1071 2726 1222 2775 Photii,
1251 2725 1314 2763 lus
1332 2721 1637 2761 Graeco-Rom.
1658 2723 1690 2755 t.
1705 2720 1726 2758 1

281 2799 323 2838 p.
342 2783 436 2827 497.
493 2784 636 2823 scitum
662 2785 762 2822 illud
786 2784 1018 2823 Nazianzeni
1045 2783 1110 2822 vel
1133 2780 1355 2820 Clementis:
1390 2775 1434 2819 τό
1454 2779 1614 2830 πρῶτον
1635 2785 1730 2814 συν-

282 2833 457 2883 οικέσιον
492 2839 639 2896 νόμος,
673 2838 720 2882 vo*
752 2837 939 2894 δεύτερον
966 2835 1235 2894 συγχώρησις,
1271 2833 1316 2877 vo*
1336 2836 1468 2889 τρίτον
1489 2829 1731 2886 παρανομία,
