1878 3262
626 207 1022 253 HISTORIARUM
1053 211 1102 253 L.
1130 210 1164 253 Ι.
1563 210 1627 254 27

168 322 345 381 προάγει.
413 322 509 366 ἀλλ’
540 322 567 378 ἦ
598 321 736 379 γνώμη
771 322 818 365 τὸ
838 327 1047 380 πρεσβεῖον
1082 324 1375 379 ἄποσεισαμένη
1398 323 1445 366 τὸ
1467 323 1626 377 βέλτιον
1649 327 1678 360 D

168 396 375 447 ἲχνηλατεῖ
390 394 456 435 καὶ
490 394 621 435 πείθει
646 392 790 450 ἀρετὴν
813 392 935 449 ἀρετῇ
965 392 1294 450 παραβάλλοντα.
1363 393 1552 450 δυσχερὲς
1577 392 1627 447 de)

167 466 286 504 τοῦτο
308 466 390 508 τῶν
409 459 597 504 ἁπάντων
619 461 826 518 ἀγώνισμα
838 460 911 515 τὴν
931 462 1094 517 κρείττω
1107 467 1328 520 πειρᾶσθαι
1351 466 1501 517 λαβεῖν.
1546 462 1628 503 ἐπεὶ

169 532 236 572 καὶ
267 530 350 587 χρὴ
380 534 438 588 τῷ
471 533 666 588 βελτίστῳ
687 535 923 587 προσνεῖμαι
948 529 994 571 τὸ
1023 531 1182 584 βέλτιον
1204 532 1432 587 (βασιλείας
1452 532 1496 572 δὲ
1517 532 1561 572 τί
1579 530 1628 572 ἄν

132 611 229 649 5τις
244 603 358 642 θεῖτο
381 598 617 656 σεμνότερον
639 600 771 656 ἕτερον
780 598 814 653 5)
843 599 1067 653 βουλοίμην
1087 599 1236 653 μεντᾶν
1245 632 1260 651 ,
1286 600 1428 656 ἄνδρες
1448 615 1627 656 συστρα-

166 672 306 710 τιῶται
318 701 331 720 ,
369 673 427 726 τῷ
446 667 596 725 χρόνου
627 669 824 725 πρεσβείῳ
846 669 911 709 καὶ
933 667 979 708 τὸ
1004 668 1046 717 ἐξ
1071 668 1215 724 ἀρετῆς
1245 672 1400 722 μᾶλλον
1421 675 1628 724 προσεῖναι

167 738 327 787 ἐντελές.
397 738 493 779 ἀλλ’
517 736 544 792 ἢ
561 754 602 792 γε
626 741 770 794 ψῆφος
802 738 864 778 ἐπὶ
894 735 963 778 τὸν
983 740 1210 779 τελευταῖον
1232 734 1333 795 ὁρᾷ,
1369 737 1435 778 καὶ
1460 735 1480 778 ὅ
1505 741 1628 790 βασι-

166 807 277 855 λείας
297 806 428 848 κανών
451 810 510 864 τῷ
531 804 688 864 ἐσχάτῳ
719 809 875 860 μᾶλλον
899 804 1162 862 προσφύεται.
1233 807 1299 848 καὶ
1322 805 1368 846 οὗ
1393 803 1522 859 δήπου
1549 806 1627 861 ὄφ-

165 876 350 928 θαλμίαν
383 876 470 928 ἐμοὶ
506 875 578 930 τὴν
608 876 650 925 ἐξ
673 874 1026 924 εὐνοίας-δεδιέναι
1051 874 1188 916 ἔπεισι.
1254 876 1372 917 παῖδε
1399 873 1476 929 γὰρ
1502 872 1629 930 ἄμφω

113 945 233 990 lona}
257 945 362 1001 φίλω
384 942 544 993 πάντως
569 943 647 985 ἀπὸ
667 943 818 985 ταῦτοῦ
828 974 842 994 ,
876 945 943 984 καὶ
966 941 1084 985 τοῦτό
1107 960 1149 999 γε
1174 941 1219 984 τὸ
1242 944 1365 999 μέρος
1393 942 1509 984 οὐδὲν
1532 941 1624 984 ἅτε-
1649 950 1678 983 Ρ
1705 951 1744 984 15

165 1028 236 1068 ρος
259 1010 436 1069 προήκει.
503 1016 648 1069 ψῆφον
675 1013 748 1066 μὲν
780 1012 831 1067 δὴ
861 1011 934 1067 τὴν
962 1011 1028 1053 ἐπ’
1061 1013 1215 1069 ἀμφοῖν
1246 1013 1334 1066 ἐμοὶ
1367 1013 1434 1053 καὶ
1466 1015 1623 1064 μᾶλλον
1649 1022 1679 1055 V
1705 1023 1746 1056 12

166 1081 235 1122 διὰ
257 1085 385 1123 ταῦτα
407 1080 507 1137 ἤπερ
530 1079 625 1135 ὑμῖν
638 1082 866 1123 πιστευτέον
890 1081 1038 1131 αὐτοῖς.
1107 1082 1228 1123 ἐκεῖνο
1253 1081 1296 1123 δὲ
1318 1084 1430 1136 κοινῇ
1455 1082 1521 1121 καὶ
1545 1078 1627 1133 μά-

165 1153 282 1191 λιστα
309 1151 634 1206 περιεργαστέον,
668 1151 769 1205 λέγω
794 1151 837 1192 δὲ
852 1148 910 1204 μή
937 1166 1031 1192 ποτε
1067 1149 1247 1206 ἀδελφοῦ
1268 1150 1342 1204 μὲν
1362 1147 1629 1205 κρατιστεύειν

164 1216 293 1271 δήπου
330 1218 399 1260 τὸν
429 1221 556 1260 παῖδα
589 1221 815 1275 ξυμβαίνῃ,
859 1219 900 1269 ἔς
932 1219 976 1260 δὲ
997 1218 1067 1261 τὸν
1095 1217 1248 1275 θρόνον
1269 1216 1631 1274 παραβαλλόμενος

112 1297 155 1333 15
167 1285 304 1341 ἥσσων
322 1288 541 1342 ἐλέγχηται.
611 1289 774 1344 ἐμαυτῷ
797 1287 875 1343 γὰρ
905 1287 1035 1329 οὐκέτι
1061 1289 1127 1330 καὶ
1153 1292 1271 1329 τοῦτο
1293 1291 1442 1343 θαρρῶ
1449 1319 1462 1338 ,
1493 1289 1630 1336 δεινῶς

161 1359 418 1408 μονωθεῖσαν
446 1354 694 1414 ὖπειὸομένῳ
727 1357 801 1411 τὴν
823 1356 1001 1398 εὔνοιαν·
1037 1356 1153 1411 ἱκανὴ
1175 1356 1253 1412 γὰρ
1284 1354 1462 1409 μάλιστα
1484 1360 1629 1412 ψῆφον

164 1423 330 1466 ὁέκάσαι
354 1426 499 1479 πηνίκα
520 1425 578 1479 μὴ
600 1425 712 1482 παρὰ
742 1425 832 1480 ἴσης
858 1423 1100 1481 ἕκκρούοιτο.
1167 1422 1368 1478 βούλεσθε
1390 1426 1524 1466 τοίνυν
1552 1423 1628 1465 αὖ·

161 1494 224 1534 τοὶ
255 1494 330 1547 μὲν
359 1492 456 1547 ὗμῖν
486 1498 567 1536 τῶν
598 1494 725 1536 αὐτοῦ’
755 1494 1033 1549 καταλέγοιμι,
1069 1494 1382 1550 ἓπιψηφιεῖσθαι
1418 1492 1461 1534 δ’
1487 1493 1629 1546 (mirol,-

162 1560 302 1615 ἰσχύος
322 1563 396 1616 μὲν
420 1561 469 1617 δὴ
491 1564 558 1604 καὶ
589 1561 728 1620 ῥώμης
751 1564 816 1604 καὶ
843 1566 916 1605 τοῦ
936 1564 985 1612 ἒς-
1006 1561 1058 1605 τὰ
1080 1563 1252 1615 πολέμια
1274 1559 1496 1618 θάρσουςζ
1480 1559 1628 1603 οπόσον
1649 1569 1679 1604 Β

106 1630 274 1687 ροαῦτῷ
295 1632 467 1685 μέτεστι,
502 1633 625 1673 παντί
638 1649 716 1674 που
743 1629 866 1686 δῆλόν
888 1632 985 1674 ἔστι.
1053 1632 1119 1673 καὶ
1140 1648 1333 1687 μαρτυρει
1355 1647 1425 1684 μοι
1449 1631 1501 1672 τὰ
1522 1634 1630 1672 Νεο-

163 1700 388 1756 καισαρέων
410 1707 494 1749 τοῖς
515 1699 668 1755 λόγοις,
705 1700 807 1742 ἔνθα
829 1698 1067 1755 ἐπιδήλως
1049 1717 1090 1750 ες
1112 1698 1207 1755 γόνυ
1230 1700 1282 1742 τὰ
1301 1698 1512 1753 ιῬωμαιων
1525 1698 1632 1752 κᾶμ-

160 1779 301 1821 ψαντα
322 1765 400 1809 ὑπὸ
429 1768 478 1822 δὴ
503 1767 632 1826 τούτῳ
668 1767 946 1825 ἀνωρθωκότα
971 1770 1228 1825 περισωθείη,
1298 1767 1325 1810 ἃ
1349 1769 1392 1810 δὲ
1415 1785 1630 1825 προσμαρ-

253 1864 288 1900 3,
319 1860 388 1919 τὴν
413 1862 587 1907 κρείττω]
619 1861 667 1897 τὰ
693 1875 737 1907 no
741 1862 878 1898 είττωί)
1022 1863 1056 1898 4.
1091 1860 1264 1918 βέλτιοῖι]
1287 1862 1404 1896 Malim
1428 1860 1632 1907 βέλτιστον.

254 1910 311 1944 11.
333 1906 418 1954 τὴν]
445 1908 532 1943 Cod.
545 1911 639 1943 τοῖν.
718 1875 786 1946 ρ.17
812 1907 923 1944 αὐτοὶ
936 1907 1016 1954 μὲν]
1042 1909 1157 1944 Malim
1173 1905 1292 1948 αὐτὸς
1310 1906 1390 1952 μέν.

162 1988 218 2024 vel
233 1988 426 2042 postposito
445 1991 588 2021 naturae
605 1987 722 2021 ordine
738 1987 876 2022 utilitati
891 1990 1027 2022 vestrae
1043 1988 1226 2023 consulam.
1272 1987 1334 2021 filii
1354 1987 1434 2022 mihi
1449 1991 1528 2021 sunt
1549 1987 1630 2032 duo,

160 2039 307 2079 uterque
322 2034 437 2079 probis
453 2033 618 2077 moribus,
642 2045 784 2079 quorum
800 2034 888 2067 alter
909 2038 1022 2067 aetate
1037 2034 1141 2078 prior.
1188 2033 1248 2067 sed
1264 2034 1427 2079 temporis
1441 2045 1628 2089 praeroga-

162 2081 267 2115 tivam
283 2091 376 2114 mens
396 2091 472 2114 mea
486 2079 638 2125 respuit,
662 2080 794 2124 quaerit
806 2079 896 2124 quod
915 2079 1074 2134 optimum
1089 2084 1151 2121 est,
1174 2079 1360 2125 suadetque
1375 2084 1412 2114 ut
1427 2080 1538 2114 virtus
1554 2092 1628 2114 cum

162 2126 293 2160 virtute
308 2127 515 2160 conferatur.
564 2125 669 2160 ardua
684 2137 766 2159 sane
789 2131 824 2159 et
856 2136 938 2171 prae
963 2125 1084 2159 ceteris
1109 2106 1256 2159 di'ffieilis
1275 2126 1446 2160 contentio
1462 2127 1629 2171 potiorem

160 2172 362 2207 sententiam
388 2171 606 2216 investigare.
655 2183 727 2205 cum
751 2171 857 2215 igitur
879 2171 970 2216 quod
992 2171 1109 2206 melius
1136 2177 1187 2205 est
1209 2171 1333 2218 optimo
1359 2172 1542 2213 debeatur,
1564 2172 1628 2206 im-

163 2219 329 2264 perioque
344 2218 425 2252 nihil
441 2218 625 2263 quidquam
639 2218 796 2252 videatur
817 2217 1054 2252 excellentius:
1077 2222 1228 2272 optarem
1252 2218 1406 2263 quidem
1429 2218 1627 2252 commilito-

160 2275 247 2307 nes,
272 2265 409 2298 adesset
424 2264 592 2298 cumulata
607 2263 718 2297 virtus
744 2274 818 2297 cum
843 2263 965 2297 aetatis
990 2263 1241 2309 praerogativa.
1288 2264 1350 2298 sed
1366 2265 1451 2298 haec
1465 2265 1628 2298 minorem

159 2314 336 2355 spectant,
358 2314 395 2344 et
413 2310 448 2344 in
472 2310 565 2344 illum
579 2309 768 2363 propendet
783 2308 947 2352 calculus,
974 2310 1032 2354 qui
1051 2310 1196 2354 genuina
1210 2321 1293 2356 prae
1308 2322 1345 2344 se
1359 2310 1428 2344 fert
1440 2310 1628 2356 imperandi

160 2357 334 2400 symbola.
370 2367 436 2401 quo
462 2356 498 2390 in
515 2355 639 2389 iudicio
666 2355 756 2389 nulla
782 2366 836 2389 me
857 2336 1018 2390 affessztum
1038 2362 1213 2401 protestor
1236 2356 1422 2391 invidentia
1443 2357 1499 2390 vel
1513 2367 1628 2390 amore

159 2402 432 2437 immoderatiori.
479 2405 623 2447 uterque
646 2401 733 2435 enim
756 2401 841 2444 filii,
862 2411 928 2435 uno
951 2401 1101 2435 caritatis
1126 2402 1235 2446 gradu
1258 2402 1394 2444 dilecti,
1418 2402 1629 2456 proindeque

158 2459 224 2482 nec
237 2448 325 2482 alter
346 2447 443 2482 alteri
456 2448 726 2503 praeferendus,
774 2448 990 2493 quamobrem
1014 2447 1208 2492 suffragium
1236 2448 1316 2482 mihi
1330 2448 1442 2493 potius
1457 2459 1560 2493 super
1575 2448 1628 2489 iis,

207 2505 260 2528 am
282 2494 379 2528 vobis
402 2494 485 2550 lpsis
508 2493 777 2528 concredendum
800 2493 945 2528 videtur.
990 2493 1026 2527 id
1041 2505 1125 2527 vero
1142 2493 1307 2528 communi
1323 2494 1461 2527 consilio
1476 2494 1627 2528 studiose

159 2505 408 2593 diligenterque
422 2538 600 2585 ex‘plorare
616 2538 794 2583 convenit,
817 2551 861 2573 ne
877 2540 905 2574 si
920 2539 1044 2574 seniori
1060 2541 1276 2594 praeferatur
1295 2539 1422 2582 minor,
1444 2543 1556 2575 tamen
1583 2539 1626 2573 ad

158 2584 330 2630 imperium
353 2586 615 2640 capessendum,
641 2585 670 2620 si
687 2596 762 2619 cum
776 2585 885 2620 fratre
899 2591 1128 2631 comparetur,
1151 2586 1218 2619 hoc
1231 2585 1339 2619 minus
1355 2585 1629 2631 deprehendatur

159 2630 315 2666 idoneus.
361 2643 473 2686 neque
492 2631 579 2666 enim
594 2636 726 2666 tantum
741 2631 819 2665 mihi
834 2631 898 2666 soli
916 2631 1009 2673 fido,
1037 2643 1111 2665 cum
1130 2630 1243 2665 nescio
1260 2643 1358 2676 quam
1373 2643 1495 2666 verear
1509 2632 1626 2676 singu-

160 2675 266 2711 larem
287 2677 565 2732 propensionem,
588 2689 677 2722 quae
702 2681 741 2711 ut
755 2677 932 2722 plurimum
945 2682 1042 2711 recta
1056 2677 1225 2722 pervertit
1248 2677 1406 2720 consilia,
1429 2677 1494 2712 nisi
1518 2689 1539 2711 a
1553 2677 1628 2732 pari

160 2721 269 2757 altera
286 2723 502 2778 reprimatur.
547 2723 653 2758 vultis
668 2723 771 2768 igitur
786 2724 883 2758 vobis
899 2734 1152 2757 commemorem
1168 2735 1255 2768 quae
1277 2722 1324 2756 illi
1338 2723 1452 2757 insunt
1467 2724 1568 2758 animl
1593 2726 1629 2757 et

162 2768 314 2812 corporis
339 2769 457 2814 dotes,
479 2771 520 2803 ut
542 2769 622 2803 inde
645 2769 847 2806 decernatis.
892 2774 1017 2814 quanta
1039 2769 1084 2803 sit
1102 2769 1192 2803 illius
1208 2769 1399 2814 fortitudo,
1423 2774 1460 2804 et
1474 2769 1508 2803 in
1523 2769 1628 2804 rebus

0 2824 5 2863 ιγ
160 2813 289 2848 bellicis
310 2815 451 2848 audacia
465 2815 617 2849 omnibus
639 2820 695 2850 sat
715 2819 770 2850 est
793 2820 1008 2861 compertum.
1053 2820 1223 2850 testantur
1244 2816 1330 2850 haec
1345 2819 1444 2860 gesta
1468 2815 1510 2849 ad
1525 2815 1624 2848 Neo-

3 2864 5 2866 ’
161 2867 374 2903 caesaream,
398 2860 455 2895 ubi
468 2860 642 2896 inclinatas
657 2861 792 2907 penitus
806 2862 1032 2897 Romanorum
1046 2872 1104 2897 res
1117 2866 1240 2909 suapte
1255 2872 1356 2897 manu
1375 2861 1486 2897 erexit
1500 2865 1533 2895 et
1548 2871 1629 2895 ser-,
