1878 3262
354 206 414 250 IN
439 205 754 250 HISTORIAM
775 205 1001 249 IOANNIS
1024 205 1256 249 CINNAMI
1278 204 1480 248 NOTAE.
1549 203 1646 249 385

185 329 261 368 que
290 315 568 362 Leunclavius,
595 313 696 353 illud
718 319 848 354 tamen
869 315 910 352 in
934 315 1110 353 confesso
1131 327 1212 352 esse
1235 314 1351 353 debet
1366 343 1378 363 ,
1406 327 1488 352 non
1511 319 1647 353 extre-

183 374 257 412 mis
285 372 480 411 duntaxat
506 377 638 409 natam
666 371 823 421 seculis,
853 372 922 408 sed
946 372 1022 410 iam
1045 371 1225 410 Manuele
1243 371 1328 424 ipso
1345 371 1561 422 imperante
1580 371 1646 409 in-

181 428 359 470 valuisse.
417 428 528 479 quod
566 434 724 480 praeter
763 428 995 466 Cinnamum
1029 428 1146 466 docet
1176 428 1268 466 satis
1299 440 1494 479 superque
1521 428 1644 466 [nno-

182 485 334 524 centius
346 485 399 523 111
421 498 523 537 papa
542 484 569 522 l.
585 488 612 527 2
633 484 768 536 Epist„
791 483 886 522 dum
907 484 1103 522 Ioannicio
1126 484 1387 536 Bulgarorum
1410 492 1449 522 et
1474 483 1647 523 Vlacho-

181 555 272 581 rum
294 541 376 593 regi
400 541 449 579 de
467 541 600 593 stirpis
616 541 763 592 origine
784 540 1076 591 quodammodo
1096 541 1363 580 adblanditur.
1401 555 1475 578 nos
1496 548 1645 594 autem,

179 599 329 649 inquit,
358 597 502 636 audito
523 596 633 649 quod
648 596 696 635 de
713 597 841 635 nobili
861 597 975 634 urbis
994 597 1150 634 Romae
1159 599 1356 648 prosapia
1367 599 1648 649 progenitores

181 657 247 692 tui
273 656 470 706 originem
492 655 716 703 traxerint,
745 661 782 692 et
811 661 855 691 tu
886 653 938 691 ab
967 655 1024 691 eie
1047 660 1083 691 et
1102 655 1321 704 Sanguinis
1336 656 1643 705 generositatem

179 714 447 762 contraxeris,
475 718 512 748 et
535 713 714 748 sincerae
735 709 958 748 devotionis·
986 710 1196 762 affictum,
1229 723 1344 761 quem
1370 710 1430 747 ad
1445 711 1643 761 apostoli-

179 782 270 806 cam
289 767 419 805 sedem
435 769 565 818 geris,
596 769 717 818 quasi
743 766 1013 804 haereditario
1038 769 1153 817 iure,
1183 765 1424 817 iampridem
1439 773 1476 803 te
1488 781 1643 819 propo-

179 826 338 862 suimus
362 825 508 862 litteris·
527 830 563 861 et
581 825 739 861 nuntiis
758 825 935 862 visitare.
992 835 1091 873 quae
1114 822 1274 873 quidem
1295 822 1490 873 pontificis
1521 823 1644 863 verba

180 895 261 919 non
282 881 332 919 ad
349 881 467 919 solius
484 880 680 918 duntaxat
697 880 896 925 Ioannicii‚
919 891 1059 918 verum
1080 879 1130 917 ad
1146 878 1267 917 totius
1285 877 1523 917 Vlachorum
1546 892 1643 930 gen-

179 937 231 975 tis
259 937 447 988 originem
470 937 675 975 reserenda
709 936 800 974 alibi
830 936 1047 978 docuimus,
1106 935 1176 974 sed
1205 941 1243 973 et
1276 935 1466 985 Georgius
1488 949 1510 972 a
1532 936 1643 988 Rey-

179 993 383 1031 chersdoff
405 993 700 1045 Transylvanus
725 993 766 1030 in
787 992 1078 1043 Chorographia
1095 991 1316 1031 Moldaviae
1335 998 1501 1030 annotat
1517 992 1643 1030 adsti-

180 1050 310 1101 pulari
333 1049 427 1088 huic
447 1049 621 1101 opinioni
642 1050 865 1087 Romanum
895 1062 1112 1087 sermonem
1125 1081 1136 1099 ,
1164 1049 1232 1099 qui
1253 1048 1384 1087 adhuc
1401 1047 1443 1086 in
1463 1061 1507 1086 ea
1527 1055 1642 1099 gente

178 1106 393 1158 perdurat,
422 1106 513 1144 licet
532 1106 630 1144 adeo
649 1118 699 1144 ex
720 1107 825 1144 omni
848 1112 961 1156 parte
978 1112 1232 1157 corruptum,
1260 1111 1307 1143 ut
1325 1106 1395 1144 vix
1415 1105 1464 1143 ab
1479 1104 1639 1143 homine
1661 1111 1691 1147 P
1715 1114 1783 1150 484

178 1164 356 1201 Romano
377 1163 627 1213 intelligatur.
685 1162 753 1200 sed
776 1163 823 1200 de
839 1162 995 1200 Vlachis
1015 1175 1083 1200 seu
1105 1158 1238 1200 Vlahis
1255 1162 1409 1212 copiose
1429 1167 1469 1199 et
1488 1161 1642 1201 erudite

179 1219 255 1271 egit
275 1219 438 1257 Ioannes
459 1219 601 1256 Lucius
621 1219 723 1257 libro
741 1222 765 1260 6
785 1219 833 1256 de
853 1220 986 1269 Regno
1006 1219 1172 1256 Dalmat.
1187 1224 1227 1255 et
1244 1218 1420 1256 Croatiae
1440 1231 1472 1256 c.
1489 1217 1528 1259 5.

289 1289 327 1327 p.
346 1278 423 1317 261
443 1289 481 1314 v.
506 1280 569 1318 12.
625 1271 828 1327 Ἐρρίκος]
860 1275 1052 1313 Henricus
1071 1279 1327 1326 cognomento
1353 1275 1642 1326 losammergot

177 1331 327 1384 primus
364 1332 544 1369 Austriae
573 1330 658 1369 dux
685 1331 872 1383 Leopoldi
902 1330 1139 1370 marchionis
1165 1330 1292 1380 filius,
1322 1331 1511 1381 Leopoldi
1531 1345 1642 1370 mar-

179 1388 328 1426 chionis
355 1388 478 1425 frater
505 1394 545 1425 et
571 1400 789 1436 successor,
815 1388 954 1438 primis
980 1388 1129 1439 nuptiis
1155 1400 1320 1426 uxorem
1348 1388 1519 1426 duxerat
1535 1388 1642 1427 Ger-

178 1444 338 1483 trudem
354 1443 529 1482 Lotharii
547 1444 642 1494 imp.
660 1444 780 1482 filiam
803 1444 850 1486 A.
877 1446 998 1494 1142,
1029 1450 1074 1482 ut
1094 1449 1152 1482 est
1169 1445 1209 1482 in
1233 1443 1426 1482 Chronica
1452 1444 1641 1494 Australi,

178 1514 256 1551 qua
283 1500 475 1538 exstincta
502 1500 664 1538 alteram
688 1500 759 1538 sibi
782 1500 949 1539 adscivit
974 1501 1176 1552 coniugem
1199 1500 1447 1538 Theodoram
1470 1501 1641 1539 Comne-

177 1571 292 1606 nam,
319 1557 454 1594 Isaacii
483 1557 617 1608 Cyprii
639 1557 800 1607 tyranni
824 1569 1021 1605 sororem,
1051 1558 1110 1595 uti
1139 1556 1262 1595 fusius
1282 1570 1305 1594 a
1324 1557 1436 1595 nobis
1456 1557 1496 1594 in
1517 1563 1640 1596 stem-

176 1620 280 1652 mate
302 1613 536 1652 Comnenico
555 1612 784 1661 indicatum,
814 1620 906 1651 ante
929 1613 976 1652 A.
1002 1615 1124 1660 1156,
1155 1626 1234 1664 quo
1258 1613 1489 1652 Fredericus
1511 1613 1640 1665 impe-

176 1676 286 1710 rator
304 1670 554 1708 Austriacum
575 1669 890 1708 marchionatum
908 1670 1036 1708 erexit
1054 1670 1095 1708 in
1113 1669 1300 1708 ducatum
1312 1699 1323 1718 ,
1353 1669 1461 1720 quod
1479 1683 1527 1707 ex
1547 1672 1640 1709 Ste-

176 1739 274 1764 rone
309 1726 514 1774 discimus,
543 1726 611 1776 qui
641 1725 871 1764 Theodorae
897 1732 1065 1765 mortem
1087 1726 1129 1764 in
1157 1726 1202 1765 A.
1230 1726 1337 1768 1185
1360 1727 1530 1768 coniicit.
1588 1727 1638 1764 de

178 1782 338 1820 Henrici
374 1782 564 1832 legatione
604 1782 742 1831 silent,
771 1782 814 1821 ni
838 1782 975 1831 fallor,
1015 1782 1224 1833 scriptores
1257 1782 1494 1830 Germanici,
1538 1795 1639 1832 quae

175 1838 428 1890 praecessisse
454 1838 614 1876 videtur
642 1838 755 1876 aliam
780 1839 829 1876 ab
854 1839 1027 1877 Henrico
1054 1839 1182 1876 Leone
1212 1839 1405 1876 saxoniae
1426 1838 1527 1876 duce
1549 1839 1638 1876 obi-

177 1902 280 1946 tam,
319 1908 437 1945 quam
463 1907 557 1931 mox
580 1893 791 1932 Cinnamus
819 1901 1122 1943 commemorat,
1161 1895 1192 1932 si
1227 1907 1308 1932 non
1334 1895 1467 1942 annis,
1498 1894 1637 1933 saltem

177 1952 327 2002 aliquot
352 1950 560 1989 mensibus.
618 1950 665 1987 ab
684 1963 727 1987 ea
751 1950 853 1988 enim
874 1951 1060 1989 reducem
1078 1950 1328 1989 Austriacum
1350 1950 1563 2000 colligimus
1587 1964 1638 1989 ex

175 2007 353 2046 Arnoldo
379 2006 590 2044 Lubecensi
608 2006 635 2048 l.
654 2009 680 2048 2
701 2020 734 2044 c.
749 2011 786 2056 3,
809 2021 898 2045 cum
918 2007 1135 2045 Saxonicus
1154 2019 1264 2044 suam
1283 2006 1382 2045 iniit.
1438 2019 1512 2044 nec
1532 2008 1636 2046 enim

175 2078 256 2104 una
287 2064 421 2102 ambos
448 2063 566 2101 duces
585 2062 700 2100 simul
723 2063 871 2114 Cpolim
889 2065 1082 2115 profectos
1098 2062 1303 2114 probabile
1327 2069 1406 2111 est,
1437 2063 1510 2100 etsi
1534 2064 1636 2102 scri-

175 2127 270 2173 ptor
286 2120 392 2158 idem
414 2119 625 2158 orientalis
649 2118 788 2157 ducem
809 2120 988 2158 Austriae
1010 2120 1231 2158 instaurata
1249 2119 1366 2157 classe
1382 2125 1635 2170 prosecutum

178 2178 318 2216 ducem
348 2176 541 2214 Saxoniae
569 2188 692 2225 usque
721 2176 765 2213 in
793 2176 915 2227 ipsam
940 2176 1180 2226 Hungariam
1196 2175 1341 2216 tradat.
1400 2175 1448 2213 de
1463 2176 1636 2215 Henrico

177 2233 408 2272 consulendi
439 2238 641 2284 praeterea
667 2239 808 2270 auctor
831 2233 940 2271 Vitae
968 2234 1007 2272 b.
1029 2233 1193 2270 Mariani
1224 2233 1371 2270 abbatis
1390 2233 1539 2285 Ratisp.
1558 2247 1588 2271 c.
1608 2237 1634 2275 6

178 2303 219 2330 n.
238 2293 312 2338 27,
347 2290 628 2341 CuspinianuS,
657 2288 886 2330 Brunnerus
914 2289 939 2328 l.
970 2293 1022 2332 12
1045 2289 1185 2328 Aunal.
1215 2289 1357 2328 Boicor
1381 2296 1455 2328 etc.
1515 2295 1557 2328 at
1583 2289 1632 2328 de

177 2345 420 2397 Bladigratzo
445 2345 544 2383 nihil
561 2345 768 2383 succurrit.

290 2416 329 2454 p.
347 2405 429 2446 262
450 2416 493 2442 v.
510 2401 551 2443 4.
609 2399 928 2453 ἰσχυριζομένου]
959 2400 1073 2439 Certe
1093 2401 1141 2440 de
1159 2400 1433 2440 transferendo
1451 2400 1491 2438 in
1508 2400 1633 2439 Grae—

179 2471 245 2496 cos
263 2458 517 2511 imperatorio
535 2458 656 2496 titulo
683 2463 798 2508 pacta
820 2457 917 2495 inita
933 2457 1049 2495 fuisse
1072 2458 1269 2509 colligitur
1289 2471 1338 2495 ex
1359 2457 1417 2505 iis,
1438 2470 1536 2506 quae
1556 2456 1632 2494 ha—

178 2514 246 2552 bet
278 2515 504 2554 Gotesridus
535 2513 751 2553 monachus
784 2516 823 2552 S.
853 2514 1078 2554 Pantaleon.
1116 2514 1165 2554 A.
1191 2517 1319 2563 11723
1355 2513 1633 2563 imperatorem

179 2582 317 2623 nempe
339 2571 596 2610 Fredericum
621 2571 662 2608 in
689 2570 797 2608 curia
826 2583 896 2608 seu
925 2575 1127 2608 conventu
1155 2570 1431 2609 Wormatiensi
1461 2583 1633 2621 conque-

178 2634 287 2664 stum
311 2626 359 2666 de
377 2629 466 2665 illis·
480 2630 552 2680 qui
562 2627 756 2679 partibus
757 2627 961 2677 favebant
976 2626 1173 2675 Rolandi,
1204 2625 1316 2678 quod
1331 2640 1520 2664 coronam
1540 2628 1630 2664 Ro-

177 2684 292 2720 mani
321 2685 479 2735 imperii
513 2685 667 2722 Graeco
696 2685 893 2735 imponere
919 2683 1047 2723 vellet.
1102 2683 1196 2723 vide
1219 2683 1353 2722 loann.
1374 2683 1630 2722 Palaeonido-

178 2752 270 2778 rum
289 2738 331 2776 in
346 2740 438 2779 Vita
454 2742 494 2780 S.
510 2741 645 2792 cyrilli
667 2740 895 2778 Carmelitae
918 2754 956 2779 n.
976 2742 1012 2780 1.

291 2807 334 2837 V.
366 2798 430 2838 18.
484 2812 560 2848 την
601 2796 933 2849 Ταυροσκυθίδα]
975 2795 1084 2834 Adeo
1112 2795 1273 2833 confusa
1305 2800 1367 2832 est
1392 2780 1632 2833 Graecorum

179 2865 242 2890 sel
243 2851 418 2902 iptorum
444 2851 486 2890 in
512 2853 791 2892 concinnandis
819 2852 990 2892 historiis
1022 2852 1101 2891 suis
1129 2851 1256 2902 ratio,
1289 2851 1386 2889 dum
1415 2864 1478 2889 res
1509 2855 1633 2900 gestas

230 2912 441 2947 Cinnamus.
1307 2907 1363 2947 25
