1878 3262
224 190 288 236 30
647 186 955 231 NICEPHORI
986 185 1255 243 BRYEmm

222 307 279 355 εἷς
306 299 515 360 Τούρκους
530 298 764 359 μετήνεγκε,
801 303 868 345 καὶ
890 301 963 357 τὴν
983 303 1170 360 Περσίδα
1190 306 1326 347 πᾶσαν
1342 303 1480 356 αὐτοῖς
1499 303 1684 347 καθυπέ-

222 375 353 423 ταξεν.

364 439 439 486 10.
500 438 612 484 Ἀλλ’
638 438 745 483 οὕτω
770 441 842 495 μὲν
861 438 1070 494 Ῥωμαίων
1095 441 1133 483 οἳ
1161 444 1338 498 Τοῦρκοι
1358 438 1562 498 γεγόνασιν
1584 441 1684 496 ὅμο-

221 526 286 567 ροι
322 508 395 564 τὴν
428 510 604 565 Περσῶν
637 509 765 566 ἀρχὴν
787 508 1068 564 κατασχόντες.
1137 509 1354 566 ἀναγκαῖον
1380 511 1422 552 δ’
1447 511 1544 562 ἴσως
1565 514 1685 554 εἷπεῖν

163 584 197 619 D
221 579 298 621 κάκ
326 579 446 628 ποίας
475 576 720 634 ὁρμηθέντες
741 580 871 629 αἷτίας
888 576 1112 632 Ῥωμαίους
1130 582 1316 633 πολεμεῖν
1333 578 1528 636 ἤρξαντο,
1555 582 1716 624 καίτοιό

221 645 396 697 δεδιότες
417 645 611 704 πρότερον
634 647 703 690 τὸν
725 647 827 705 πρὸς
851 647 999 697 αὐτοὺς
1020 645 1194 701 πόλεμον
1216 649 1282 690 καὶ
1301 649 1531 704 φρίττοντες
1547 649 1589 690 ἔκ
1607 647 1685 702 μό-

218 734 291 771 νης
315 720 388 771 τῆς
413 715 553 773 φήμης
572 715 623 757 τὰ
647 720 727 759 τῶν
752 716 1093 773 προηγησαμένων
1115 720 1237 772 τριιῦν
1257 718 1457 770 βασιλέων
1481 716 1686 773 ἀνδραγα-

218 784 414 840 θήματα,
449 789 522 827 τοῦ
548 788 676 827 Φωκᾶ
699 783 939 841 Νικηφόρον
964 786 1069 841 φημὶ
1091 787 1157 826 καὶ
1173 784 1361 827 Ἰωάννου
1384 786 1451 826 καὶ
1473 789 1545 826 τοῦ
1566 787 1687 842 Πορ-

218 851 514 911 φυρογεννήτου
540 856 777 896 Βασιλείου·
804 851 1039 910 ὖπῴπτευον
1061 853 1137 910 γὰρ
1161 853 1216 896 ἔτι
1238 855 1351 910 παρὰ
1368 852 1581 908 Ῥωμαίοις
1602 852 1686 896 σώ-

217 924 361 975 ζεσθαι
384 922 457 977 τὴν
481 923 638 964 ἐκείνων
661 921 806 980 ἀρετήν
828 939 869 964 τε
891 924 957 963 καὶ
979 920 1162 975 δύναμιν.
1230 927 1303 964 τοῦ
1329 924 1684 979 Στραγγολίπιδος,
1698 933 1742 968 10

216 989 273 1041 ὣς
307 989 328 1032 ὃ
364 990 482 1046 λόγος
517 990 692 1046 ἐδήλωσε
703 1024 715 1043 ,
751 991 824 1046 τὴν
853 993 1029 1047 Περσῶν
1056 991 1360 1044 ἄναδυσαμένου
1382 993 1591 1045 βασιλείαν
1618 993 1686 1033 καὶ

215 1058 391 1102 πλούτου
419 1063 572 1101 πολλοῦ
594 1063 661 1102 καὶ
686 1058 998 1116 στρατευμάτων
1032 1060 1248 1116 ἐγκρατοῦς
1282 1060 1493 1115 γενομένου
1529 1061 1596 1101 καὶ
1633 1059 1686 1101 τὰ

217 1131 468 1184 Σαρακηνιῦν
493 1127 839 1179 ταπεινώσαντος,
875 1128 920 1169 οἳ
934 1130 1027 1184 πρὶν
1049 1127 1288 1184 ὃμοροῦντες
1315 1129 1495 1183 Πέρσαις
1518 1130 1585 1170 καὶ
1608 1145 1685 1170 πο·-

97 1205 125 1237 Ρ
149 1204 196 1240 24
219 1201 430 1250 λεμοῦντες
455 1196 556 1252 πρὸς
581 1197 650 1239 τὸν
671 1194 924 1251 Μουχούμετ
938 1229 950 1247 ,
987 1197 1164 1247 σπονδὰς
1193 1197 1295 1253 πρὸς
1322 1196 1521 1251 ἀλλήλους
1544 1195 1685 1239 ποιού-

94 1274 129 1307 V
154 1274 198 1310 14
219 1283 332 1319 μενοι
367 1264 542 1324 πόλεμον
576 1266 769 1320 ἐμελέτων
805 1265 910 1307 κατὰ
941 1267 1128 1320 Περσῶν.
1199 1265 1304 1306 ἀλλὰ
1335 1270 1453 1307 τοῦτο
1486 1266 1684 1322 προγνοὺς
1698 1274 1741 1310 15

218 1336 365 1384 ἐκεῖνος
397 1334 498 1391 πρὸς
528 1336 602 1388 μὲν
633 1332 862 1390 Πισσύριον
891 1333 961 1376 τὸν
994 1336 1243 1387 Βαβυλῶνος
1269 1333 1446 1390 ἄρχοντα
1471 1334 1594 1383 αὐτὸς
1620 1335 1681 1375 δι’

216 1401 364 1445 ἑαυτοῦ
398 1402 672 1460 παρετάξατο,
710 1401 922 1460 διαφόροις
953 1401 1107 1456 μάχαις
1137 1407 1280 1444 τοῦτον
1301 1400 1478 1457 ἡττήσας
1501 1404 1567 1443 καὶ
1592 1403 1685 1445 ἀνε-

214 1472 297 1514 λών
322 1471 459 1528 κύριος
483 1474 549 1514 καὶ
570 1476 641 1526 τῆς
661 1473 936 1526 Βαβυλωνίων
960 1473 1143 1522 ἐξουσίας
1163 1472 1325 1526 ἐγένετο.
1372 1471 1474 1526 ’πρὸς
1502 1472 1545 1513 δὲ
1567 1473 1684 1528 Καρ-

213 1544 342 1595 μεσῆν
371 1541 441 1582 τὸν
465 1545 544 1582 τῶν
561 1539 772 1597 Ἀρράβων
797 1540 971 1596 ἀρχηγὸν
996 1542 1063 1581 καὶ
1089 1542 1380 1593 Κουτλουμοῦν
1401 1540 1589 1592 ἐκπέμπει
1615 1540 1684 1582 τὸν

213 1613 288 1651 τοῦ
320 1611 464 1651 οἰκείου
499 1610 787 1665 πατραδέλφου
823 1607 934 1660 υἱόν,
984 1615 1103 1663 χεῖρα
1132 1612 1302 1664 βαρεῖαν
1333 1608 1445 1664 αὐτῷ
1483 1606 1602 1657 δούς·
1639 1608 1742 1659 3520

212 1677 405 1720 ἀπελθὼν
436 1679 504 1719 καὶ
536 1683 620 1727 τοῖς
647 1674 826 1734 Ἀρράψι
862 1676 1084 1730 συμβαλὼν
1120 1674 1279 1731 ἡττήθη
1315 1693 1356 1718 τε
1391 1678 1460 1717 καὶ
1494 1676 1684 1729 αἴσχιστα

213 1743 373 1804 ἔφυγεν.
442 1745 614 1789 ἐπανιὼν
648 1746 692 1788 δ’
724 1747 877 1788 ἐκεῖθεν
901 1747 969 1787 καὶ
991 1746 1148 1799 μέλλων
1176 1746 1316 1788 διιέναι
1337 1743 1404 1786 διὰ
1429 1748 1501 1799 τῆς
1519 1743 1684 1800 Μήδων

1872 1030 1878 1098 ἒ

1871 1138 1878 1172 i

1871 1173 1878 1278 ἒ

1867 1281 1878 1406 l

1870 1408 1878 1486 ἕ

1871 1490 1878 1529 2³

305 1867 335 1957 (lp
333 1867 382 1956 16.9
387 1862 707 1952 ίρῖιςιοᾷδυσοιμἔνου]
742 1862 1055 1910 ἅναδησαμὲνουί)
1194 1866 1246 1901 17.
1271 1861 1493 1910 διαφόροις]
1515 1863 1578 1900 καὶ
1600 1864 1683 1899 διοι-

218 2026 285 2060 que
302 2026 415 2048 omnes
432 2014 546 2049 Persis
562 2016 696 2059 ereptas
714 2014 963 2060 saracenisque
977 2014 1113 2049 Turcos
1128 2013 1161 2048 in
1177 2024 1257 2050 suos
1272 2013 1443 2048 transtulit
1454 2039 1465 2057 ,
1491 2013 1681 2048 Persidem-

217 2072 284 2106 que
299 2061 398 2106 plane
413 2061 494 2105 ipsis
510 2061 651 2094 subiecit
671 2060 868 2095 universam.

313 2110 365 2142 10.
414 2107 493 2140 Dixi
510 2108 671 2140 hactenus
688 2118 754 2151 quo
771 2118 849 2141 casu
866 2107 898 2140 in
916 2106 1057 2140 Romani
1070 2106 1183 2140 limitis
1200 2105 1355 2140 viciniam
1372 2105 1479 2140 Turci
1502 2114 1682 2151 processe-

217 2152 305 2197 rint,
337 2153 516 2186 Persarum
532 2153 671 2196 regione
687 2153 749 2186 sibi
764 2154 940 2193 subiecta3
970 2164 1035 2186 non
1053 2153 1160 2186 minus
1175 2159 1285 2186 autern
1301 2153 1391 2186 forte
1405 2151 1508 2185 suerit
1523 2159 1682 2184 necessa-

217 2199 304 2233 rium
331 2209 501 2242 exponere
512 2224 520 2239 ‚
553 2210 620 2242 qua
642 2199 781 2243 primuni
807 2199 983 2232 occasione
999 2210 1111 2243 quave
1128 2209 1228 2232 causa
1244 2198 1366 2232 bellum
1380 2198 1504 2231 inferre
1520 2195 1681 2229 Romanis

220 2243 413 2289 coeperint:
445 2243 536 2276 soliti
562 2249 663 2277 antea
688 2244 867 2278 formidare
882 2245 1065 2278 Romanam
1081 2244 1168 2285 vim,
1198 2245 1296 2278 immo
1311 2244 1550 2278 cohorrescere
1568 2241 1612 2274 ad
1627 2242 1682 2274 fa·-

218 2301 304 2324 mam
326 2289 584 2333 memoriamque
601 2290 705 2323 solam
722 2290 819 2323 trium
836 2290 1093 2335 imperatorum,
1124 2290 1166 2323 de
1190 2301 1330 2334 quorum
1345 2288 1548 2323 facinoribus
1565 2287 1682 2320 audie-

214 2342 311 2377 rant,
342 2335 530 2380 Nicephori
553 2335 702 2369 nimirum
721 2337 876 2380 Phocae⁷
908 2336 1044 2371 loannis
1062 2341 1096 2369 et
1110 2335 1393 2381 Porphyrogeniti
1408 2332 1532 2367 Basilii.
1581 2338 1680 2366 autu-

214 2383 352 2416 mabant
377 2381 462 2415 enim
489 2392 711 2426 perseverare
730 2382 838 2415 adhuc
855 2387 890 2415 et
905 2383 1021 2426 vigere
1038 2381 1128 2426 apud
1144 2381 1314 2415 Romanos
1331 2381 1486 2414 virtutem
1504 2382 1540 2411 et
1554 2384 1680 2423 poten-

213 2428 294 2461 tiam
309 2428 459 2461 istorum.
507 2431 684 2471 postquam
700 2427 935 2473 Strangolipes
950 2428 1122 2472 imperium
1134 2453 1143 2467 ‚
1173 2427 1222 2460 uti
1239 2427 1401 2467 diximus,
1431 2425 1576 2469 adeptus
1594 2425 1682 2458 Per-

216 2474 320 2506 sicum
350 2483 519 2518 opumque
547 2473 724 2506 multarum
756 2476 792 2506 et
821 2474 1025 2507 exercituum
1049 2477 1167 2517 potens
1182 2485 1237 2506 res
1254 2473 1494 2505 Saracenorum
1511 2469 1679 2514 depressit
1708 2514 1711 2518 A

212 2519 377 2552 finitimae
397 2521 572 2552 Persarum
588 2523 728 2562 gentes,
761 2518 881 2563 quibus
895 2521 1030 2552 fuerant
1045 2525 1144 2552 antea
1163 2529 1234 2552 cnm
1250 2517 1462 2551 Muchumete
1480 2525 1680 2549 controver-

213 2563 304 2604 siae,
337 2564 518 2597 concordia
537 2565 625 2598 inter
640 2576 676 2598 se
690 2564 774 2598 inita
789 2565 908 2599 belluni
925 2565 958 2598 in
975 2565 1099 2598 Persas
1115 2564 1374 2597 meditabantur.
1420 2562 1454 2595 id
1475 2562 1531 2595 ille
1548 2568 1679 2595 mature

213 2609 363 2643 sentiens
387 2610 574 2653 Pissyrium
598 2610 729 2654 quidem
753 2611 1015 2654 Babyloniorum
1040 2609 1223 2654 principem
1244 2608 1305 2641 sibi
1322 2607 1463 2651 sumpsit
1478 2606 1542 2651 ipsi
1558 2606 1679 2640 debel-

210 2655 356 2690 landum.
403 2667 501 2699 quem
530 2661 566 2688 et
598 2667 801 2699 congressus
815 2657 919 2690 variis
935 2657 1070 2702 proeliis
1085 2655 1170 2688 vicit
1184 2659 1220 2687 et
1235 2654 1275 2686 ad
1297 2660 1478 2687 extremum
1494 2653 1683 2695 interfecit,

211 2700 363 2746 potentia
379 2700 641 2744 Babyloniorum
658 2702 814 2735 universa
830 2713 924 2735 suum
939 2703 972 2735 in
989 2701 1166 2735 dominium
1181 2699 1356 2732 translata.
1404 2699 1565 2733 adversus
1587 2699 1678 2732 ear-

212 2758 325 2780 mesen
347 2757 429 2780 vero
454 2745 571 2780 ducem
597 2748 744 2781 Arabum
770 2748 959 2781 Cutlumum
985 2747 1075 2780 misit
1091 2746 1201 2790 patrui
1218 2745 1267 2778 sui
1284 2745 1386 2779 filium
1410 2756 1484 2779 cum
1500 2755 1598 2778 manu
1614 2754 1677 2778 va-

212 2792 282 2827 lida
293 2818 303 2835 ,
335 2791 391 2837 qui
409 2793 600 2836 profectus,
631 2794 805 2827 commisso
822 2804 895 2826 cum
913 2793 1080 2826 Arabibus
1097 2790 1223 2836 proelio
1241 2790 1353 2824 victus
1371 2790 1560 2836 turpissime
1574 2788 1676 2832 fugit.

211 2838 291 2874 inde
316 2843 493 2875 revertens
516 2839 718 2875 transiturus
743 2851 808 2886 per
831 2838 1012 2874 Medorum
1031 2843 1180 2881 terram,
1208 2836 1362 2883 proxime
1382 2837 1530 2872 Bassum
1547 2835 1677 2876 munire
