1878 3262
601 203 787 248 INDEX
818 203 1176 249 HISTORICUS.

1530 205 1630 252 239

198 312 274 349 xius
296 312 353 356 69,
371 313 427 356 11,
459 313 592 356 7212.
638 315 754 348 eastra
777 312 870 347 Cae-
913 312 1069 347 Urselius
1100 316 1137 348 et
1168 312 1300 348 Caesar
1327 315 1487 349 accurate
1516 316 1632 350 eastra

197 359 283 394 saris
311 363 347 392 et
375 359 503 393 Urselii
533 365 732 405 oppugnant
762 361 818 404 82,
834 359 867 394 5.

197 405 242 440 ab
258 404 376 439 Alexio
393 405 504 439 obiter
518 406 627 450 fugati
641 407 697 448 94,
709 406 762 442 17.
809 417 870 440 eo-

197 462 271 486 rum
298 451 493 486 cautissima
514 452 686 497 pugnandi
705 451 794 486 ratio
810 450 868 494 41,

195 498 232 533 9.
279 509 396 531 eorum
417 498 542 532 auxilia
560 509 659 543 quam
676 501 870 543 opportune

198 543 382 577 adveniant
410 544 529 578 Alexio
561 542 637 586 140,
655 545 688 580 8.
735 544 868 588 Bryen-

198 590 317 623 nianos
348 589 384 623 in
412 590 550 624 insidias
572 590 774 635 pertrahunt
793 590 869 632 140,

199 637 255 670 20.
301 637 422 679 fugant
450 636 687 681 Bryennianos
716 636 796 679 142,
812 635 868 671 17.

199 681 406 725 Bryennium
423 682 560 727 capiunt
578 683 653 722 143,
668 682 704 717 3.

153 727 332 764 Tutachus
370 728 488 762 Turca
519 728 692 763 Urselium
722 727 870 763 vinctum

199 773 322 808 Alexio
338 773 432 808 dedit
446 775 501 817 87,
520 774 576 810 15.

489 853 538 889 U.

153 909 310 945 Urselius
332 910 376 944 ab
397 911 551 945 exercitu
568 910 701 946 recedit
719 921 793 944 cum
810 921 868 944 co-

196 956 262 1002 piis
287 956 429 991 Francis
451 959 508 1000 59,
525 959 558 995 6.
603 957 760 1002 regiones
777 957 869 990 infe-

198 1006 271 1036 stat
286 1003 340 1043 73,
355 1006 385 1039 1.
411 1003 452 1037 ad
468 1014 544 1038 eum
557 1002 869 1051 stipendiariiGalli

199 1052 379 1085 transeunt
392 1049 450 1098 75,
466 1050 501 1086 3.

960 360 1112 394 muniunt
1129 361 1187 402 81,
1207 361 1261 395 17.

914 405 1070 440 Urselius
1083 406 1246 439 liberatus
1262 404 1420 440 civitates
1432 405 1572 441 infestat
1582 406 1635 442 la-

959 451 1114 486 trociniis
1131 454 1189 492 83,
1207 453 1262 488 12.
1307 452 1351 486 ad
1368 451 1515 497 inopiam
1530 452 1635 487 reda-

959 504 1036 532 etus
1066 498 1122 540 85,
1151 499 1209 533 21.
1255 498 1450 532 'rutachum
1480 498 1634 534 Turmm

960 543 1143 578 conciliare
1158 543 1224 578 sibi
1238 544 1364 587 satagit
1379 545 1435 585 86,
1446 545 1479 580 6.
1530 545 1633 579 simn-

958 589 1050 625 latur
1079 595 1282 624 excaecatus
1312 592 1368 632 90,
1398 590 1447 626 14.
1504 590 1634 626 illaesis

961 635 1067 670 oculis
1083 637 1127 670 ab
1135 636 1258 670 Alexio
1270 635 1461 670 ostenditur
1475 637 1634 672 matrueli

959 682 1016 722 92,
1035 683 1089 717 12.
1135 682 1216 716 licet
1240 686 1358 716 arctae
1376 683 1552 717 custodiae
1565 684 1635 718 da-

960 733 1016 762 tus
1043 729 1087 762 ab
1114 728 1234 763 Alexio
1253 728 1487 762 humanissime
1502 734 1634 764 tracta-

959 777 1018 807 tur
1030 775 1087 815 93,
1102 774 1134 808 5.
1176 773 1382 818 logothetam
1400 776 1490 820 capit
1507 780 1542 809 et
1557 787 1633 810 eum

959 819 1166 854 Botaniatae
1179 820 1286 853 tradit
1310 821 1388 861 128,
1406 824 1437 855 1.
1484 820 1632 857 vinctum

961 865 1037 911 quis
1051 866 1173 900 Alexio
1188 866 1322 901 dederit
1336 868 1394 911 87,
1408 867 1464 903 15.

1251 945 1294 980 Ζ.

913 1002 990 1037 zoe
1020 1002 1236 1038 Constantini
1274 1003 1389 1038 fratris
1417 1003 1632 1050 imperatoris

960 1060 1059 1088 soror
1071 1049 1191 1085 Alexio
1206 1050 1397 1085 destinatur
1412 1052 1490 1094 107,
1505 1053 1562 1087 22.
