1878 3262
283 209 376 256 156
759 205 984 249 IOANNIS
1019 205 1248 249 CINNAMI

279 324 402 377 ἀκοῆς
426 320 618 378 κρείσσων
644 319 807 376 ἐγένετο.
875 319 976 377 πρὸς
1001 318 1024 362 ὃ
1047 318 1360 375 καταπλαγέντες
1380 321 1419 363 οἳ
1439 321 1501 363 ἐπὶ
1524 323 1604 363 τῶν
1627 317 1730 378 πύρ-

276 409 356 447 γων
380 389 614 443 νομίσαντές
646 406 688 431 τε
713 388 792 444 ἤδη
818 388 891 443 τὴν
916 387 1030 430 πόλιν
1057 386 1235 440 ἁλῶναι,
1277 388 1371 438 τοὺς
1394 388 1568 446 πύργους
1593 387 1730 430 λιπόν-

276 475 341 507 τες
367 457 445 499 ἀνὰ
470 458 597 512 μέσην
622 457 695 512 τὴν
720 456 835 499 πόλιν
873 456 1063 514 ἐχώρουν.
1132 458 1200 498 καὶ
1227 458 1261 498 εἲ
1284 456 1342 511 μὴ
1367 458 1468 510 ταχὺ
1494 457 1539 499 τὸ
1565 461 1732 513 πρᾶγμα

278 524 516 580 αἰσθόμενοι
549 528 612 567 ἐπὶ
648 530 728 568 τῶν
760 524 960 576 ἐπάλξεων
996 520 1119 574 αὖθις
1146 525 1369 579 ἀνέβησαν,
1403 524 1488 578 ἥλω
1515 525 1563 567 ἂν
1589 525 1734 567 αὐτίκα

229 596 260 631 D
278 593 491 649 Ῥωμαίοις
513 592 540 649 ἦ
566 593 693 645 πόλις.
760 595 801 636 ἔν
826 593 982 644 τούτοις
1006 595 1072 635 καὶ
1095 591 1120 648 ἦ
1145 594 1310 650 δευτέρα
1335 592 1438 634 κατὰ
1460 591 1765 643 Μονοπόλεως5

275 662 388 718 ἔληξε
414 661 634 721 προσβολή.
703 665 986 706 Μονοπολῖται
1024 663 1067 703 δὲ
1094 659 1148 712 ὡς
1173 661 1347 717 ἔγνωσαν
1373 663 1414 702 ἐν
1440 665 1563 718 στενῷ
1587 679 1734 718 περιει-

277 732 470 787 λημμένοι
482 764 495 784 ,
520 730 741 788 γράμματα
767 733 829 773 ἐπὶ
859 732 1093 786 Φλαμίγγον
1127 730 1359 783 πέμψαντες
1383 727 1490 784 ἣκειν
1517 728 1637 771 αὐτὸν
1661 729 1735 783 τὴν

277 802 468 855 ταχίστην
493 800 650 854 ἠξίουν·
686 798 707 841 ὃ
735 801 778 842 δὲ
803 799 988 856 ἕπήγγελε
1007 799 1079 853 μὲν
1100 799 1350 856 παρέσεσθαι
1373 796 1529 847 τούτοις
1548 797 1651 851 μετὰ
1663 814 1734 851 Ιιιι--

281 868 378 926 κρὸν
411 867 681 925 στρατεύματι
726 867 887 926 μεγάλῳ
922 867 1146 922 Ῥωμαίους
1187 867 1369 908 ἓνθένδεν
1417 864 1736 919 ἀπαναστήσων·

282 938 371 987 δέος
411 938 454 979 δὲ
487 937 609 978 αὐτὸν
646 936 758 979 ἔνδον
796 938 946 991 ε’πεῖχε,
984 938 1051 978 καὶ
1090 938 1146 985 εἷς
1173 936 1321 977 δειλίαν
1347 933 1441 991 ὅρον
1467 934 1540 975 οὐκ
1565 933 1735 987 ἔχουσαν
1749 946 1793 980 10

280 1003 415 1047 ἴπιπτε
441 1004 689 1060 λογιζόμενος
714 1007 793 1047 τίσι
818 1012 1004 1059 μαχεῖται
1031 1005 1098 1046 καὶ
1119 1003 1221 1060 πρὸς
1245 1004 1355 1052 τίνας
1379 1002 1489 1059 αὐτῷ
1512 1000 1532 1043 ὃ
1565 999 1738 1054 πόλεμος

279 1071 405 1115 ἔσται.
473 1074 554 1115 ἐπεὶ
582 1075 625 1115 δὲ
649 1072 802 1128 ἑβδόμη
829 1075 870 1124 ἐξ
895 1075 1041 1115 ἐκείνου
1068 1075 1276 1129 παρῆλθεν
1301 1069 1432 1127 ἡμέρα
1458 1072 1525 1112 καὶ
1551 1071 1738 1125 Φλαμίγ-

162 1145 195 1179 V
217 1146 262 1181 71
284 1159 354 1198 γος
379 1140 563 1195 οὖδαμοῦ
589 1143 832 1199 διεφαίνετο,
867 1140 955 1184 τότε
981 1141 1032 1196 δὴ
1058 1144 1340 1184 Movonomwc
1373 1156 1444 1193 την
1469 1138 1566 1180 ὅθεν
1593 1136 1739 1193 δήποτε

162 1214 192 1249 P
215 1215 259 1250 91
285 1208 553 1266 ἀπεγνωκότες
578 1210 808 1267 ἐπικουρίαν
833 1211 1019 1267 πρέσβεις
1044 1211 1085 1259 ἐς
1110 1209 1154 1251 τὸ
1175 1206 1384 1262 Ῥωμαίων
1409 1207 1586 1249 ἔστειλαν
1612 1204 1738 1262 στρά-

278 1296 408 1333 τευμα
434 1279 505 1336 ἐφ’
534 1272 568 1337 ᾧ
592 1278 664 1333 τὴν
689 1277 805 1322 πόλιν
827 1296 868 1321 τε
895 1280 961 1320 καὶ
988 1281 1098 1334 σφᾶς
1134 1276 1281 1325 αὖτοὺς
1304 1279 1468 1330 βασιλεῖ
1486 1276 1738 1331 παραδοῦναι
1752 1285 1794 1320 15

279 1346 454 1405 μεγάλῳ.
523 1346 544 1389 ὃ
571 1345 737 1397 Λούκας
773 1348 815 1389 δὲ
842 1347 1003 1388 ἀπεῖπεν
1040 1345 1176 1394 αὐτοῖς
1207 1343 1265 1398 μὴ
1292 1343 1342 1386 ἂν
1369 1343 1500 1392 ἄλλως
1525 1344 1588 1384 ἐπὶ
1612 1341 1740 1399 ταύτῃ

251 1422 254 1425 ”
278 1420 330 1472 τῇ
356 1414 549 1475 ὁμολογία
574 1415 619 1458 τὸ
643 1415 783 1458 πιστὸν
807 1415 940 1458 αὐτῶν
965 1414 1184 1469 ἐσχηκέναι,
1220 1414 1254 1454 εἷ
1274 1412 1331 1467 μὴ
1355 1413 1421 1454 καὶ
1447 1411 1631 1468 φρουρὰν
1644 1409 1740 1452 ἑαυ-

278 1491 364 1534 τοῖς
389 1486 432 1525 ἐκ
456 1485 655 1538 βασιλέως
681 1482 969 1538 ἐπιστήσεσθαι
995 1482 1291 1531 καταδέξαιντο.
1360 1485 1440 1523 τῶν
1477 1481 1521 1522 δὲ
1546 1481 1613 1521 καὶ
1639 1478 1741 1535 πρὸς

277 1556 398 1594 τοῦτο
425 1550 737 1603 ἐπινευσάντων,
764 1550 909 1608 χρόνος
934 1553 1088 1593 ἐδίδοτο
1115 1554 1165 1605 τῇ
1192 1547 1384 1607 ὁμολογία
1409 1547 1565 1597 τακτός.
1635 1544 1740 1590 ἀλλά

278 1637 382 1670 τινες
407 1624 481 1661 τοῦ
505 1622 803 1662 Μονοπολιτῶν
829 1618 959 1673 δήμου
988 1613 1111 1674 (ἦσαν
1135 1617 1212 1673 γὰρ
1241 1616 1310 1666 οὓς
1337 1617 1408 1657 οὐκ
1434 1615 1574 1672 ἤρεσκε
1601 1615 1652 1657 τὰ
1665 1626 1796 1668 ,ωε-20

278 1686 502 1743 λετώμενα)
538 1686 735 1739 λαθόντες
769 1688 863 1738 τοὺς
896 1687 1044 1736 ἄλλους
1075 1686 1296 1742 Φλαμίγγῳ
1333 1686 1436 1738 δῆλα
1463 1688 1591 1726 ταῦτα
1616 1684 1746 1732 καθίε

280 1773 401 1799 στων.
470 1758 537 1799 καὶ
574 1755 619 1806 ὃς
653 1757 754 1813 πρὸς
787 1756 861 1810 τὴν
897 1755 1021 1810 ἀκοὴν
1047 1754 1313 1810 ἐκταραχθεὶς
1337 1750 1648 1808 καταφράκτους
1673 1751 1742 1792 ἶπ-

281 1825 381 1875 πέας
415 1828 497 1867 τῶν
529 1826 619 1882 περὶ
653 1824 775 1867 αὐτὸν
801 1822 1094 1877 ἀπολεξάμενος
1126 1826 1207 1864 τῶν
1233 1819 1374 1863 ἑκατὸν
1399 1821 1472 1862 οὐκ
1498 1820 1742 1869 ἀποδέοντας

282 1892 433 1944 αὐτοὺς
456 1893 532 1948 μὲν
556 1894 597 1936 ἐν
622 1897 681 1952 τῷ
705 1894 934 1951 παραυτίκα
959 1891 1151 1943 ἔστελλεν,
1185 1888 1208 1932 ὃ
1234 1890 1278 1933 δὲ
1296 1887 1463 1933 κατόπιν
1484 1888 1603 1947 ὀλίγῳ
1622 1886 1742 1930 {Jove-

285 2068 432 2111 clamor,
454 2070 636 2113 tantusque
661 2068 816 2113 plausus,
846 2070 883 2102 ut
910 2067 991 2101 nihil
1015 2066 1193 2113 quicquam
1218 2065 1370 2100 exaudiri
1383 2068 1508 2110 posset.
1554 2063 1644 2098 unde
1659 2075 1740 2098 oon-

284 2114 395 2148 territi
410 2114 468 2158 qui
482 2115 516 2147 in
531 2114 679 2148 turribus
698 2115 833 2148 stabant
848 2113 1029 2159 oppidani,
1054 2117 1187 2159 captam
1209 2112 1273 2145 iam
1289 2113 1405 2146 urbem
1420 2112 1502 2156 rati,
1526 2109 1652 2144 relictis
1667 2115 1741 2143 tur-

282 2159 377 2194 ribus
400 2159 482 2204 ipsis
506 2161 542 2192 in
567 2160 708 2193 mediam
734 2161 852 2194 urbem
880 2159 1102 2203 confugiunt=
1136 2162 1172 2191 et
1189 2158 1224 2191 ni
1239 2158 1393 2190 continuo
1409 2169 1448 2190 re
1463 2156 1594 2200 cognita
1607 2155 1642 2188 in
1657 2166 1740 2200 pro-

284 2205 476 2250 pugnacula
491 2216 621 2238 rursum
636 2216 711 2238 sese
727 2206 936 2250 recepissent
946 2233 956 2250 ‚
979 2206 1061 2238 urbs
1078 2216 1099 2238 a
1114 2203 1274 2238 Romanis
1291 2203 1380 2236 illico
1395 2202 1516 2236 fuisset
1530 2205 1641 2245 capta.
1689 2200 1741 2234 sic

285 2256 357 2284 tum
379 2250 490 2284 altera
511 2250 544 2283 in
566 2250 775 2295 Monopolim
791 2251 891 2284 desiit
916 2250 1136 2295 oppugnatio.
1183 2248 1341 2294 oppidani
1355 2259 1436 2282 vero
1454 2247 1512 2280 ubi
1525 2258 1562 2279 se
1577 2246 1742 2289 angustiis

285 2296 432 2340 undique
448 2295 552 2340 premi
575 2295 711 2339 vident,
735 2307 796 2340 per
821 2296 936 2329 literas
952 2296 1161 2340 Flainingum
1177 2294 1305 2328 enixius
1328 2297 1469 2337 rogant,
1491 2296 1530 2325 ut
1544 2292 1742 2336 quantocius

288 2353 363 2376 cum
378 2341 502 2375 auxilio
518 2342 706 2375 accederet.
754 2341 811 2374 ille
836 2342 933 2374 brevi
959 2353 996 2375 se
1013 2342 1204 2375 adfuturum
1221 2350 1294 2373 cum
1310 2349 1430 2382 magno
1447 2337 1598 2371 exercitu
1615 2337 1742 2370 Roma-

284 2398 416 2432 nosque
441 2386 520 2421 inde
541 2387 755 2432 depulsurum
778 2387 958 2419 renuntiat.
1011 2387 1071 2420 sed
1094 2387 1180 2420 enim
1202 2396 1333 2419 rursum
1353 2383 1474 2417 invasit
1496 2383 1638 2416 animum
1653 2382 1742 2416 illius

285 2438 394 2467 metus
409 2443 586 2478 pavorque
607 2432 804 2474 immensus,
828 2443 900 2465 cum
916 2432 1044 2465 subiret
1057 2431 1217 2476 cogitatio
1230 2457 1241 2474 ,
1262 2430 1454 2475 quibuscum
1477 2433 1666 2462 certaturus
1685 2439 1742 2462 es-

285 2483 339 2512 set
352 2505 362 2522 ,
387 2490 429 2512 ac
444 2482 562 2512 contra
585 2489 670 2523 quos
692 2478 755 2512 sibi
780 2478 903 2511 bellum
920 2478 1021 2512 foret.
1069 2478 1126 2511 ubi
1144 2487 1227 2511 vero
1243 2475 1402 2521 septimus
1416 2474 1493 2508 inde
1509 2474 1643 2507 effluxit
1657 2473 1741 2519 dies,

287 2528 324 2557 et
338 2535 498 2569 nusquam
516 2529 716 2569 conspectus
733 2527 786 2557 est
800 2523 992 2567 Flainingus
1004 2549 1014 2564 ‚
1038 2522 1218 2568 desperato
1235 2523 1394 2555 hactenus
1409 2519 1533 2553 auxilio
1544 2546 1554 2561 ‚
1576 2519 1611 2552 in
1628 2524 1742 2553 castra

286 2569 440 2603 Romana
454 2569 576 2603 misere
592 2571 723 2614 legatos
738 2569 992 2614 Monopolitani,
1005 2573 1043 2602 ut
1058 2573 1093 2602 et
1108 2568 1277 2601 civitatem
1293 2571 1327 2600 et
1340 2577 1378 2599 se
1390 2565 1482 2610 ipsos
1499 2576 1618 2608 magno
1635 2565 1742 2598 dede-

285 2619 365 2649 rent
387 2614 592 2660 imperatori.
639 2615 752 2649 Ducas
769 2620 881 2649 autem
897 2614 1035 2659 negavit
1057 2614 1155 2647 aliter
1171 2624 1208 2646 se
1222 2613 1321 2647 fidem
1338 2622 1450 2645 eorum
1468 2610 1629 2644 deditioni
1644 2610 1742 2644 habi-

287 2664 399 2694 turum
412 2685 422 2701 ‚
447 2660 514 2693 nisi
546 2661 748 2705 praesidium
773 2660 986 2706 imperatoris
1002 2660 1135 2693 nomine
1155 2659 1219 2692 sibi
1234 2657 1357 2704 imponi
1371 2657 1529 2691 sinerent.
1578 2656 1627 2690 bis
1640 2655 1683 2689 ad
1699 2666 1742 2690 ea.

288 2705 528 2746 annuentibus,
552 2706 699 2751 pactioni
725 2706 898 2740 faciendae
913 2705 985 2739 dies
1007 2711 1060 2738 est
1080 2704 1290 2750 praefinitus.
1335 2714 1454 2736 verum
1483 2715 1502 2736 e
1525 2701 1742 2748 popularibus

289 2750 552 2796 Monopolitanis
580 2751 746 2790 nonnulli,
771 2752 892 2796 quibus
914 2762 1001 2794 quae
1027 2751 1212 2794 agebantur
1226 2748 1314 2783 haud
1339 2748 1534 2793 placebant,
1557 2747 1669 2782 insciis
1683 2757 1741 2780 ce-

291 2796 375 2832 teris
398 2807 468 2832 rem
494 2807 622 2830 omnem
639 2796 812 2840 Flamingo
829 2795 1026 2841 significant.
1073 2807 1139 2839 quo
1162 2795 1218 2828 ille
1233 2793 1347 2828 nuntio
1364 2799 1617 2834 consternatus,
1645 2791 1741 2826 dele-

295 2847 370 2878 ctos
392 2854 412 2879 e
434 2843 502 2879 suis
518 2847 650 2878 centum
665 2843 901 2888 cataphractos
928 2841 1058 2888 equites
1072 2841 1229 2876 continuo
1245 2839 1288 2875 ad
1303 2850 1362 2874 eos
1378 2839 1498 2884 mittit,
1519 2850 1624 2885 seque
1637 2836 1740 2884 paulo
