1878 3262
669 195 1062 242 HISTORIARUM
1093 198 1140 241 L.
1157 197 1235 242 VI.
1583 196 1686 242 '287

236 313 350 370 σφίσι
372 312 474 370 ῥῆγα
492 316 743 370 πεμφθῆναι.
813 313 879 356 ἐπ’
907 312 1031 355 αὐτὸν
1049 313 1126 370 γὰρ
1137 345 1150 365 ,
1185 309 1394 370 Στεφάνου
1417 306 1690 366 τετελευτηκό-

234 398 327 432 τος,
362 379 384 422 ὃ
413 381 486 422 τοῦ
513 384 667 423 δικαίου
695 382 852 435 θεσμὸς
881 380 1055 435 ἐῇθλεπεν,
1124 379 1310 437 ε’τίγχανε
1343 382 1386 422 δὲ
1417 379 1438 422 ὃ
1468 383 1602 429 Βελᾶς
1633 381 1689 429 εἰς

236 449 421 506 γαμβρὸν
450 453 507 506 τῷ
526 455 690 505 βασιλεῖ
712 449 951 507 ἅφορισθεὶς
967 448 1181 505 πρότερον,
1217 448 1272 501 ὡς
1292 452 1333 492 ἐν
1353 456 1437 499 τοῖς
1459 449 1686 505 ἔμπροσθέν
1707 450 1740 485 D

236 535 307 571 μοι
335 517 503 574 ἐρρήθη.
570 517 694 573 νόμου
719 520 762 560 δὲ
783 519 1004 573 ξυγγενειάς
1026 518 1211 571 ἐμποδῶν
1235 519 1346 575 αὐτῷ
1365 516 1591 573 γεγονότος,
1618 516 1690 571 τὴν

200 595 226 630 -5
238 586 478 642 Αὖγούστης
513 586 653 642 ἴγημεν
684 585 875 643 ἀδελφήν.
943 593 1089 642 καῒσαρ
1127 587 1169 628 δὲ
1199 587 1266 628 διὰ
1300 590 1417 628 τοῦτο
1441 586 1688 642 ἀναρρηθεὶς

235 654 431 709 ἀξιώματι
452 660 531 697 τῶν
553 657 593 697 ἐν
602 657 807 712 Βυζαντίῳ
829 653 1011 709 τηνικάδε
1029 656 1275 710 ἓκρατίστευε
1297 653 1554 709 μεγιστάνων.
1587 653 1690 711 ῥῆγα

233 726 367 765 τοίνυν
389 724 510 765 αὐτὸν
533 724 702 765 ἀνειπὼν
723 725 785 765 ε’πὶ
813 724 1006 778 Οὗννικῆς
1025 723 1098 765 σὺν
1117 727 1167 780 τῇ
1183 726 1337 778 γυναικὶ
1360 723 1536 777 ἔπεμψεν
1556 722 1691 779 ὅρκοις

231 791 420 848 τηρήσειν
444 791 772 847 ἐπαγγειλάμενον
794 790 870 833 ὅσα
894 796 1059 845 βασιλεῖ
1077 794 1142 833 καὶ
1164 790 1376 844 Ῥωμαίοις
1402 793 1596 832 συνοίσειν
1617 794 1690 832 τοῦ

234 861 383 910 παντὸς
405 860 567 914 ἔμελλον
588 863 744 910 αἰῶνος.
808 863 961 903 εἵποντο
986 861 1028 902 δὲ
1051 860 1161 916 αὐτῷ’
1183 861 1224 901 ἐκ
1247 860 1445 913 βασιλέως
1466 860 1503 900 οῖ
1529 860 1590 899 ἐπὶ
1617 858 1690 912 τὴν

181 937 225 971 10
236 929 362 985 ἀρχὴν
382 927 618 979 κατάξοντες
631 928 816 983 Ἰωάννης
837 947 878 971 τε
901 927 921 970 ὃ
942 930 1275 985 πρωτοσι-’βαστος
1297 930 1362 969 καὶ
1384 931 1463 969 τῶν
1484 928 1546 968 ἐπὶ
1570 925 1689 980 δόξης

234 997 362 1039 ἄλλοι.
443 996 464 1039 ὃ
491 998 534 1039 δὲ
551 998 742 1051 βασιλεὺς
762 998 896 1051 ἐπειδὴ
919 1000 1053 1039 Βελᾶν
1074 998 1135 1039 ἐπὶ
1159 1002 1231 1051 τῆς
1254 997 1380 1051 ἀρχῆς
1402 994 1687 1049 κατεστήσατο,
1711 1000 1740 1034 Ρ
1768 1001 1833 1035 168

234 1067 297 1108 ἐπὶ
323 1066 367 1107 τὸ
398 1068 577 1122 Σερβίων
605 1065 794 1122 ἐτράπετο
829 1066 969 1117 ἔθνος,
1006 1067 1248 1119 ἀμυνεῖσθαι
1272 1070 1344 1120 τῆς
1366 1063 1517 1123 τόλμης
1541 1063 1690 1114 αὐτοὺς

233 1133 580 1191 προθυμούμενος.
649 1135 743 1176 ἀλλ’
772 1134 867 1191 ὅπερ
896 1133 1121 1188 θαυμάζειν
1141 1134 1199 1176 ἀεὶ
1220 1134 1296 1188 ἔχω
1310 1166 1321 1183 ,
1359 1132 1469 1174 cvl-'mo
1493 1132 1538 1174 τὸ
1560 1130 1687 1188 στρά-

233 1220 359 1256 τευμα
389 1202 584 1257 ἤθροιστο
621 1207 725 1254 πᾶν,
766 1205 832 1244 καὶ
863 1204 1054 1257 βασιλεὺς
1087 1201 1262 1256 χιλιάσιν
1290 1203 1441 1257 ὀλίγαις
1471 1199 1540 1242 διά
1565 1218 1683 1242 τινων
1706 1206 1740 1241 V
1767 1207 1829 1242 131

181 1272 413 1328 15ἕρυμνιῦν
449 1273 515 1312 καὶ
549 1270 815 1327 ἀποκρήμνων
842 1273 1003 1328 χωρίων
1032 1270 1239 1320 εἶσελάσας
1272 1272 1334 1312 ἐπὶ
1363 1271 1434 1325 τὴν
1462 1269 1602 1326 χώραν
1627 1272 1686 1327 τῷ

232 1338 508 1397 ἀρχιζουπάνῳ
530 1341 737 1393 συμμίξειν
761 1340 951 1396 ἠπείγετο.
1022 1338 1042 1381 ὃ
1079 1341 1122 1381 δὲ
1154 1341 1280 1381 καίτοι
1310 1341 1459 1395 μυριάν
1482 1336 1686 1391 πανταχό-

232 1412 307 1450 θεν
336 1406 467 1465 ἒαυτῷ
488 1415 605 1465 χεῖρα
635 1407 933 1463 συστησάμενος
954 1407 1165 1462 σύμμαχον
1187 1408 1324 1465 ἔφευγε
1348 1408 1421 1461 μὲν
1446 1406 1491 1449 τὸ
1511 1411 1683 1463 πρῶτον,

233 1474 288 1526 ὡς
311 1477 354 1518 δὲ
377 1477 421 1518 τὸ
444 1477 532 1526 δέος
555 1476 680 1518 αὐτοῦ
703 1477 775 1531 τὴν
797 1477 935 1531 ψυχὴν
957 1476 1174 1533 ἐπολιόρκει
1187 1509 1200 1528 ,
1241 1478 1427 1531 πρέσβεις
1451 1477 1491 1525 ἐς
1511 1475 1683 1528 βασιλέα

232 1546 398 1598 πέμψας
430 1549 563 1587 κακῶν
598 1545 818 1599 ἀμνηστίας
852 1547 975 1587 ἐδέΐτο
1009 1552 1152 1599 τυχεῖν.
1220 1547 1373 1586 πείθειν
1398 1544 1441 1585 δ”
1472 1544 1543 1585 οὐκ
1566 1543 1681 1597 ἔχων,

176 1613 337 1660 mcum
368 1618 439 1668 τῆς
471 1614 512 1663 ἒς
543 1613 664 1655 αὐτὸν
688 1614 816 1670 ᾐτεῖτο
840 1613 1021 1671 παρόδου
1047 1615 1144 1663 τέως
1169 1611 1379 1655 ἀκινδύνου
1401 1618 1544 1666 τυχεῖν.
1611 1606 1681 1666 ἧκε

231 1676 363 1724 τοίνυν
389 1682 588 1735 βασιλέως
619 1681 918 1734 ἐπινεύσαντος,
954 1685 1021 1724 καὶ
1051 1681 1171 1738 εἰσῄει
1197 1682 1307 1738 παρὰ
1330 1680 1374 1723 τὸ
1399 1685 1540 1735 βῆμα,
1577 1680 1679 1722 ἅκα-
1701 1682 1733 1718 Β

232 1749 364 1806 λυφής
385 1767 425 1791 τε
450 1751 627 1806 κεφαλὴν
652 1753 717 1792 καὶ
739 1759 880 1807 χεῖρας
906 1754 960 1801 εἰς
982 1752 1141 1807 ἀγκῶνα
1161 1748 1451 1806 γυμνούμενος,
1487 1747 1685 1790 ἅνυπόδε-

231 1835 301 1868 τος
321 1819 393 1871 μὲν
415 1817 567 1870 πόδας,
606 1826 763 1872 σχοῖνος
789 1821 834 1861 δέ
857 1820 895 1861 οἶ
920 1825 992 1861 τοῦ
1020 1818 1222 1876 τραχήλου
1258 1820 1427 1873 ἐξῆπτο,
1470 1819 1536 1859 καὶ
1569 1819 1685 1873 ξίφος

233 1888 448 1943 κεχείριστο
461 1919 475 1938 ,
513 1886 589 1942 ὅπη
618 1886 804 1941 βούλοιτο
830 1893 1014 1945 χρῆσθαι
1045 1891 1210 1942 βασιλεῖ
1237 1885 1379 1928 ἑαυτὸν
1404 1883 1686 1942 παρεχόμενος.

233 2017 414 2059 defuncto,
450 2016 494 2050 ad
511 2027 584 2050 eum
598 2015 695 2060 regni
710 2016 760 2050 ius
775 2017 963 2062 spectabat.
1011 2018 1159 2049 ceterum
1174 2015 1259 2049 Bela
1273 2015 1339 2050 iste
1353 2015 1386 2049 in
1403 2027 1563 2060 generum
1577 2015 1685 2061 impe-

231 2062 357 2097 ratoris
378 2062 483 2107 primo
511 2062 679 2105 delectus,
704 2063 974 2107 queamdmodum
996 2061 1028 2094 in
1056 2061 1286 2106 superioribus
1307 2072 1327 2095 a
1349 2073 1400 2095 me
1425 2068 1595 2096 narratum
1619 2068 1684 2105 est,

232 2112 354 2154 postea
370 2108 579 2152 cognationis
595 2108 672 2153 lege
687 2109 842 2142 obstante
857 2119 1005 2142 sororem
1022 2109 1196 2150 Augustae
1211 2107 1368 2150 duxerat,
1393 2107 1540 2153 ideoque
1555 2108 1685 2142 Caesar

231 2156 347 2188 fuerat
370 2155 598 2195 renuntiatus,
623 2154 717 2188 istius
741 2154 913 2198 dignitatis
934 2153 1173 2198 praerogativa
1196 2153 1316 2186 ceteris
1343 2154 1516 2198 praelatus
1539 2154 1573 2187 in
1599 2155 1684 2189 urbe

232 2200 422 2245 Byzantina
437 2201 641 2246 proceribus.
690 2211 805 2244 regem
826 2199 931 2244 igitur
950 2199 1042 2232 illum
1063 2198 1256 2232 renuntians
1277 2210 1350 2232 cum
1366 2200 1522 2233 uxorein
1538 2200 1683 2244 Hungu-

232 2246 316 2287 riam
341 2247 446 2288 misit,
486 2257 559 2280 cum
584 2245 796 2280 iureiurando
818 2245 910 2291 prius
932 2256 1005 2278 eum
1028 2244 1281 2287 obstrinxisset,
1311 2256 1399 2290 quae
1425 2245 1621 2291 imperatori
1647 2248 1684 2280 et

232 2292 390 2326 Romanis
405 2293 580 2338 profutura
597 2298 726 2335 essent,
750 2303 812 2337 per
827 2303 956 2326 omnem
971 2302 1009 2324 se
1023 2290 1126 2324 vitam
1141 2295 1361 2325 servaturum.
1406 2291 1498 2325 illum
1521 2303 1605 2324 vero
1621 2303 1682 2324 co-

233 2338 450 2380 mitabantur,
474 2349 495 2372 a
511 2338 637 2383 quibus
646 2338 680 2371 in
696 2349 834 2382 regnum
849 2337 1072 2371 deduceretur
1084 2363 1094 2379 ,
1109 2337 1259 2370 >Ioannes
1277 2338 1533 2381 protosebastus
1555 2337 1681 2381 aliique

232 2383 380 2417 illustres
393 2384 468 2418 viri.
515 2384 698 2429 imperator
713 2384 839 2428 itaque,
863 2383 946 2416 Bela
960 2382 993 2415 in
1009 2382 1197 2428 principatu
1214 2383 1408 2426 constituto,
1430 2383 1465 2416 in
1481 2383 1679 2417 Serv-iorum

234 2434 367 2474 gentem
381 2429 447 2463 iter
460 2429 604 2464 instituit
617 2456 627 2472 ,
651 2441 717 2475 quo
735 2440 848 2463 corum
864 2429 1082 2462 ulcisceretur
1097 2428 1278 2462 audaciam.
1326 2429 1386 2462 sed
1400 2455 1410 2471 ‚
1435 2428 1526 2473 quod
1546 2439 1680 2473 semper

234 2475 347 2509 mirari
361 2475 472 2518 soleo,
495 2476 639 2509 nondum
662 2476 836 2509 universus
858 2479 1062 2509 convenerat
1077 2474 1260 2516 exercitus,
1285 2485 1358 2507 cum
1384 2473 1540 2519 princeps
1564 2474 1680 2519 paucis

233 2521 411 2567 assumptis
436 2521 576 2555 millibus
598 2533 660 2566 per
684 2521 758 2555 loca
780 2521 944 2565 quaedam
970 2525 1154 2565 praerupta
1175 2525 1210 2553 et
1230 2520 1432 2563 confragosa.
1451 2519 1487 2553 in
1508 2520 1680 2564 regionem

237 2577 349 2600 eorum
370 2567 557 2613 irrumpens
579 2578 650 2602 cum
667 2567 900 2612 Archizupano
921 2566 1080 2612 praelium
1103 2577 1277 2599 conserere
1294 2566 1502 2610 properavit.
1549 2565 1609 2599 sed
1623 2565 1681 2599 ille

234 2611 379 2646 infinitas
401 2613 481 2647 licet
503 2613 667 2648 sociorum
693 2613 806 2658 copias
831 2615 1076 2658 comparasset,
1100 2611 1206 2656 primo
1228 2611 1359 2655 quidem
1376 2612 1482 2656 fugit:
1507 2611 1626 2646 deinde
1643 2616 1681 2645 ut

235 2656 378 2691 animum
401 2658 488 2693 illius
513 2659 693 2705 occupavit
720 2670 845 2704 pavor,
877 2658 985 2692 missis
1009 2657 1052 2690 ad
1076 2656 1310 2702 imperatorem
1337 2657 1458 2701 legatis
1485 2657 1681 2691 delictorum

235 2703 366 2736 veniam
383 2703 447 2737 sibi
462 2705 536 2738 dari
552 2705 720 2750 poposcit.
768 2705 825 2738 ubi
841 2704 922 2738 nihil
936 2702 1098 2745 obtinuit,
1125 2707 1218 2737 certe
1231 2707 1269 2736 ut
1284 2703 1348 2737 sibi
1363 2704 1458 2738 salvo
1475 2708 1510 2736 et
1525 2702 1681 2736 incolumi

235 2748 279 2781 ad
304 2747 484 2794 principem
509 2754 672 2785 accedere
691 2751 810 2785 liceret
831 2751 939 2796 petiit.
985 2749 1079 2782 venit
1103 2748 1207 2793 igitur
1227 2754 1394 2783 annuente
1414 2749 1614 2794 imperatore
1637 2748 1681 2781 ad

235 2793 323 2827 illius
338 2794 483 2828 tribunal
498 2796 610 2841 eapite
628 2801 760 2843 aperto,
785 2797 920 2830 nudatis
934 2807 1040 2841 usquc
1056 2794 1096 2828 ad
1113 2795 1260 2829 cubitum
1275 2796 1441 2838 manibus,
1466 2795 1681 2840 pedibusque

235 2839 348 2874 nudis:
373 2838 582 2886 dependebat
595 2853 699 2888 porro
714 2854 735 2879 a
750 2842 884 2878 cervice
898 2843 1008 2887 funis,
1032 2852 1195 2887 manuque
1215 2842 1362 2887 gladium
1371 2842 1511 2876 *serebat
1557 2839 1683 2874 dedens
