1878 3262
233 201 330 247 330
677 199 883 243 CAROLI
900 198 996 243 «DU
1029 200 1243 244 FRESNE

341 325 381 363 p.
403 313 458 354 82
475 322 515 350 v,
539 312 602 352 12.
660 309 738 351 εἴτε
763 309 832 351 καὶ
856 307 1002 362 φύσει]
1033 311 1153 348 Gesta
1170 310 1270 350 Lud.
1290 312 1360 352 vn
1381 327 1415 352 c.
1435 316 1462 356 9
1487 311 1536 352 de
1554 312 1693 352 eodem

229 379 338 418 rege:
367 374 455 404 erat
470 367 536 406 vir
551 367 799 405 naturaliter
810 369 973 418 patiens
993 374 1030 404 et
1044 367 1264 419 benignus.-
1282 369 1371 407 Odo
1385 370 1434 408 de
1445 370 1592 422 Diogilo
1609 370 1635 408 l.
1647 372 1693 410 3:

229 437 297 461 rex
315 424 587 475 Francorum,
629 425 696 461 cui
723 438 873 476 semper
899 438 984 461 mos
997 423 1093 475 suit
1112 425 1266 475 regiam
1287 427 1531 465 maiestatem
1552 427 1693 465 humi-

86 480 116 515 P
139 480 206 516 442
229 481 346 518 litate
362 478 538 518 condire.
596 480 806 519 Gervasius
827 480 1113 519 Tilleberiensis
1140 481 1188 519 de
1206 481 1307 519 Otiis
1333 482 1526 534 Imperial.
1549 497 1621 522 ms.
1643 479 1693 521 de

228 536 433 576 Ludovico
448 536 540 575 VH:
577 539 648 574 cui
667 540 859 575 successit
875 537 1118 576 Ludovicus
1129 539 1367 590 piissimus,
1404 547 1564 578 amator
1582 540 1691 589 cleri,

230 608 281 631 ac
297 595 415 632 verus
438 592 505 631 dei
521 594 665 643 cultor,
696 596 771 647 qui
789 609 817 632 a
833 595 977 632 multis
998 593 1195 646 deceptus,
1225 595 1464 646 nullumque
1481 595 1691 648 decipiat-3,

228 651 273 688 in
301 658 446 689 sancta
470 651 736 702 simplicitate
762 653 955 690 transivit
988 650 1047 688 ad
1071 651 1300 701 dominum,
1340 653 1479 690 relicto
1498 653 1691 704 Philippo

216 707 339 758 filio,
369 708 444 760 qui
460 714 708 759 postponens
733 716 951 760 paternam
980 709 1299 759 simplicitatem,
1336 711 1507 747 materni
1535 711 1692 760 generis

227 766 411 802 astutias
428 762 549 801 duxit
566 766 608 802 in
629 779 764 804 usum.
820 765 1013 803 Ludovici
1031 764 1275 818 epitaphium
1294 779 1317 803 a
1332 765 1532 818 Stephano
1552 766 1694 804 abbate

229 821 268 859 S.
288 821 513 862 Genovefae
533 820 758 860 Parisiensis
774 827 1002 860 exaratum:

448 885 650 930 quantum
666 880 851 930 coniugii
862 879 1051 930 permisit
1072 878 1242 930 copula,
1272 885 1435 931 castus,

504 942 705 986 quantum
730 937 916 973 iustitiae
935 935 1079 986 regula
1091 964 1101 983 ,
1134 937 1247 972 mitis
1266 942 1363 985 erat.

337 1002 378 1031 v.
399 988 467 1032 14.
523 992 708 1039 πλείονος
731 987 774 1033 δ’
797 987 895 1042 οὖν]
929 992 1024 1029 Fuit
1047 1004 1138 1030 sane
1159 991 1406 1031 Ludovicum
1421 989 1527 1028 inter
1547 995 1586 1027 et
1604 989 1693 1028 Ma-

225 1045 384 1084 nu'elem
410 1046 537 1085 multa
568 1047 751 1100 deinceps
781 1049 1003 1086 animorum
1039 1049 1263 1098 consensio,
1317 1049 1429 1086 cuius
1461 1051 1694 1098 argumenta

225 1108 321 1139 sunt
353 1103 487 1140 variae
517 1103 625 1141 ultro
652 1105 831 1155 citroque
861 1105 999 1143 missae
1021 1104 1255 1155 legationes,
1297 1105 1346 1142 de
1374 1103 1516 1156 quibus
1549 1108 1643 1140 tom.
1664 1102 1692 1143 4

225 1157 329 1195 Hist.
349 1158 491 1198 Franc.
509 1173 549 1211 p.
572 1161 654 1202 655
675 1161 757 1202 656
779 1163 861 1203 687
882 1164 963 1204 691
993 1163 1076 1203 692
1095 1163 1175 1202 697
1197 1163 1279 1202 698
1299 1167 1340 1198 et
1360 1163 1464 1209 7193
1489 1165 1694 1211 praeterea

224 1214 347 1253 initae
368 1214 516 1266 Alexii,
545 1216 738 1255 Manuelis
758 1217 829 1255 filii
842 1246 853 1265 ,
886 1231 977 1255 cum
998 1217 1146 1267 Agnete
1168 1216 1357 1259 Ludovici
1375 1216 1456 1254 filia
1475 1216 1650 1266 nuptiae.

338 1284 379 1310 V·
411 1273 476 1315 15.
534 1273 718 1326 πρέσβεις
747 1273 787 1321 ἐς
816 1272 979 1326 βασιλέα
1007 1272 1198 1324 πέμψας]
1249 1273 1357 1311 Missi
1388 1272 1468 1310 hoc
1499 1271 1692 1323 temporis

223 1334 427 1366 momento
459 1343 483 1366 a
509 1330 711 1369 Ludovico
740 1330 856 1381 legati
886 1329 1266 1381 Constantinopolim
1296 1329 1452 1367 Aluisus
1487 1328 1693 1379 episcopus

223 1383 513 1433 Atrebatensis,
541 1386 866 1426 Bartholomaeus
891 1387 1166 1436 cancellarius,
1205 1384 1517 1424 Archembaldus
1535 1384 1694 1423 Burbu-

223 1441 375 1490 nensis,
413 1448 454 1480 et
474 1443 626 1494 aliquot
642 1444 718 1482 alii.

336 1511 376 1536 v·
402 1502 468 1541 20.
507 1496 779 1541 εἰσελαύνοντι
797 1498 960 1551 τοίνυν]
992 1499 1096 1538 Wiu.
1118 1497 1280 1550 Tyrius:
1307 1499 1461 1535 interea
1477 1511 1545 1535 rex
1562 1497 1694 1535 Fran-

221 1567 363 1591 corum
375 1569 507 1605 paene
527 1555 671 1594 iisdem
690 1556 930 1594 subsecutus
947 1556 1154 1606 vestigiis,
1196 1568 1289 1591 cum
1312 1568 1385 1591 suo
1406 1555 1580 1591 exercitu
1594 1567 1694 1604 per—

219 1617 380 1648 venerat
401 1611 806 1664 Constantinopolim,
837 1612 909 1650 ubi
927 1611 1209 1649 secretioribus
1227 1625 1316 1648 cum
1334 1612 1573 1662 imperatore
1592 1623 1693 1647 usus

218 1667 459 1719 colloquiis,
489 1676 525 1706 et
551 1669 603 1707 ab
625 1684 667 1707 eo
689 1669 1182 1720 honorificentissime&
1208 1668 1341 1704 multa
1363 1680 1573 1704 munerum
1589 1680 1692 1716 pro-

218 1726 421 1762 secutione
439 1699 657 1775 dimissus,
682 1725 941 1777 principibus
963 1739 1123 1789 quoque
1142 1725 1230 1761 suis
1251 1724 1479 1774 plurimum
1506 1714 1694 1760 lionora-

219 1781 275 1816 tis
296 1787 370 1821 etc.
412 1781 502 1820 Odo
520 1782 568 1820 de
579 1783 727 1833 Diogilo
747 1782 771 1823 l,
794 1785 840 1824 3:
862 1785 1139 1833 processimus
1158 1782 1314 1831 igitur,
1345 1787 1380 1818 et
1403 1779 1520 1817 nobis
1541 1793 1645 1830 app}
1646 1793 1692 1816 o-

212 1838 517 1888 pinquantibus
540 1840 723 1888 civitati,
754 1853 838 1876 ecce
859 1852 993 1876 omnes
1014 1838 1132 1875 illius
1152 1837 1304 1874 nobiles
1335 1843 1371 1874 et
1394 1835 1559 1884 divites,
1605 1842 1692 1872 tam

219 1894 338 1942 cleri,
371 1909 495 1946 quam
503 1897 655 1947 populi
674 1897 915 1933 catervatim
931 1896 1019 1946 regi
1035 1894 1200 1931 obviam
1213 1900 1514 1944 processerunt,
1545 1899 1581 1928 et
1603 1906 1692 1929 eum

219 1948 351 1987 debito
370 1952 518 1989 lzonore
536 1959 811 2004 susceperunt,
842 1959 1014 2003 rogatus
1046 1958 1092 1988 ut
1121 1949 1180 1987 ad
1205 1952 1484 2001 imperatorem
1507 1949 1691 1997 intraret,

222 2012 258 2042 et
283 2004 331 2043 de
352 2022 433 2044 sua
451 2010 607 2047 visione
626 2017 664 2047 et
687 2010 953 2046 collocutione
973 2006 1221 2045 desiderium
1241 2000 1488 2058 adimpleret.

335 2076 375 2114 P·
394 2066 448 2105 83
468 2079 507 2103 v.
530 2068 569 2106 3.
628 2065 806 2116 σελλίον]
838 2064 1096 2114 Prosequitur
1125 2063 1234 2101 Odo:
1273 2077 1341 2100 rex
1373 2069 1508 2100 autem
1530 2062 1616 2098 eius
1640 2061 1690 2097 ti-

225 2120 329 2156 mori
351 2122 619 2170 compatiens,
649 2130 685 2159 et
699 2123 892 2173 petitioni
911 2120 1118 2167 obediens,
1147 2134 1240 2157 cum
1266 2121 1416 2171 paucis
1440 2131 1602 2156 suorum
1628 2118 1690 2154 in-

223 2177 373 2226 travit,
411 2184 447 2212 ei
470 2191 561 2213 eum
588 2179 633 2214 in
658 2181 824 2228 porticu
840 2179 1000 2229 palatii
1022 2179 1127 2214 satis
1154 2175 1420 2226 imperialiter
1438 2174 1598 2212 obvium
1617 2174 1690 2210 lta-

225 2231 325 2270 buit.
383 2240 499 2270 erant
519 2234 607 2282 sere
634 2236 772 2271 coaevi
795 2242 831 2271 et
855 2234 1115 2284 coaequales,
1145 2233 1245 2270 solis
1265 2232 1444 2270 moribus
1462 2238 1499 2268 et
1514 2230 1690 2267 vestibus

224 2287 455 2327 dissimiles.
512 2288 678 2326 tandem*
687 2298 784 2340 post·
803 2291 1034 2341 amplexus,
1065 2297 1102 2326 et
1118 2289 1259 2327 oscula
1275 2295 1413 2326 mutuo
1431 2286 1597 2335 habita,
1627 2288 1690 2323 in-

224 2347 350 2383 terius
363 2353 664 2397 processerunt,
706 2346 777 2383 ubi
798 2348 950 2397 positis
970 2344 1136 2383 duabus
1151 2344 1315 2381 sedibus
1326 2345 1486 2394 pariter
1502 2341 1688 2380 subsede-

224 2410 334 2440 runt.
392 2415 532 2441 verum
561 2403 703 2440 sellane
725 2402 927 2440 Ludovico
958 2402 1039 2452 regi
1067 2401 1161 2439 data
1191 2400 1311 2439 suerit
1334 2399 1539 2447 humilior,
1579 2399 1690 2449 quod

221 2459 312 2497 vult
332 2459 562 2509 Cinnamus,
592 2473 673 2497 non
697 2459 827 2510 attigit
845 2458 957 2509 odo,
987 2471 1113 2508 neque
1141 2457 1184 2495 id
1213 2470 1308 2494 vero
1330 2455 1490 2494 videtur
1519 2468 1690 2493 consen-

220 2520 382 2552 tansum
394 2545 404 2564 ‚
435 2529 525 2553 cum
545 2515 769 2554 Ludovious
788 2516 870 2566 ipse
887 2515 928 2553 in
948 2514 1111 2566 epistola
1130 2513 1182 2551 ad
1199 2511 1422 2564 Sugerium‚
1457 2512 1690 2550 Constanti.

222 2572 360 2636 nopoli
382 2571 609 2623 gaudenter
633 2580 669 2609 et
686 2572 906 2637 honorifice
925 2586 966 2608 se
988 2571 1040 2609 ab
1060 2573 1296 2620 imperatore
1312 2570 1689 2620 susceptamsuisse

220 2627 405 2666 insinuet.
480 2629 650 2666 maxime
681 2629 786 2667 enim
825 2628 1003 2679 dignitati
1033 2627 1159 2678 legiae
1188 2631 1228 2663 et
1258 2625 1468 2662 Francicae
1496 2626 1688 2664 maiestati

222 2683 454 2722 detraxisset
469 2684 717 2735 Ludovicus‚
755 2685 787 2723 si
807 2684 1024 2748 Byzantino
1044 2681 1213 2735 principi
1232 2681 1455 2719 istiusmodi
1473 2695 1590 2733 piaer
1592 2696 1686 2733 oga-

222 2741 348 2779 tivam
373 2740 417 2779 in
443 2740 611 2792 ipsomet
629 2716 1062 2792 Constantinopolitano
1091 2738 1234 2790 palatio
1256 2738 1535 2786 concessisset,
1567 2752 1686 2790 quam

223 2796 382 2848 quidem
409 2797 615 2849 denegasse
643 2811 715 2849 par
746 2804 805 2835 est
837 2797 1015 2845 cr‚edere
1046 2809 1135 2833 cum
1152 2794 1377 2833 Ludovicus
1399 2795 1465 2845 qui
1488 2795 1566 2832 iam
1585 2796 1687 2833 Pro-

225 2854 400 2906 pontidis
427 2855 573 2893 fretum
605 2867 694 2893 cum
724 2854 843 2906 copiis
873 2854 951 2892 suis
979 2827 1157 2890 einensus
1190 2857 1292 2902 crat,
1325 2851 1497 2890 Manueli
1517 2851 1684 2903 roganti,
