1878 3262
270 207 332 254 10
689 199 994 245 NIGEPHORI
1025 199 1291 243 BRYENNII

266 340 330 373 τες
361 319 464 375 μηδὲ
494 312 604 362 οὗτοι
628 315 700 372 τὴν
722 316 785 359 ἐπὶ
810 320 883 358 τοῦ
908 315 1115 371 βασιλείου
1145 310 1301 371 θρόνου
1336 317 1409 357 τοῦ
1443 309 1716 356 Βοτανειάτου

265 391 530 445 καθίδρυσιν,
579 385 647 428 ἅτε
676 387 743 428 καὶ
774 389 916 427 τοῦτον
947 384 1020 428 σὺν
1057 382 1214 432 ἑαυτοῖς
1245 380 1473 438 ἀποστάτην
1506 382 1609 425 κατὰ
1643 386 1718 426 τοῦ

263 458 461 514 βασιλέως
482 454 658 510 ΖΡῙιχαὴλ
683 453 935 508 ἐπιστάμενοι
959 455 1026 496 καὶ
1047 459 1131 502 τοῖς
1154 452 1289 501 αὐτοῖς
1310 449 1608 494 συνυπεύθυνον
1619 483 1631 503 ,
1666 449 1718 504 ἣν

266 526 456 584 ἔφθασαν
493 523 677 581 ἄρασθαι
705 521 874 580 πρώτως
894 523 1143 565 ἀποστασίαν
1166 520 1270 562 κατὰ
1296 524 1369 562 τοῦ
1385 518 1582 574 Μιχαήλ,
1615 517 1718 561 ταύ-

213 598 246 634 Ι)
269 613 341 650 την
363 596 430 637 καὶ
454 593 547 636 κατ’
578 592 703 635 αὐτοῦ’
730 590 991 649 τετηρήκασιν
1012 591 1073 633 ε’πὶ
1096 587 1302 644 σχήματος
1323 590 1389 630 καὶ
1410 588 1512 642 μετὰ
1534 585 1752 642 πλήθους5

264 666 521 719 στρατιωτῶν
547 663 614 703 καὶ
645 661 717 703 οὐκ
745 658 1096 717 εὐκαταφρονήτου
1126 656 1333 712 δυνάμεως
1362 657 1472 714 αὐτῷ
1497 656 1720 713 ἀντιπαρα-

265 731 489 775 τάττονται.
557 731 623 773 καὶ
652 729 776 779 εὐθὺς
802 728 823 771 ὁ
845 728 1058 783 Κομνηνὸς
1088 729 1150 769 ἐπὶ
1171 725 1332 781 μνήμης
1358 730 1416 783 τῷ
1439 728 1604 779 βασιλεῖ
1617 724 1723 767 κατὰ

265 805 345 843 τῶν
375 798 566 842 τοιούτων
600 799 756 855 ἀνδρῶν
788 798 1034 851 ἀνθοπλίτης
1063 798 1130 838 καὶ
1160 792 1470 852 ἀντιστράτηγος
1503 794 1722 844 στέλλεται,

162 872 197 909 V
219 870 243 908 4
265 869 338 924 τὴν
359 872 432 911 τοῦ
453 866 627 924 μεγάλου
657 868 890 921 δομεστίκου
914 869 1132 921 τηνικαῦτα
1158 865 1302 906 διέπων
1326 864 1453 914 ἀξίαν.
1522 864 1588 904 καὶ
1611 860 1724 903 ἀντι·-

266 939 511 981 καθίσταται
535 934 712 987 τούτοις,
742 937 808 977 καὶ
838 932 1181 991 θαρραλεωτάτην
1210 931 1343 987 μάχην
1371 928 1618 985 συμβάλλει,
1653 930 1721 971 καὶ
1736 939 1781 974 1ο

269 1004 538 1063 συρρήγνυται
563 1002 720 1054 τούτοις
743 1004 817 1058 οὔχ
841 1002 949 1053 ἅπαξ
969 1001 1114 1057 μόνον,
1151 1002 1256 1043 ἀλλὰ
1274 1003 1340 1043 καὶ
1359 997 1552 1048 πολλάκις
1574 1000 1629 1048 εἰς
1647 995 1726 1039 πό-

267 1078 389 1128 λεμον
430 1074 554 1128 αὗτὴν
586 1076 767 1128 προΐεται
797 1072 870 1126 τὴν
902 1070 1062 1126 ψυχήν,
1109 1072 1177 1112 καὶ
1208 1071 1320 1119 τέλος
1356 1068 1450 1118 τοὺς
1485 1065 1727 1116 ἀντιπάλους

170 1145 201 1180 P
225 1146 248 1181 7
270 1146 361 1201 νικᾷ
389 1144 455 1183 καὶ
478 1141 663 1197 λαμπρὸν
688 1139 779 1185 κατ’
807 1140 940 1182 αὐτῶν
961 1138 1154 1196 τρόπαιον
1170 1140 1306 1192 ἵστησι
1314 1169 1328 1189 ,
1356 1139 1423 1179 καὶ
1444 1133 1727 1192 δορυαλώτους

268 1209 370 1253 ἑλῶν
390 1212 446 1260 εἷς
469 1209 541 1264 τὴν
562 1210 755 1262 βασιλίδα
777 1212 857 1250 τῶν
879 1206 1032 1250 πόλεων
1051 1206 1184 1262 ἐπάγει
1207 1209 1274 1248 καὶ
1293 1210 1350 1263 τῷ
1367 1208 1532 1259 βασιλεῖ
1549 1203 1728 1259 παραδί-

269 1281 406 1321 δωσιν.
475 1278 608 1320 οἴδασι
626 1265 782 1326 Χπάντες
809 1280 961 1328 ταῦτα,
997 1278 1063 1317 καὶ
1092 1276 1133 1316 ἓν
1157 1277 1305 1328 χείλεσι
1336 1272 1495 1315 πάντων
1528 1279 1653 1314 κεῖται
1675 1270 1727 1312 τὰ
1739 1277 1797 1314 1⁵·

268 1349 359 1403 περὶ
390 1345 564 1398 τούτων,
604 1348 670 1388 καὶ
706 1346 778 1387 οὐκ
808 1345 912 1387 ἔστιν
945 1343 1054 1394 ὅστις
1084 1348 1164 1386 τῶν
1195 1338 1239 1385 εὖ
1273 1340 1528 1399 φρονούντων
1558 1337 1728 1394 ἠγνόησε

217 1415 249 1450 Β
273 1420 415 1458 ταῦτα.
485 1416 565 1457 ἐπεὶ
602 1416 644 1457 δὲ
678 1419 736 1472 τῷ
770 1416 971 1470 Κομνήνῷ
1001 1411 1154 1454 τούτων
1187 1413 1254 1454 καὶ
1290 1410 1432 1466 ἑτέρων
1467 1412 1626 1450 πολλῶν
1660 1408 1731 1449 καὶ

270 1483 456 1540 μεγάλων
481 1483 606 1540 ἔργων
638 1485 706 1524 καὶ
739 1481 863 1531 ὄντως
891 1483 1090 1538 ἀνδρικῶν
1127 1483 1192 1522 καὶ
1229 1480 1417 1535 γενναίως
1446 1476 1730 1529 τετελεσμένων

271 1552 440 1605 οὐδεμία
473 1569 533 1601 τις
559 1546 610 1606 ἦν
639 1551 875 1604 ἅντιμισθιά
905 1552 970 1591 καὶ
1004 1549 1155 1603 ἀμοιβὴ
1188 1548 1281 1590 ἀλλ’
1310 1546 1336 1601 ἢ
1361 1544 1484 1600 μόνος
1514 1546 1630 1598 ζῆλος
1656 1543 1730 1585 οὖκ

273 1620 435 1676 ἀγαθὸς
471 1621 538 1661 καὶ
566 1619 659 1661 κατ’
700 1619 825 1660 αὐτοῦ
853 1619 996 1672 μελέτη
1031 1619 1097 1658 καὶ
1129 1613 1323 1669 συσκευή,
1364 1612 1472 1663 ὅπως
1505 1613 1788 1666 ἀποδοθείη20

272 1687 403 1745 τούτῳ
423 1690 578 1744 πονηρὰ
600 1688 687 1729 ἀντὶ
706 1687 895 1742 ἀγαθῶν,
931 1688 998 1728 καὶ
1034 1684 1141 1734 ὅπως
1172 1683 1293 1733 αὐτὸς
1323 1683 1395 1735 μὲν
1425 1682 1604 1734 ε’κκοπειή
1637 1680 1732 1729 τοὺς

274 1756 519 1813 ὀφθαλμοὺς
540 1757 606 1798 καὶ
631 1754 844 1806 ἀπόλοιτο,
880 1755 1148 1810 συνεκτριβείη
1182 1754 1224 1794 δὲ
1256 1749 1385 1807 τούτῳ
1417 1751 1483 1791 καὶ
1512 1746 1733 1805 ὃΠορφυ-

224 1824 257 1860 C
276 1826 530 1881 ρογέννητος,
567 1825 638 1866 οὐκ
669 1823 725 1866 ἔτι
756 1825 797 1865 ἓν
830 1827 996 1880 φορητῷ
1016 1826 1143 1864 ταῦτα
1165 1823 1342 1870 τίθεται,
1378 1817 1482 1860 ἀλλὰ
1497 1817 1656 1871 βλέπων
1677 1814 1733 1866 ὥς

277 1894 388 1952 αὐτῷ
418 1894 493 1948 μὲν
522 1894 578 1942 εἷς
605 1891 728 1934 κακὸν
755 1891 807 1934 τὰ
833 1895 906 1933 τοῦ
937 1889 1173 1948 πράγματος
1201 1887 1326 1943 διήκει
1355 1888 1422 1930 καὶ
1443 1884 1504 1928 ὅτι
1523 1888 1597 1928 τοῦ
1615 1885 1730 1927 θείου

369 2035 403 2071 7.
425 2033 590 2080 βασιλεῖ]
613 2033 711 2069 Fert.
734 2032 923 2068 addendum
945 2029 1152 2078 γενόμενος.

279 2157 452 2204 imperium
468 2170 629 2193 exercere
642 2170 729 2192 nunc
743 2158 776 2192 in
791 2158 884 2203 ipsos
892 2154 1034 2202 'quoque
1049 2155 1138 2190 velle
1149 2183 1159 2199 ‚
1189 2154 1299 2200 palam
1325 2153 1527 2188 recusabant
1549 2150 1649 2186 subdi
1664 2150 1734 2184 Bo-

279 2205 430 2239 taniatae
453 2216 640 2248 gerereque
655 2206 843 2249 pergebant
858 2214 912 2237 res
931 2203 978 2235 uti
995 2202 1056 2236 sub
1074 2201 1175 2247 priori
1192 2204 1373 2245 coeperant
1390 2199 1558 2243 principe,
1589 2196 1735 2241 propriis

280 2250 457 2295 auspiciis,
486 2256 667 2296 partesque
694 2262 771 2283 suas
795 2261 855 2294 pro
880 2260 917 2282 se
942 2248 1082 2293 quisque
1106 2246 1211 2292 copiis
1235 2252 1271 2279 et
1285 2245 1403 2290 opibus
1417 2255 1514 2289 quam
1530 2242 1735 2275 validissime

279 2295 469 2330 firmabant.
518 2301 635 2329 contra
659 2296 718 2328 hos
741 2296 817 2328 belli
840 2295 909 2329 dux
933 2295 975 2326 ab
1000 2294 1204 2337 imperatore
1220 2292 1358 2325 Alexius
1373 2290 1526 2334 deligitur
1541 2292 1578 2321 et
1593 2287 1734 2320 mittitur

280 2345 362 2375 tunc
376 2341 485 2384 magni
499 2341 671 2375 domestici
688 2341 854 2383 dignitate
869 2344 1017 2373 ornatus.
1048 2350 1156 2383 neque
1171 2338 1226 2371 ille
1242 2336 1425 2377 recusavit,
1454 2339 1512 2368 aut
1526 2331 1735 2366 contentioni

281 2387 316 2421 in
341 2389 496 2421 mandato
526 2387 751 2420 exhauriendo
762 2412 771 2428 ,
802 2390 861 2419 aut
895 2384 1098 2418 dimicationi
1122 2382 1344 2417 discriminive
1368 2379 1519 2425 pepercit
1545 2379 1621 2420 ulli,
1654 2377 1734 2422 quin

284 2444 350 2467 non
366 2433 490 2476 semel,
522 2433 582 2466 sed
607 2433 742 2477 saepius
768 2431 1004 2464 cruentissimis
1030 2428 1381 2474 periculosissimisque
1403 2425 1446 2458 de
1461 2424 1597 2469 proeliis
1613 2424 1735 2465 victor,

282 2478 433 2524 tropaeis
460 2478 577 2522 positis
601 2479 675 2512 illos
698 2478 790 2522 ipsos
819 2482 936 2509 contra
957 2487 1041 2519 quos
1067 2480 1220 2510 moverat
1236 2474 1338 2506 duces
1354 2471 1443 2504 bello
1459 2476 1593 2514 captos,
1625 2469 1659 2502 in
1677 2479 1735 2502 ur·-

284 2524 360 2557 bem
384 2524 488 2557 redux
514 2524 638 2566 regiam
651 2550 661 2566 ,
693 2522 884 2568 imperatori
900 2521 1059 2554 reddidit.
1108 2521 1192 2553 haec
1216 2519 1250 2552 in
1277 2516 1394 2551 notitia
1422 2522 1456 2549 et
1485 2514 1736 2560 praedicatione

284 2574 464 2602 versantur
481 2569 620 2603 omnium
632 2597 641 2613 ‚
672 2581 736 2603 nec
751 2567 931 2602 communis
947 2566 1086 2611 quisque
1101 2575 1220 2599 sensus
1234 2563 1401 2608 particeps
1415 2572 1469 2594 res
1484 2561 1569 2594 adeo
1586 2561 1736 2594 celebres

285 2618 354 2648 tam
371 2614 479 2658 palam
495 2619 590 2647 tanto
607 2615 784 2659 splendore
799 2619 913 2658 gestas
928 2613 1086 2655 ignorare
1102 2616 1225 2655 potest.
1266 2608 1420 2653 quoniam
1437 2614 1548 2640 autem
1565 2606 1736 2639 Comneno

285 2664 340 2694 tot
361 2660 515 2692 sudorum
539 2666 659 2704 totque
684 2660 907 2693 discriminum
931 2668 1058 2691 merces
1082 2656 1171 2689 nulla
1193 2659 1268 2689 erat
1291 2652 1464 2686 admodum
1489 2652 1553 2685 alia
1571 2651 1632 2684 nisi
1648 2651 1739 2684 livor·

286 2716 353 2740 non
380 2705 540 2738 obscurus
556 2710 591 2737 et
606 2716 730 2738 saevae
745 2704 1004 2738 machinationes
1020 2702 1162 2735 orbandi
1177 2711 1251 2733 eum
1267 2698 1440 2732 luminibus
1456 2702 1558 2742 atque
1575 2696 1736 2741 perdendi

286 2757 358 2785 tum
371 2749 564 2784 involvendi
580 2750 674 2782 ruina
690 2750 805 2783 eadem
823 2748 1170 2793 Porpliyrogeuitum:
1200 2745 1235 2779 id
1251 2744 1336 2778 enim
1352 2754 1434 2776 vero
1451 2755 1516 2778 non
1539 2743 1604 2776 iam
1619 2742 1735 2775 seren-

288 2797 366 2831 dum
382 2795 519 2841 amplius
535 2805 647 2829 secum
663 2795 833 2828 constituit
848 2794 1003 2835 Alexius,
1033 2793 1094 2826 sed
1109 2795 1266 2835 reputans
1281 2789 1370 2834 apud
1385 2800 1440 2830 sc,
1471 2794 1624 2834 patruum
1639 2797 1734 2821 suum

289 2841 452 2878 Isaacium
468 2841 680 2884 Comnenum,
695 2840 752 2885 qui
767 2851 873 2885 nuper
887 2839 959 2873 iure
973 2849 1072 2883 quam
1088 2836 1213 2883 optimo
1228 2839 1443 2880 regnaverat,
1458 2833 1630 2881 imperium
1644 2832 1737 2867 ultro
