1878 3262
614 237 1004 282 HISTORIARUM
1037 239 1085 281 L.
1103 238 1182 282 lv.
1531 240 1626 286 177

175 371 270 411 τητο
299 351 410 411 αὐτῷ
436 352 538 410 ἄγαν
565 355 716 406 δεξιῶς.
782 352 846 395 ἐπὶ
871 350 1029 403 τούτοις
1053 351 1196 396 ὤδινόν
1214 371 1256 398 τε
1275 354 1332 398 τὼ
1352 353 1472 413 ἄνδρε
1498 355 1628 399 τούτω

175 425 240 467 καὶ
258 424 300 464 ἓν
316 423 432 481 δεινῷ
449 423 668 474 ἐποιοῦντο,
687 424 722 464 εἴ
740 419 960 476 τηλικούτίο
978 422 1029 463 τὰ
1049 422 1089 471 ἒς
1107 425 1256 481 σοφίαν
1271 422 1358 467 ι’)’ντε
1378 424 1479 482 πρὸς
1494 423 1629 467 τοιού-

174 508 246 535 του
265 492 632 548 διαμυκτηρίζοιντο
651 488 809 546 ἀνδρός,
827 488 925 531 ὅθεν
943 487 1101 540 ἑαυτοῖς
1118 509 1160 534 τε
1180 495 1245 534 καὶ
1265 495 1464 543 πλείστοις
1482 491 1631 551 ἑτέροις

173 560 399 615 ἀνηκέστων
417 560 536 602 αἴτιοι
555 560 765 616 ἐγενέσθην
777 562 923 600 κακῶν.
967 562 1041 600 τοῦ
1059 561 1275 603 Βασιλείου
1294 560 1372 619 γάρ
1391 579 1485 604 ποτε
1503 562 1545 612 ἒς
1564 562 1634 604 τὸν

142 639 166 676 5
175 629 252 686 πρὸ
282 633 356 670 τοῦ
383 628 524 679 ἄστεος
552 633 624 671 τοῦ
650 625 875 670 ἀποστόλου
900 625 1086 669 Ἰωάννου
1116 633 1190 669 τοῦ
1216 629 1414 686 θεολόγου
1442 630 1542 673 νειὸν
1560 631 1634 686 τὴν

174 695 334 752 συνήθη
353 702 560 747 τελοῦντος
578 697 689 754 αὐτῷ
710 696 956 752 λειτουργιάν
966 728 980 747 ,
998 695 1123 752 ᾔεσαν
1141 696 1403 751 ἀκουσόμενοι
1422 702 1489 741 καὶ
1509 693 1634 750 οὗτοι,

175 766 317 816 ἀκοαῖς
333 783 375 822 γε
393 767 474 821 μὴν
492 763 717 820 ἐπιβούλοις
735 766 802 807 καὶ
819 763 986 822 πλήρεσι
1006 766 1252 819 δυσμενείας.
1302 765 1358 817 ὥς
1374 768 1451 825 γὰρ
1473 767 1637 824 εὖαγγε-

176 833 290 890 λικήν
312 852 389 877 που
419 833 531 888 οἶμαι
555 833 772 891 περικοπὴν
798 834 944 884 ἐκεῖνος
972 833 1127 884 διεξιὼν
1151 834 1222 877 τὸν
1240 834 1363 877 αὐτὸν
1382 835 1460 893 ἔφη
1480 839 1545 878 καὶ
1566 838 1637 878 ἵνα

177 908 251 945 τοῦ
273 907 376 945 θεοῦ
399 903 488 945 υἱὸν
516 904 582 946 καὶ
609 907 728 956 θῦμα
755 902 941 958 γενέσθαι
970 904 1037 944 καὶ
1067 902 1141 945 σὺν
1167 907 1226 961 τῷ
1251 906 1373 961 πατρὶ
1393 904 1466 959 τὴν
1484 906 1636 946 θυσίαν

124 972 493 1029 1οπροσδέχεσθαι,
530 969 718 1029 ἥρπασάν
746 988 788 1014 τε
819 970 889 1013 τὸν
914 969 1032 1026 λόγον
1061 971 1186 1022 εὐθὺς
1216 975 1294 1016 καὶ.
1312 973 1395 1015 ἄνω
1425 975 1491 1015 καὶ
1522 972 1632 1015 κάτω
1654 977 1686 1012 D

178 1039 428 1095 διεχλεύαζον
455 1039 601 1091 ἰόντες,
635 1039 772 1090 διττὰς
804 1040 988 1082 ἐντεῦθεν
1005 1039 1075 1082 τὸν
1092 1042 1307 1083 Βασίλειον
1327 1042 1505 1098 λέγοντες
1525 1040 1637 1084 εἰσά-

175 1125 256 1164 γειν
272 1107 531 1161 ὑποστάσεις,
552 1111 586 1151 εἲ
602 1108 646 1151 τὸ
666 1109 739 1162 μὲν
757 1107 883 1163 ἐτύθη
893 1141 905 1160 ,
925 1108 970 1151 τὸ
991 1109 1035 1150 δὲ
1052 1108 1124 1164 τὴν
1142 1112 1293 1152 θυσίαν
1308 1111 1482 1160 ἐδέξατο.
1521 1110 1638 1152 ἄλλοι

176 1194 218 1220 τε
237 1172 308 1220 οὖν
325 1175 451 1234 ταύτῃ
472 1182 522 1234 τῇ
538 1176 635 1234 δόξῃ
663 1177 876 1220 συνέθεντο
904 1182 985 1219 τῶν
1009 1178 1071 1219 ἐπὶ
1092 1176 1226 1234 λόγοις
1244 1196 1285 1222 τε
1306 1180 1482 1233 δοκίμων
1499 1180 1567 1220 καὶ
1586 1179 1638 1233 δὴ

177 1247 244 1288 καὶ
262 1244 496 1303 Σωτήριχος
513 1240 546 1304 ᾧ
562 1244 839 1302 Παντεύγενος
857 1244 883 1300 ἡ
902 1246 1105 1302 ἐπίκλησις
1135 1242 1184 1302 ἦν
1197 1280 1210 1299 ,
1249 1247 1350 1305 ἀνὴρ
1379 1247 1472 1290 κατ’
1493 1247 1640 1290 ε’κεΐνον

123 1316 166 1353 15
177 1314 246 1357 τὸν
265 1313 416 1372 χρόνον
447 1317 572 1374 σοφία
600 1316 666 1357 καὶ
695 1314 825 1371 λόγων
852 1313 1044 1370 δεινότητι
1067 1315 1163 1366 τοὺς
1195 1316 1342 1367 ἄλλους
1359 1314 1640 1374 ὑπερβάλλων,

177 1382 223 1434 ὃς
252 1386 319 1426 καὶ
346 1388 419 1438 τῆς
443 1382 648 1437 Ἀντιόχου
675 1383 746 1426 τὸν
769 1381 922 1440 θρόνον
948 1383 1085 1438 λαχών
1112 1383 1223 1427 οὔπω
1251 1385 1307 1428 ἔτι
1331 1383 1642 1442 κεχειροτόνητο.

177 1450 199 1494 ὅ
219 1454 352 1494 τοίνυν
371 1450 604 1509 Σωτήριχος
622 1452 694 1494 οὐκ
715 1452 793 1494 ἀπὸ
812 1450 996 1508 γλώσσης
1021 1452 1146 1506 μόνον
1166 1455 1233 1496 καὶ
1252 1452 1455 1508 στόματος
1474 1452 1571 1509 δόξῃ
1592 1456 1644 1509 τῇ

179 1521 336 1563 ἐκείνων
365 1522 609 1578 παρίστατο,
649 1520 752 1563 ἀλλὰ
773 1521 823 1575 δὴ
848 1523 914 1563 καὶ
934 1520 1058 1563 καλόν
1076 1539 1113 1564 τι
1126 1526 1269 1578 χρῆμα
1289 1521 1408 1578 λόγου
1429 1521 1642 1573 συντάξας,
1665 1521 1695 1557 P
1722 1522 1787 1558 103

180 1587 265 1640 οἷος
293 1590 437 1639 ἐκεῖνος
466 1591 643 1641 ἐξαισίαν
668 1590 759 1632 τινὰ
787 1589 888 1646 πρὸς
903 1588 1109 1632 Πλάτωνα
1136 1592 1178 1632 ἓν
1201 1590 1406 1647 διαλόγοις
1424 1588 1645 1645 ὁμοιότητα
1673 1598 1675 1600 ’

124 1658 304 1713 2οῗ’σχων
313 1691 326 1711 ,
355 1659 486 1700 πολλὰ
504 1659 545 1700 ἓν
563 1657 692 1716 τούτῳ
713 1658 763 1713 δὴ
782 1662 841 1716 τῷ
859 1656 964 1716 λόγῳ
984 1657 1255 1716 συνεφόρησεν
1274 1658 1431 1711 ἄτοπα,
1462 1658 1519 1701 δι’
1542 1657 1643 1715 ἅπερ

181 1725 303 1777 αὐτός
321 1745 361 1769 τε
380 1727 452 1781 τὴν
472 1731 544 1770 τοῦ
560 1725 714 1784 θρόνου
735 1728 974 1784 καθαίρεσιν
991 1726 1162 1783 ὖπέστη,
1193 1729 1393 1782 βασιλέως
1411 1734 1496 1778 τοῖς
1514 1727 1647 1784 ἄμφι-

181 1795 444 1850 βαλλομένοις
460 1794 716 1850 διαιτήσεως,
756 1797 823 1837 καὶ
843 1795 930 1838 ὅσοι
948 1795 1026 1851 ἤδη
1047 1798 1282 1839 συνίσταντο
1301 1795 1444 1853 τούτῳ.
1513 1797 1647 1838 Βασί-

184 1868 287 1914 λειος
307 1865 350 1905 δὲ
367 1863 439 1918 τὴν
457 1865 656 1919 ἐπιτιμίαν
675 1859 798 1915 αὖθις
816 1864 948 1918 ἴσχεν·
971 1863 1158 1920 ἐτύγχανε
1177 1866 1254 1922 γὰρ
1274 1864 1352 1919 ἤδη
1375 1863 1524 1918 ταύτην
1544 1864 1648 1906 cino·-
1698 1864 1699 1867 ¹

279 1971 334 2025 1¹33.
361 1981 400 2005 τε
422 1970 605 2016 δοκίμων]
628 1971 727 2005 Fort.
751 1968 968 2014 εὐδοκίμων.
1081 1973 1138 2007 22.
1165 1969 1405 2016 διαιτήσεως]
1430 1971 1529 2006 Fert.
1553 1971 1649 2005 διαι-

274 2027 466 2060 τησαντος.
564 2018 649 2052 ibid.
673 2016 890 2051 συνίσταντο
913 2014 1059 2063 τούτῳ]
1083 2017 1182 2051 Fort.
1208 2017 1332 2052 excidit
1355 2015 1649 2062 ἐξωστρακίσθη-

277 2073 346 2097 σαν
367 2063 424 2098 vel
446 2063 551 2098 simile
570 2063 721 2098 verbum.

186 2155 290 2190 ricem
315 2153 416 2188 docte
442 2159 518 2189 erat
544 2154 696 2199 sciteque
720 2153 785 2188 iam
812 2157 1067 2189 commentatus.
1114 2157 1298 2199 eapropter
1313 2153 1473 2188 dolebant
1485 2153 1532 2196 ii,
1562 2153 1655 2199 quod

187 2205 239 2236 tot
254 2200 440 2246 sapientiae
455 2201 608 2235 instructi
624 2200 757 2234 dotibus
772 2201 814 2234 ab
830 2200 890 2234 tali
907 2200 1038 2234 homine
1061 2200 1341 2234 traducerentur:
1374 2200 1462 2234 unde
1477 2199 1543 2233 sibi
1559 2211 1653 2233 com-

188 2247 406 2293 pluribusque
419 2246 493 2280 aliis
507 2247 721 2280 maximorum
737 2246 896 2280 malorum
912 2257 1014 2279 causa
1027 2246 1133 2280 suere.
1180 2245 1305 2279 Basilio
1331 2245 1415 2279 enim
1440 2245 1474 2279 in
1498 2256 1540 2278 eo
1566 2256 1651 2291 apo-

189 2293 268 2327 stoli
282 2293 324 2326 D.
341 2293 474 2326 loannis
491 2293 640 2336 theologi
653 2292 798 2337 templo,
830 2292 920 2336 quod
946 2292 990 2325 ad
1014 2292 1131 2325 urbem
1152 2295 1224 2335 est,
1254 2295 1449 2325 consuetum
1472 2291 1651 2335 aliquando

190 2338 406 2373 ministerium
424 2338 570 2372 faciente
581 2364 591 2382 ‚
623 2343 791 2372 venerunt
806 2337 829 2371 ii
844 2342 883 2371 ut
898 2348 972 2371 eum
987 2336 1144 2371 audirent
1155 2361 1166 2378 ‚
1196 2336 1258 2370 sed
1278 2336 1446 2371 insidiosis
1461 2336 1653 2371 malevolis-

190 2396 258 2430 que
284 2384 431 2418 auribus.
479 2395 553 2418 cum
578 2384 663 2418 enim
688 2384 745 2417 ille
769 2383 943 2428 quemdam
967 2383 1135 2427 evangelii
1148 2382 1258 2416 locum
1274 2386 1469 2426 enarraret,
1501 2393 1599 2416 unum
1616 2384 1653 2415 et

192 2429 342 2464 eumdem
356 2441 433 2464 esse
449 2429 503 2464 dei
519 2430 623 2464 filium
641 2434 676 2463 et
688 2429 854 2463 victimam
864 2455 872 2470 ‚
892 2434 927 2462 et
942 2440 1016 2462 cum
1032 2435 1129 2474 patre
1143 2428 1342 2462 sacrificium
1358 2428 1532 2473 excipere:
1558 2439 1653 2462 arre-

192 2479 284 2522 ptum
301 2476 414 2510 subito
430 2488 615 2510 sermonem
631 2475 776 2509 ludibrio
790 2476 951 2509 babentes
966 2474 1095 2508 reversi
1110 2478 1208 2518 sunt,
1237 2474 1321 2508 duas
1334 2474 1414 2508 inde
1428 2473 1587 2507 Basilium
1601 2473 1656 2506 di-

193 2526 309 2555 centes
334 2522 494 2556 inducere
521 2533 682 2567 personas
693 2548 703 2563 ,
733 2521 760 2554 si
780 2520 836 2555 ille
851 2520 982 2565 quidem
996 2520 1182 2554 immolatus
1196 2519 1302 2553 fuerit
1314 2546 1324 2562 ‚
1351 2519 1408 2553 ille
1426 2530 1507 2552 vero
1523 2517 1655 2552 sacrifi-

194 2567 278 2601 cium
299 2568 457 2613 excipiat.
504 2568 581 2602 huic
606 2567 791 2601 sententiae
813 2571 883 2600 tum
909 2567 966 2600 alii
993 2565 1172 2610 suffragati
1187 2570 1267 2599 sunt
1281 2564 1389 2599 literis
1406 2564 1506 2607 clari,
1533 2569 1602 2599 tum
1620 2567 1656 2598 ct

196 2612 409 2656 soterichus,
439 2613 634 2658 cognomine
667 2613 926 2657 Panteugenus,
957 2612 1009 2645 vir
1032 2623 1072 2645 ea
1096 2615 1210 2645 aetate
1234 2610 1388 2644 doctrina
1411 2615 1447 2644 et
1467 2621 1655 2648 sermonum

197 2658 364 2702 gravitate
389 2663 521 2693 ceteros
549 2659 778 2705 praecellens,
807 2658 930 2703 quique
956 2657 1120 2692 ecclesiae
1143 2656 1375 2691 Antiochenae
1390 2656 1568 2702 episcopus
1584 2655 1656 2690 ele-

198 2706 295 2744 ctus,
323 2705 469 2739 nondum
494 2716 609 2739 manus
629 2705 872 2749 impositionem
898 2708 1088 2749 acceperat,
1134 2703 1164 2737 is
1178 2702 1281 2746 igitur
1297 2701 1492 2736 soterichus
1508 2713 1573 2736 non
1588 2701 1657 2739 lin-

199 2759 266 2793 gua
281 2749 387 2784 solum
402 2754 438 2784 et
452 2762 511 2785 ore
532 2762 647 2785 eorum
664 2750 808 2784 accessit
821 2749 991 2794 opinioni,
1021 2749 1082 2782 sed
1107 2752 1143 2782 et
1161 2747 1338 2792 magnifica
1351 2748 1505 2782 oratione
1520 2757 1658 2792 compo-

198 2794 282 2834 sita,
304 2794 529 2841 singularique
546 2796 691 2841 quadam
706 2795 918 2830 similitudine
933 2794 1127 2829 Platonicos
1143 2794 1352 2839 exprimente
1366 2793 1539 2838 dialogos,
1556 2792 1658 2826 multa

201 2839 235 2872 in
254 2839 313 2872 illa
332 2840 476 2874 absurda
499 2842 678 2886 congessit.
724 2846 866 2887 propter
880 2853 968 2886 quae
984 2839 1020 2875 et
1032 2840 1107 2885 ipse
1122 2839 1203 2874 sede
1219 2850 1279 2873 sua
1294 2839 1511 2881 deturbatur,
1545 2843 1579 2871 et
1601 2836 1658 2880 qui

201 2884 454 2929 illlfavebant,
483 2897 597 2925 omnes
621 2887 800 2933 pelluntur.
847 2887 992 2922 Basilius
1007 2885 1204 2932 dignitatem
1218 2885 1450 2931 recuperavit:
1481 2885 1544 2918 hac
1570 2881 1659 2916 enim

257 2936 457 2975 Cinnamus,
1334 2935 1383 2973 12
