1878 3262
519 208 1064 284 comfflNTARJORtJM
1097 210 1146 253 L.
1177 209 1214 253 1.
1528 205 1595 255 43

123 345 201 383 χης
233 325 501 376 διασωθέντες
526 325 649 377 ἄλλος
675 325 856 380 ἀλλαχοῦ
884 322 1182 383 διεσπάρησαν,
1210 323 1286 381 τὴν
1304 323 1412 367 ἰδίαν
1431 323 1599 376 ἕκαστος

127 399 370 450 καταλαβεῖν
393 394 643 446 σπεύδοντες.

268 464 345 509 18.
417 465 477 506 Οὔ
512 465 657 506 πολλαὶ
691 462 732 506 δ’
765 460 912 519 ἡμέραι
949 459 1262 518 διεληλύθεσαν,
1296 463 1364 505 καὶ
1391 466 1473 505 τῶν
1504 464 1596 505 δια·
1617 474 1649 510 Β

129 530 312 590 δράντων
337 532 407 575 τὸν
430 532 605 587 πόλεμον
627 530 793 588 ἄγγελός
811 549 874 581 τις
893 531 1112 587 προλαβών
1131 531 1178 574 τὸ
1200 531 1328 574 δεινὸν
1352 532 1393 573 ἓν
1414 536 1465 588 τῇ
1487 530 1603 574 πόλει

93 600 348 658 ὄᾶπήγγελε,
383 603 450 644 καὶ
484 597 608 652 αὖθις
643 601 766 650 ἄλλος
793 602 859 642 καὶ
885 600 948 642 ἐπὶ
966 599 1124 650 τούτοις
1142 602 1277 657 τρίτος
1304 602 1372 648 καὶ
1397 601 1600 657 τέταρτος,

125 672 255 728 σαφὲς
286 671 360 724 μὲν
395 671 511 713 οὐδὲν
542 670 801 726 ἀπαγγέλλειν
832 663 1010 723 ἔβςοντες,
1047 668 1146 710 αὐτὸ
1182 670 1226 711 δὲ
1251 667 1377 723 μόνον
1400 668 1447 711 τὸ
1473 669 1603 711 δεινὸν

126 738 382 795 ἐξηγούμενοι
415 741 482 781 καὶ
512 738 635 790 ἄλλος
666 739 800 788 ἄλλως
830 735 1176 794 διερμηνεῦοντες·
1212 738 1250 779 οἶ
1277 739 1350 791 μὲν
1374 738 1453 794 γὰρ
1478 737 1601 780 αὐτὸν

124 808 196 851 τὸν
216 808 389 862 βασιλέα
411 809 646 863 τεθνηκέναι
671 805 935 862 κατήγγελον,
971 807 1009 848 οἱ
1042 807 1086 848 δὲ
1117 804 1335 848 ἑαλωκέναι
1345 838 1358 856 ,
1391 807 1430 848 οἶ
1462 808 1506 848 δὲ
1534 824 1602 849 τε-

125 878 330 934 τρωμένον
358 881 502 919 τοῦτον
537 879 634 920 ἲδεΐν
667 878 734 918 καὶ
766 875 871 918 κατὰ
904 879 978 931 γῆς
1009 875 1248 931 ἐρριμμένον
1257 907 1271 926 ,
1306 875 1344 916 οἱ
1370 876 1413 916 δὲ
1437 876 1601 928 δέσμιον

72 944 381 1001 Ιοᾶπαγόμενον
417 947 472 995 εἷς
504 946 550 988 τὸ
587 950 668 989 τῶν
700 946 887 987 ἐναντίων
913 942 1197 1000 στρατόπεδον.
1268 944 1331 985 ἐπὶ
1355 943 1602 997 συμβούλοις

128 1009 200 1056 οὖν
219 1019 269 1071 τῇ
284 1015 464 1068 βασιλίδι
491 1015 542 1056 τὰ
569 1013 787 1070 πράγματα
796 1045 810 1065 ,
846 1015 914 1055 καὶ
946 1010 967 1055 ὃ
1002 1019 1150 1069 καῖσαρ
1179 1012 1305 1062 εὐθὺς
1338 1013 1598 1067 μετεκέκλητο
1623 1020 1655 1054 C

126 1084 217 1139 περὶ
249 1084 453 1125 Βιθυνίαν
486 1082 634 1139 διάγων
665 1085 732 1125 καὶ
764 1080 972 1136 σχολάζων
995 1083 1240 1137 κυνηγεσίοις
1264 1081 1332 1122 διὰ
1354 1081 1399 1122 τὸ
1419 1080 1601 1123 ὕποπτον

127 1149 227 1194 εἶναι
246 1156 304 1209 τῷ
324 1155 496 1205 βασιλεῖ’.
564 1150 687 1206 μήπω
711 1152 754 1193 δὲ
773 1149 918 1194 τούτου
949 1148 1254 1204 καταλαβόντος
1275 1147 1299 1204 ἡ
1321 1151 1485 1203 βασιλὶς
1508 1151 1599 1204 διη-

126 1218 239 1277 ρώτα
267 1221 310 1262 τί
333 1237 428 1262 ποτε
460 1219 545 1276 ἄρα
579 1221 661 1277 χρὴ
693 1218 895 1276 πράττειν.
965 1218 1099 1269 ἔδοξεν
1118 1213 1190 1260 οὖν
1211 1223 1334 1260 πᾶσιν
1356 1219 1503 1260 ἐκεῖνον
1524 1219 1600 1272 μὲν

70 1295 116 1335 15
127 1289 225 1338 τέως
245 1289 362 1331 εἰῖσαι
383 1289 458 1331 εἴτε
485 1287 592 1330 ἑάλω
613 1289 688 1330 εἴτε
711 1289 925 1342 τέθνηκεν,
960 1286 1085 1343 ἑαυτῇ
1108 1288 1151 1329 δὲ
1174 1289 1241 1328 καὶ
1260 1293 1344 1336 τοῖς
1359 1289 1474 1328 παισὶ
1495 1304 1598 1343 κρα-

125 1355 320 1400 τύνεσθαι
342 1357 416 1410 τὴν
437 1355 578 1413 ἀρχήν.
646 1357 703 1399 ἔτι
723 1358 765 1398 δὲ
787 1355 990 1413 μετεώρου
1012 1355 1127 1406 ὄντος
1147 1359 1221 1397 τοῦ
1237 1353 1475 1411 πράγματος
1494 1357 1599 1411 γίνε-

126 1443 194 1468 ται
216 1425 404 1475 κοινωνὸς
430 1424 451 1467 ὅ
471 1432 632 1482 καΐσαρ.
685 1423 707 1467 ὃ
735 1427 778 1467 δὲ
800 1424 873 1480 τήν
890 1442 931 1467 τε
951 1425 1236 1481 κοινοπραγίαν
1258 1422 1500 1475 ἀσπάζεται,
1531 1425 1600 1466 καὶ

126 1493 398 1550 συμπράττειν
419 1493 631 1551 ἀμφότερα
649 1494 725 1536 ὅσα
745 1498 796 1551 τῇ
812 1495 1000 1552 βασιλείᾳ
1017 1491 1208 1548 προσήκει
1225 1491 1444 1549 πράγματα
1465 1491 1538 1547 τήν
1555 1510 1596 1535 τε
1629 1501 1664 1535 V
1684 1504 1732 1540 20

125 1563 282 1620 μητέρα
314 1564 382 1605 καὶ
411 1562 481 1605 τὸν
510 1561 782 1620 πρεσβύτερον
801 1567 882 1604 τῶν
903 1562 1003 1604 υἱῶν
1028 1561 1317 1618 ἀποφαίνεται,
1344 1563 1412 1603 καὶ
1433 1561 1503 1603 τὸν
1522 1562 1597 1615 μὲν
1620 1571 1653 1606 D

219 1671 253 1704 6.
279 1666 398 1715 αὐτὸ]
423 1670 468 1704 V.
493 1667 615 1706 αὐτοί.
753 1671 789 1708 7.
812 1665 954 1716 ἄλλως]
979 1669 1022 1706 P.
1046 1664 1172 1705 ἄλλον.
1302 1670 1356 1706 18.
1380 1665 1599 1715 α’μφότερα]

219 1713 486 1762 ἄμφοτέρουςῗ

127 1806 211 1841 illud
236 1806 450 1841 decantatum
476 1808 563 1849 fuit,
593 1808 684 1853 quod
709 1808 895 1854 orphanum
922 1807 1150 1842 nominabant.
1196 1806 1254 1851 qui
1278 1818 1361 1841 vero
1377 1806 1464 1841 cladi
1478 1817 1602 1851 super·-

128 1854 227 1887 fuere
238 1878 248 1893 ‚
278 1853 345 1887 alio
363 1853 418 1887 alii
434 1854 577 1898 dispersi
594 1860 671 1888 sunt
689 1854 823 1888 domum
839 1866 901 1900 pro
918 1865 956 1888 se
972 1853 1116 1898 quisque
1130 1852 1343 1887 festinantes.

226 1899 280 1937 18.
326 1899 408 1933 Non
424 1900 520 1933 multi
535 1899 609 1933 dies
624 1900 702 1933 inde
727 1900 919 1943 fluxerant,
950 1911 1024 1933 cum
1052 1910 1167 1932 eorum
1180 1924 1190 1940 ‚
1221 1898 1278 1943 qui
1295 1910 1337 1931 ex
1352 1897 1480 1943 praelio
1499 1898 1601 1942 suge-

128 1948 230 1987 rant,
258 1955 345 1978 unus
368 1945 488 1990 aliquis
515 1945 840 1990 Constantinopolim
867 1945 1038 1991 perlatus,
1069 1944 1183 1978 acerbi
1210 1944 1316 1978 nuntii
1340 1944 1464 1989 primus
1480 1949 1600 1978 auctor

129 1991 233 2027 fidem
251 1990 308 2024 vix
324 1991 427 2033 fecit,
459 2002 558 2035 quam
573 1991 714 2025 subinde
727 1992 813 2025 alter
828 1992 1017 2036 tertiusque
1031 1994 1067 2024 et
1083 1995 1224 2035 quartus
1239 1990 1418 2023 adstruere
1436 2001 1601 2035 perrexe-

128 2042 220 2072 runt.
267 2037 385 2070 horum
401 2037 497 2070 varia
513 2037 663 2082 quidem,
695 2049 759 2071 nec
774 2038 943 2082 explicata
958 2041 1033 2071 erat
1049 2036 1177 2078 oratio,
1202 2047 1290 2080 quae
1306 2036 1449 2080 quisque
1463 2035 1602 2070 diversa

130 2083 286 2124 viderat,
321 2089 543 2127 senseratque
560 2083 722 2116 videlicet
736 2083 952 2117 referentium
964 2109 975 2125 ,
1005 2087 1041 2116 et
1055 2082 1090 2115 in
1106 2093 1172 2115 uno
1194 2081 1463 2116 convenientium
1477 2081 1601 2116 indicio

129 2140 274 2172 magnae
291 2134 454 2174 acceptae
474 2128 576 2162 cladis
587 2155 597 2171 ,
629 2129 691 2163 sed
709 2129 914 2173 singulorum
932 2128 1024 2162 dicta
1044 2128 1294 2162 conferentibus
1309 2127 1478 2162 allucebat
1492 2128 1602 2161 infor-

130 2175 217 2210 tunii
243 2174 348 2208 series
359 2200 370 2217 ‚
402 2186 507 2218 seque
531 2175 698 2208 relatores
721 2174 845 2208 diversi
862 2180 975 2208 mutuo
992 2173 1228 2218 interpretari,
1257 2185 1321 2208 nec
1335 2185 1439 2216 aegre
1451 2173 1485 2206 in
1501 2185 1601 2207 unam

131 2220 331 2255 concordem
348 2221 543 2265 conspirare
558 2220 783 2266 narrationem
799 2221 1019 2254 videbantur:
1050 2220 1128 2253 dum
1154 2220 1239 2253 alius
1258 2220 1403 2265 exempli
1419 2231 1522 2253 causa
1538 2231 1602 2252 oc-

131 2267 237 2301 cisum
251 2266 488 2311 imperatorem
505 2267 639 2309 aiebat,
665 2266 749 2300 alius
766 2272 899 2312 captum
910 2292 921 2308 ‚
949 2266 1036 2299 alter
1049 2277 1125 2299 sese
1138 2265 1232 2299 illum
1246 2265 1374 2299 vidisse
1388 2265 1601 2299 vulneratum

131 2312 298 2357 humoque
319 2313 496 2349 abiectum.
543 2320 713 2358 postremo
730 2312 786 2345 alii
803 2313 936 2346 oculato
952 2312 1144 2346 testimonio
1160 2312 1377 2345 affirmabant
1391 2323 1504 2345 coram
1520 2322 1603 2356 spe-

133 2362 244 2392 ctasse
275 2364 474 2403 praesentes
504 2369 580 2392 sese
612 2370 684 2391 cum
707 2358 889 2403 imperator
910 2358 944 2391 in
969 2364 1082 2392 castra
1098 2358 1241 2391 hostium
1258 2359 1301 2391 ab
1316 2357 1398 2402 ipsis
1412 2357 1603 2390 victoribus

133 2404 371 2439 abduceretur.
418 2415 555 2449 gravem
573 2405 656 2439 haec
670 2404 874 2448 imperatrici
889 2403 1044 2438 obtulere
1059 2403 1268 2437 consultandi
1292 2414 1436 2436 causam.
1484 2413 1604 2435 arces-

133 2449 220 2483 situr
247 2450 418 2495 extemplo
446 2463 464 2483 e
489 2450 647 2494 Bithynia
662 2450 812 2492 Caesar,
840 2450 932 2495 quod
947 2450 1143 2495 imperatori
1157 2454 1335 2494 suspectus
1352 2451 1464 2491 esset,
1495 2459 1605 2482 vena-

135 2495 285 2529 tionibus
315 2495 384 2529 illic
415 2496 612 2540 indulgens,
642 2496 699 2540 qui
726 2495 803 2530 dum
828 2503 882 2529 est
904 2496 1012 2529 adhuc
1033 2495 1067 2528 in
1087 2495 1228 2538 itinere,
1259 2494 1300 2528 ad
1317 2495 1432 2527 urbem
1447 2495 1604 2537 Augusta

136 2546 325 2575 convocato
342 2546 443 2576 coetu
457 2553 632 2587 procerum
650 2542 835 2586 quaerebat
850 2541 928 2586 quid
946 2552 1031 2586 opus
1047 2542 1137 2574 facto
1154 2544 1255 2574 esset.
1301 2540 1445 2573 omnium
1461 2550 1604 2574 concors

135 2586 203 2620 fuit
229 2588 416 2627 sententia,
448 2588 555 2622 minus
580 2588 614 2622 in
638 2588 830 2632 praesentia
856 2587 964 2621 videri
990 2587 1033 2620 de
1051 2586 1253 2631 imperatore
1269 2586 1508 2630 satagendum,
1539 2597 1604 2620 nec

137 2631 238 2665 anxie
259 2632 529 2675 investigandum
553 2639 748 2668 mortuusne
763 2634 792 2667 is
808 2638 899 2667 esset
914 2644 956 2666 an
972 2637 1104 2670 tantum
1123 2632 1290 2678 captivus:
1321 2632 1403 2666 illud
1421 2632 1604 2665 curandum

137 2677 236 2710 unice
261 2688 302 2711 ac
324 2679 465 2714 sollicite
478 2680 643 2724 agendum
662 2681 835 2724 Augustae
848 2705 857 2720 ,
888 2683 927 2712 ut
938 2678 1003 2713 sibi
1017 2678 1160 2723 filiisque
1173 2689 1273 2723 quam
1292 2677 1416 2724 optime
1427 2678 1602 2723 imperium

136 2723 299 2756 firmaret.
345 2724 410 2758 bac
433 2726 541 2760 adhuc
566 2725 735 2771 pendente
759 2725 1000 2759 deliberatione
1023 2725 1121 2758 adest
1146 2724 1299 2766 Caesar,
1331 2729 1366 2757 et
1381 2724 1461 2768 quid
1477 2723 1605 2757 sentiat

136 2773 297 2811 rogatus,
333 2770 504 2805 consilium
531 2771 702 2812 asserendi
729 2771 946 2805 communiter
968 2770 1068 2805 matri
1092 2770 1230 2815 filioque
1255 2770 1460 2815 principatus
1483 2770 1603 2802 incun-

140 2819 274 2848 ctanter
286 2813 420 2856 laudat,
447 2828 719 2863 magnopereque
734 2822 854 2852 auctor
868 2823 940 2858 est,
970 2822 1009 2851 ut
1028 2816 1182 2850 Eudocia
1204 2827 1278 2850 cum
1293 2815 1461 2849 Michaele
1477 2814 1602 2860 primo-

140 2859 256 2906 genito
281 2859 438 2907 princeps
459 2864 703 2899 acclamaretur
712 2889 725 2910 ‚
753 2863 803 2899 ita
824 2867 863 2898 ut.
875 2863 1024 2900 Michael
1038 2862 1172 2909 quidem
1187 2867 1362 2908 parentem
1377 2872 1471 2895 suam
1485 2861 1602 2904 Augu·
