1878 3262
569 193 1109 240 COMMENTARIORUM
1142 197 1192 247 L,
1223 195 1302 241 111.
1599 196 1666 244 99

199 311 345 361 τιοχεῖς
363 303 527 349 ἔσπευδε
550 306 801 365 θεραπεύειν.
862 306 947 352 εἶτα
970 311 1220 354 διελθουσῶν
1240 309 1402 369 ἡμερῶν
1422 309 1564 369 ὀλίγων
1585 310 1661 369 ἤγ-

199 376 326 431 γέλθη
352 373 548 432 Τούρκων
571 377 644 418 οὐκ
665 378 878 432 ἐλαχίστην
898 385 1047 435 μοῖραν
1066 380 1170 422 κατὰ
1192 382 1346 437 Συρίας
1358 389 1520 438 χωρεῖν.
1572 380 1594 424 ὃ
1615 382 1660 425 δὲ
1682 385 1716 421 V
1737 385 1782 421 47

200 443 274 492 τὰς
299 442 489 497 δυνάμεις
507 445 723 500 ἀναλαβών
744 443 860 502 ἐξῄει.
914 449 1116 489 συνείπετο
1143 450 1189 490 δέ
1208 449 1246 490 οἷ
1271 451 1337 491 καὶ
1361 447 1381 491 ὅ
1408 450 1474 491 ἔπ’
1504 451 1661 507 ἀδελφῇ

197 509 343 554 τούτου
375 513 559 569 γαμβρὸς
591 515 896 564 Κωνσταντῖνος
928 512 949 556 ὅ
983 519 1057 557 τοῦ
1088 518 1289 570 βασιλέως
1312 518 1531 574 Διογένους
1558 517 1661 569 υἱός.

161 586 185 623 5
197 580 370 634 ἐντυχών
388 582 430 622 δὲ
450 589 533 631 τοῖς
549 580 746 638 Τούρκοις
762 585 829 624 καὶ
847 580 983 637 μάχην
1002 585 1095 637 μετ’
1121 585 1255 627 αὐτῶν
1274 585 1464 641 συνάψας
1480 585 1658 642 ἡττήθη,

193 650 261 690 καὶ
291 651 478 704 γενναίως
503 649 798 705 ἀγωνισάμενος
825 653 890 693 καὶ
914 650 1129 708 τραύματα
1153 653 1270 696 ἱκανὰ
1293 654 1396 712 παρ’
1427 655 1560 697 αὐτῶν
1582 660 1660 697 λα-

191 717 280 770 βὼν
310 718 431 767 αὐτὸς
453 718 526 771 μὲν
549 717 678 771 ἑάλω,
707 719 888 776 ἀνῃρέθη
915 721 1044 762 δὲκαὶ
1071 719 1092 762 ὃ
1116 722 1322 777 Διογένης.
1390 723 1461 765 τὸν
1483 724 1558 777 μὲν
1583 719 1655 766 οὖν
1677 734 1708 769 C

193 785 319 835 εὐθὺς
341 786 379 827 οἱ
398 786 610 840 Ἀντιοχεῖς
635 788 938 838 ἀποστείλαντες
955 790 1126 846 χρυσίου
1149 789 1344 844 χιλιάδων
1366 790 1572 846 ὠνήσαντο
1599 793 1656 834 εἶ’-

191 870 280 895 κοσι
306 855 372 896 καὶ
395 853 446 896 τὰ
466 856 510 896 ἐκ
533 860 608 897 τοῦ
625 857 801 910 πολι-’μου
825 855 1039 913 τραύματα
1062 857 1303 914 θεραπεύειν
1330 858 1542 902 ἔσπευδον·
1578 861 1657 902 αὖ·

138 921 262 971 ἱστὸς
291 923 334 964 δὲ
367 923 483 965 εῗσέτι
512 926 684 979 γνησίως
715 926 878 967 διέκειτο
909 926 1011 982 πρὸς
1039 926 1188 976 αὐτοὺς
1220 928 1287 968 καὶ
1308 926 1381 976 τὰς
1402 927 1578 981 ἀμοιβὰς
1599 927 1655 980 ὥς

189 987 275 1032 οἷόν
298 1007 339 1033 τε
365 991 528 1034 ἔσπευδε
549 991 707 1044 τούτοις
730 992 982 1036 ἀποδιδόναι.
1052 994 1158 1036 ἀλλὰ
1178 995 1229 1037 τὰ
1252 996 1326 1049 μὲν
1346 995 1450 1037 κατὰ
1468 995 1542 1050 τὴν
1561 996 1654 1039 Ἀν-

186 1056 362 1112 τιόχειαν
396 1061 438 1101 ἓν
471 1058 629 1112 τούτοις
664 1057 738 1117 ἦν,
773 1060 794 1104 ὅ
830 1062 874 1104 δὲ
906 1061 998 1118 ἑξῆς
1024 1061 1142 1119 λόγος
1170 1061 1341 1119 δηλώσει
1366 1065 1434 1106 καὶ
1458 1066 1548 1121 περὶ
1573 1068 1655 1107 τῶν

186 1127 292 1169 κατὰ
315 1127 388 1182 τὴν
413 1125 598 1186 ἑσπέραν.

185 1236 290 1270 tatem
314 1235 500 1270 benefactis
525 1236 754 1271 demereretur
774 1236 905 1282 sibique
921 1236 1117 1283 popularem
1138 1236 1314 1282 colligeret
1333 1236 1490 1282 gratiam.
1536 1237 1653 1283 paucis

185 1285 264 1326 post
288 1281 409 1315 diebus
435 1282 620 1316 nuntiatum
647 1287 700 1316 est
722 1294 787 1316 non
812 1294 951 1328 parvam
974 1283 1162 1317 Tur-corum
1182 1294 1314 1317 manum
1327 1283 1362 1316 in
1379 1283 1514 1327 Syriam
1529 1283 1654 1318 irrum-

184 1338 281 1373 pere.
330 1338 396 1372 quo
423 1327 537 1361 audito
565 1329 633 1362 dux
658 1339 732 1362 cum
758 1329 862 1373 copiis
886 1329 1049 1362 adversus
1073 1329 1148 1363 illos
1163 1329 1271 1363 vadit.
1319 1328 1470 1363 adiunxit
1484 1341 1522 1363 se
1535 1329 1584 1364 illi
1598 1329 1654 1365 vir

184 1371 313 1406 sororis
329 1373 400 1406 eius
416 1373 656 1408 Constantinus
671 1374 883 1419 imperatoris
898 1374 1062 1418 Diogenis
1077 1374 1179 1409 filius.
1227 1378 1409 1409 occurrunt
1422 1375 1538 1409 Turci.
1585 1386 1653 1420 pu-

184 1424 318 1462 gnatur.
366 1419 436 1452 dux
449 1419 632 1453 fortissime
648 1431 716 1454 rem
731 1431 853 1464 gerens
872 1420 983 1454 multis
999 1420 1194 1454 vulneribus
1210 1420 1359 1466 acceptis
1375 1421 1517 1466 capitur.
1555 1420 1652 1455 Con-

183 1464 349 1498 stantinus
374 1464 543 1508 Diogenes
571 1465 746 1499 occiditur.
794 1471 830 1500 et
854 1466 971 1499 ducem
992 1466 1124 1510 quidem
1139 1466 1337 1500 Antiocheni
1352 1467 1451 1500 misso
1467 1466 1580 1511 pretio
1598 1467 1653 1500 vi-

183 1508 268 1552 ginti
284 1509 418 1543 millium
435 1521 612 1545 aureorum
629 1511 843 1545 redemerunt
868 1516 1051 1556 ceteraque
1066 1511 1146 1545 belli
1160 1512 1246 1545 mala
1262 1522 1423 1557 reparare
1437 1511 1651 1546 studuerunt.

180 1565 255 1633 :pse
269 1560 381 1589 autem
398 1557 558 1590 hactenus
574 1562 719 1591 mutuam
735 1557 816 1602 ipsis
841 1557 1111 1591 benevolentiam
1133 1558 1272 1592 exhibet
1286 1562 1320 1592 et
1334 1567 1423 1602 quae
1437 1557 1522 1591 bene
1539 1556 1652 1591 meriti

207 1612 226 1634 e
239 1600 314 1646 ipso
330 1607 409 1636 sunt
423 1602 551 1636 affectu
568 1608 602 1637 et
619 1603 791 1637 beneficiis
807 1603 922 1637 studet
938 1603 1134 1648 rependere.
1182 1603 1248 1637 hoc
1273 1607 1366 1637 statu
1390 1607 1488 1636 erant
1507 1614 1562 1637 res
1576 1604 1650 1637 An-

179 1645 368 1728 glggilzenae·
416 1647 496 1694 quid
517 1648 651 1684 interim
675 1654 836 1695 ageretur
849 1649 886 1683 in
902 1648 1063 1683 Occiduis
1088 1648 1243 1695 partibus
1257 1648 1345 1685 liber
1359 1659 1568 1695 consequeus
1584 1647 1648 1683 do-

531 1851 1142 1912 ΒΙΒΛΙΟΝ
1210 1854 1287 1911 Γ.

285 1952 306 1970 (Ι

183 1976 223 2020 1.
314 1951 438 2023 Οσα
462 1979 536 2033 μὲν
560 1974 631 2021 οὗν
652 1980 795 2036 ξυνέβη
818 1981 922 2023 κατὰ
941 1981 1014 2036 τὴν
1037 1981 1089 2024 ἕω
1111 1980 1214 2036 μετὰ
1236 1980 1310 2036 τὴν
1331 1984 1405 2024 τοῦ
1424 1978 1642 2039 Διογένους
1663 1995 1692 2030 Ρ
1717 1998 1762 2032 63

123 2059 167 2095 15
177 2049 251 2087 τοῦ
279 2048 480 2099 βασιλέως
508 2051 769 2105 καθαίρεσιν,
805 2052 872 2091 καὶ
905 2049 996 2092 ὅσαι
1023 2052 1199 2107 ταραχαὶ
1221 2052 1286 2092 καὶ
1308 2050 1551 2093 ἀποστασιάι
1572 2054 1640 2093 καὶ
1665 2042 1698 2077 V
1719 2045 1764 2077 48

176 2113 337 2165 στάσεις
371 2115 618 2173 ἀνήφθησάν
639 2134 680 2158 τε
703 2119 769 2158 καὶ
796 2113 919 2168 αὖθις
947 2119 1226 2174 ἔσβέσθησαν,
1261 2121 1328 2161 καὶ
1351 2117 1406 2169 ὡς
1429 2117 1455 2173 ἢ
1475 2122 1642 2175 μεγίστη

174 2188 316 2225 πασῶν
346 2187 552 2238 τυραννίς,
590 2187 695 2242 φημὶ
717 2186 766 2240 δὴ
789 2191 862 2228 τοῦ
883 2186 1128 2243 Οὖρσελίου,
1163 2189 1219 2237 εἷς
1244 2188 1348 2242 μέγα
1377 2187 1552 2243 ἀρθεῖσα
1572 2191 1642 2230 καὶ

173 2253 370 2306 μεγίστων
392 2258 526 2295 κακῶν
550 2255 659 2295 αἰτία
678 2258 730 2310 τῇ
744 2252 954 2308 Ῥωμαίων
984 2256 1173 2310 γενομένη
1194 2255 1307 2312 παρὰ
1328 2260 1401 2296 τοῦ
1421 2257 1641 2311 Κομνηνοῦ

166 2319 342 2371 Ἀλεξίου
364 2321 576 2379 καθῄρητο
599 2322 655 2364 ἔτι
679 2324 826 2380 κομιδῇ
847 2324 936 2366 νέου
964 2322 1078 2374 ὄντος
1097 2325 1165 2367 καὶ
1188 2322 1543 2382 στρατοπεδάρχου
1567 2329 1639 2378 τῆς

265 2429 319 2464 17.
343 2426 420 2474 δὴ]
444 2429 542 2464 Fert.
566 2429 643 2464 add4
668 2425 707 2473 ἡ.

615 2541 1001 2599 LIBER
1076 2542 1193 2599 III.

172 2652 204 2685 1.
251 2618 524 2709 Quaecumque
548 2653 682 2699 quidem
700 2653 912 2697 contigerunt
927 2665 988 2700 per
1004 2652 1178 2687 Orientem
1192 2654 1273 2698 post
1286 2651 1530 2700 depositionem
1545 2654 1634 2690 Dio-

170 2696 287 2740 genis,
316 2699 500 2744 turbasque
515 2699 742 2741 defectiones,
769 2699 971 2742 seditiones,
998 2710 1068 2744 qua
1082 2699 1265 2743 excitatas,
1289 2711 1357 2745 qua
1371 2701 1553 2735 exstinctas
1569 2712 1632 2746 per

169 2742 205 2775 id
223 2748 372 2787 tempus,
402 2750 439 2778 et
454 2751 493 2778 ut
508 2746 651 2780 omnium
666 2745 810 2779 maxima
825 2746 999 2789 tyrannis,
1030 2744 1154 2779 Urselii
1175 2745 1274 2787 dico,
1303 2746 1339 2780 in
1365 2757 1520 2791 magnum
1541 2747 1631 2780 elata

171 2792 208 2821 et
223 2787 436 2823 maximorum
453 2802 554 2825 eausa
569 2792 728 2826 malorum
744 2791 885 2836 imperio
899 2792 1051 2826 Romano
1067 2802 1088 2825 a
1100 2790 1272 2826 Comneno
1285 2791 1408 2826 Alexio
1422 2792 1531 2826 adhuc
1545 2792 1630 2826 udo-

173 2833 358 2869 lescentulo
381 2836 586 2872 exercituum
611 2837 834 2872 Orientalium
860 2838 1035 2884 praefecto
1059 2836 1172 2880 deleta
1191 2837 1255 2881 ait,
1285 2837 1344 2883 qui
1357 2838 1446 2873 hunc
1459 2837 1631 2883 praecedit
