1878 3262
258 205 359 252 208
741 201 969 269 lomus
1001 198 1234 249 ‘emmiu

256 322 395 374 διαζῆν
412 318 643 359 ἐπίστανται
653 347 667 369 ,
701 313 772 367 οὓς
791 317 841 372 δὴ
862 313 1180 374 Τουρκομάνους
1195 315 1293 368 ἔθος
1312 323 1445 362 καλεῖν
1463 317 1593 370 ἔστιν,
1627 316 1719 362 ‹iu-⁶

254 386 470 444 μωρήτους
498 387 567 428 ἐᾶν
593 384 803 428 ὁποιονοῦν
830 403 869 429 τι
905 387 946 436 ἒς
963 384 1174 440 Ῥωμαίων
1208 384 1492 444 ἡμαρτηκότας
1525 387 1599 442 τὴν
1628 392 1719 444 γῆν.

253 454 382 500 ταῦτά
399 472 439 497 τε
456 454 577 505 αὐτὸς
596 453 826 511 ὡμολόγηκε
844 457 911 498 καὶ
929 453 1177 512 μεγιστάνων
1194 453 1282 498 ὅσοι
1301 456 1412 515 αὐτῷ
1432 459 1608 508 εἵποντο,
1642 455 1719 499 κᾶν

252 526 399 575 ἐκεῖνος
421 523 555 566 αὐτῶν
579 524 745 580 ἀμελοιή
757 556 769 576 ,
803 524 898 574 τοὺς
914 525 957 566 δὲ
976 525 1110 567 σθένει
1127 525 1247 566 παντὶ
1267 523 1432 567 κωλύειν
1446 525 1518 581 τὴν
1537 526 1720 583 ἐγχείρη-

251 611 331 636 σιν.
399 597 528 635 ταῦτα
546 593 620 647 μὲν
639 587 710 635 οὖν
725 594 766 635 ἓν
787 594 996 651 Βυζαντίῳ
1025 594 1216 645 ἐτελεῖτο,
1251 591 1278 648 ἦ
1301 594 1346 635 δὲ
1363 592 1479 651 φήμη
1501 593 1651 651 φθάνει
1674 595 1755 646 ἒξό

252 660 456 719 Εὐρώπης
478 663 540 703 ἐπὶ
564 662 636 717 τὴν
649 661 786 705 Ἀσίαν
806 664 999 717 διαβᾶσα.
1067 663 1200 704 τοίνυν
1219 663 1285 704 καὶ
1311 662 1357 704 οὗ
1381 662 1482 718 πρὸς
1500 662 1622 705 καλὸν
1641 663 1720 706 αὗ-

253 738 340 782 τοΐς
361 731 527 774 ἔσεσθαι
544 730 582 772 οἳ
602 733 696 787 τῇδε
714 732 948 784 νομίσαντες
975 728 1177 788 φύλαρχοι
1195 733 1229 773 εἲ
1247 731 1439 785 βασιλεὺς
1455 730 1524 773 τὸν
1546 732 1723 774 σουλτὰν

256 801 552 854 εἰσπεποίηται,
597 799 785 856 πρέσβεις
813 800 1046 854 πέμψαντες
1084 800 1240 842 ἐδέοντο
1284 798 1340 850 ὡς
1380 801 1448 842 καὶ
1483 798 1632 850 αὐτοὺς
1661 803 1723 858 τῷ

255 869 430 912 σουλτὰν
449 865 683 918 διαλλάξαι·
719 866 740 910 ὃ
761 869 804 910 δὲ
825 868 970 923 ἤκουσε
987 869 1060 922 μὲν
1080 868 1214 910 αὐτῶν
1236 867 1309 910 οὐκ
1329 868 1489 923 ἀηδῶς,
1524 869 1565 918 ἒς
1586 869 1630 911 δὲ
1645 868 1720 924 τὴν

202 945 234 981 Β
256 941 330 981 τοῦ
357 936 531 980 σουλτᾶν
564 939 692 990 δῆθεν
722 936 768 979 τὸ
800 941 881 979 πᾶν
910 937 1116 987 ἀνατιθεὶς
1145 938 1297 994 αἵρεσιν
1318 937 1385 979 ἐπ’
1409 938 1554 980 ἐκεῖνον
1573 936 1721 987 αὐτοὺς
1732 942 1778 983 10

256 1005 427 1060 ἔπεμπεν
454 1007 496 1047 ἓν
522 1007 730 1064 παλατίῳ,
778 1003 966 1063 καθάπερ
993 1006 1169 1063 εἴρηται,
1213 1005 1426 1063 διατριβὴν
1456 1005 1612 1060 ἔχοντα.
1682 1005 1730 1047 οἳ

257 1077 325 1118 καὶ
345 1075 478 1129 ἐπειδη
495 1072 666 1128 τάχιστα
690 1074 793 1132 πρὸς
817 1072 960 1131 λόγους
981 1075 1115 1132 ἐκείνῳ
1135 1075 1408 1129 κατέστησαν,
1445 1073 1728 1117 διαλύσασθαί

257 1161 299 1186 τε
331 1145 446 1200 σφίσι
471 1142 544 1197 τὴν
575 1142 731 1200 ἔχθραν
753 1142 925 1197 ἴσχυσαν
953 1145 1021 1186 καὶ
1045 1143 1175 1198 ἲκέτην
1203 1141 1304 1200 ὖπὲρ
1327 1143 1460 1185 αὐτῶν
1477 1147 1642 1198 βασιλεῖ
1654 1159 1723 1199 γε-

137 1219 171 1253 V
192 1219 238 1254 95
259 1213 405 1255 νέσθαι
427 1211 652 1253 ἀνέπεισαν.
720 1208 741 1253 ὃ
763 1212 807 1253 δὲ
829 1209 1054 1254 ἱκετεύοντα
1071 1209 1375 1268 προσηκάμενος
1393 1212 1434 1254 ἓν
1451 1212 1580 1268 φίλων
1596 1213 1723 1272 μοίρᾳ

257 1283 326 1324 καὶ
361 1279 510 1330 αὐτοὺς
537 1278 776 1334 ἐποιήσατο,
817 1278 953 1337 εῗρήνη
978 1297 1020 1323 τε
1050 1283 1125 1323 τοῦ
1151 1284 1295 1322 λοιποῦ
1318 1280 1510 1337 σταθηριὶ
1532 1280 1606 1336 τὴν
1616 1278 1718 1323 Ῥω-
1731 1286 1778 1324 15

253 1351 388 1405 μαίων
407 1347 508 1403 εἶχεν
527 1347 669 1405 ἀρχήν.

394 1416 442 1463 4.
506 1417 614 1459 Ἐπεὶ
644 1417 688 1459 δὲ
714 1414 740 1471 ’ἢ
772 1418 935 1471 βασιλὶς
965 1413 1119 1474 Εἰρήνη
1149 1414 1220 1459 τὸν
1244 1416 1336 1470 βίον
1358 1415 1437 1472 ἤδη
1456 1413 1722 1472 μετήλλασσε,

254 1487 450 1543 βασιλεὺς
473 1487 516 1528 δὲ
546 1485 658 1528 οὔπω
686 1484 854 1542 ἄρρενος
874 1484 963 1528 τότε
992 1483 1126 1542 πατὴρ
1149 1485 1296 1536 παιδὸς
1318 1484 1623 1542 {mmmm-dlv,
1658 1486 1723 1528 ἐπὶ

257 1556 467 1612 δευτέρους
487 1554 628 1596 λοιπὸν
647 1553 793 1608 ἔβλεψε
811 1552 981 1609 γάμους.
1050 1555 1119 1596 καὶ
1140 1548 1191 1609 ἦν
1208 1552 1286 1611 γάρ
1312 1571 1374 1604 τις
1397 1552 1497 1611 κόρη
1517 1558 1598 1596 τῶν
1616 1554 1722 1597 κατὰ

255 1625 328 1679 τὴν
360 1625 401 1666 ἓν
436 1624 604 1680 Φοινίκῃ
638 1624 855 1679 Τρίπολιν,
889 1623 1058 1665 Λατῒνα
1086 1622 1160 1677 μὲν
1182 1622 1295 1678 γε’νος
1327 1622 1569 1680 περικαλλὴς
1602 1623 1647 1665 δὲ
1679 1623 1779 1667 ἒνΞΟ

210 1699 242 1734 C
262 1700 352 1743 ταῖς
369 1690 562 1748 μάλιστα.
629 1689 780 1746 ταύτην
805 1692 958 1734 ἐκεῖθεν
985 1691 1156 1743 ἄξοντας
1170 1689 1359 1746 Ἰωάννην
1375 1708 1416 1734 τε
1435 1691 1633 1744 σεβαστὸν
1652 1691 1722 1734 τὸν

255 1761 593 1819 ,Κοντοστέφανον
610 1758 765 1815 ἔπεμψε
785 1762 852 1802 καὶ
869 1758 1159 1818 Θεοφύλακτον
1171 1759 1302 1817 ἄνδρα
1315 1756 1483 1812 Ἰταλόν,
1518 1758 1564 1802 ὃν
1578 1758 1722 1812 Ἐξού-

347 1880 383 1917 3.
408 1875 648 1925 οὗμολόγηκε]
673 1879 760 1915 eod.
783 1876 1008 1924 ὁμωλόγηκε.

256 1995 319 2020 seu
342 1982 376 2018 in
402 1983 592 2018 Occidente
611 1983 735 2017 bellum
756 1982 858 2017 foret.
904 1991 1015 2026 neque
1041 1981 1141 2016 etiam
1162 1981 1441 2025 Turcomannos,
1472 1991 1559 2027 quos
1581 1985 1720 2026 vocant,

256 2035 359 2076 rapto
382 2029 501 2064 vivere
528 2034 703 2072 assuetos,
752 2030 897 2074 uotquot
911 2028 975 2062 sub
990 2026 1078 2062 illius
1101 2031 1214 2062 essent
1228 2032 1424 2073 potestate,
1445 2027 1624 2072 impunitos
1639 2029 1722 2063 reli-

260 2080 414 2117 cturum,
436 2075 472 2109 in
495 2086 706 2120 quacumque
727 2041 859 2108 demum
882 2073 1010 2119 imperii
1031 2078 1128 2120 parte
1152 2073 1384 2118 deliquissent.
1431 2073 1514 2107 haec
1527 2073 1584 2108 ille
1598 2078 1720 2120 pactus

260 2125 336 2163 est,
362 2126 396 2155 et
411 2120 467 2165 qui
487 2133 562 2155 eum
587 2121 831 2155 comitabantur
853 2124 1049 2164 magnates,
1072 2119 1101 2153 si
1125 2120 1169 2154 ab
1184 2119 1345 2153 eiusmodi
1361 2119 1607 2154 conditionibus
1621 2131 1721 2155 rece-

259 2167 378 2208 deret,
400 2177 464 2211 pro
488 2167 618 2201 viribus
644 2167 731 2200 illius
757 2177 795 2200 se
810 2171 951 2200 conatus
965 2165 1185 2224 impedituros
1207 2171 1286 2199 sunt
1301 2165 1449 2211 polliciti.
1495 2165 1546 2200 his
1558 2165 1722 2209 Byzantii

259 2212 463 2254 transactis,
487 2213 544 2246 ubi
561 2223 675 2246 earum
691 2223 802 2246 rerum
825 2213 914 2246 fama
930 2222 974 2245 ex
995 2212 1138 2257 Europa
1154 2211 1188 2245 in
1203 2211 1314 2245 Asiam
1330 2211 1502 2256 pervenit,
1526 2210 1719 2256 phylerchi,

259 2259 318 2304 qui
333 2259 435 2292 hasce
451 2258 606 2302 regiones
621 2258 787 2301 incolunt,
812 2257 900 2292 haud
919 2257 984 2291 sibi
998 2258 1084 2291 bene
1100 2268 1270 2291 cessurum
1286 2257 1371 2300 rati,
1405 2257 1434 2290 si
1458 2256 1493 2290 in
1507 2267 1587 2290 suas
1603 2263 1719 2302 partes

259 2305 434 2339 Sullanum
450 2303 648 2338 adduxisset
661 2304 844 2349 imperator
855 2331 864 2347 ‚
888 2314 951 2348 per
966 2303 1097 2347 legatos
1114 2303 1204 2337 illum
1221 2313 1406 2346 rogavere,
1430 2306 1468 2336 ut
1491 2305 1527 2336 et
1542 2302 1719 2339 Sultanum

256 2350 401 2397 perinde
428 2349 492 2384 sibi
517 2349 763 2383 reconciliaret.
820 2350 938 2382 horum
960 2348 1018 2382 ille
1040 2349 1237 2393 legationem
1262 2348 1350 2382 haud
1373 2347 1542 2382 illibenter
1565 2349 1718 2385 audivit:

258 2396 320 2431 sed
337 2396 431 2430 velut
445 2406 516 2429 rem
538 2406 666 2429 omnem
682 2394 816 2428 Sultani
831 2395 1021 2439 relinquens
1037 2394 1176 2429 arbitrio
1188 2419 1198 2435 ,
1215 2394 1307 2439 ipsos
1321 2392 1363 2426 ad
1379 2404 1453 2427 eum
1472 2393 1583 2437 misit,
1603 2394 1638 2428 in
1656 2406 1720 2441 pa·-

258 2442 338 2476 latio
350 2467 360 2484 ‚
385 2438 659 2487 quemadmodum
675 2441 799 2474 dictum
815 2445 867 2474 est
883 2466 893 2483 ‚
917 2445 997 2473 tunc
1012 2446 1179 2484 agentem.
1224 2439 1271 2473 illi
1284 2445 1395 2473 autem
1410 2439 1507 2473 simul
1522 2444 1626 2485 atque
1642 2452 1719 2477 cum

258 2499 301 2522 eo
316 2492 396 2521 sunt
422 2486 615 2532 congressi,
637 2486 773 2520 tandem
798 2491 836 2520 ut
858 2496 947 2531 quae
968 2485 1057 2520 inter
1071 2487 1164 2532 ipsos
1178 2484 1433 2520 intercedebant
1454 2484 1639 2520 simultates
1655 2486 1720 2521 de-

257 2537 404 2578 poneret
416 2558 428 2576 ,
452 2537 487 2567 et
502 2532 592 2578 apud
607 2532 790 2578 principem
806 2543 867 2578 pro
882 2542 920 2565 se
934 2531 1172 2575 intercederet,
1193 2537 1450 2577 persuaserunt:
1474 2531 1569 2565 cuius
1583 2531 1641 2566 ille
1655 2532 1718 2567 ad-

258 2578 368 2613 missis
383 2579 541 2623 precibus
554 2604 565 2620 ,
590 2584 626 2612 et
649 2578 742 2624 ipsos
765 2577 798 2611 in
822 2588 993 2612 numerum
1007 2578 1186 2612 amicorum
1201 2576 1353 2612 adscivit.
1398 2580 1500 2621 atque
1514 2577 1592 2612 inde
1605 2577 1640 2612 in
1654 2589 1719 2625 po-

257 2629 386 2660 sterum
402 2624 530 2658 firmam
545 2635 663 2669 pacem
678 2624 864 2658 Romanum
878 2623 1051 2669 imperium
1066 2623 1224 2669 adeptum
1239 2627 1300 2656 est.

351 2669 385 2704 4.
432 2670 615 2714 Postquam
630 2669 827 2714 imperatrix
849 2670 947 2703 Irene
961 2669 1035 2704 vita
1050 2669 1214 2712 excessit,
1237 2668 1393 2713 princeps
1406 2693 1416 2710 ,
1441 2668 1495 2702 cui
1511 2669 1592 2704 nulli
1605 2668 1716 2705 adhue

259 2719 359 2750 erant
374 2715 511 2749 masculi
524 2715 621 2748 liberi
633 2741 646 2759 ‚
668 2715 711 2749 de
728 2715 880 2750 secundis
897 2714 1022 2760 nuptiis
1046 2715 1158 2761 coepit
1179 2715 1341 2758 cogitare.
1389 2720 1464 2748 erat
1478 2719 1588 2750 autem
1605 2715 1719 2762 puella

260 2761 394 2807 Tripoli
410 2761 442 2794 in
458 2760 660 2803 Phoenicia,
683 2767 786 2803 gente
809 2761 942 2805 quidem
963 2760 1101 2803 Latina,
1126 2761 1235 2794 forma
1249 2760 1443 2804 ceteroquin
1459 2761 1581 2796 eximia
1594 2766 1630 2796 et
1644 2761 1717 2796 ele·-

260 2807 367 2853 ganti.
413 2817 454 2840 eo
478 2806 536 2851 qui
560 2805 638 2840 inde
666 2805 755 2841 illam
782 2806 990 2841 abducerent
1012 2806 1100 2840 misit
1117 2806 1274 2840 Ioannem
1291 2806 1602 2851 Contostepbanum
1618 2807 1718 2842 seba-

260 2859 350 2889 stum
365 2856 402 2888 et
414 2852 707 2899 Theopbylactum
721 2852 829 2888 virum
843 2851 963 2888 Italum
975 2876 988 2895 ,
1010 2862 1109 2898 quem
1123 2851 1309 2887 Exubitum
1323 2852 1550 2898 appellabant.
1596 2857 1638 2888 ut
1648 2851 1716 2898 igi-
