1878 3262
616 187 1011 234 HISTORIARUM
1038 191 1088 234 L.
1122 191 1219 236 v11.
1566 194 1663 241 295

204 318 295 351 ποις
321 299 470 356 ἡδονὴν
499 301 631 360 φέρει,
658 307 787 346 ταῦτα
813 303 864 359 δὴ
895 302 917 346 ὃ
942 307 1079 362 χῶρος
1100 304 1270 363 ἄφθονα
1289 311 1488 364 παρεῖχεν.
1556 308 1660 351 ἀλλὰ
1683 316 1713 350 Β

203 370 387 427 Πέρσαι,
415 368 582 426 ὁπηνίκα
609 370 634 427 ἡ
660 372 763 415 κατὰ
774 370 983 426 Ῥωμαίων
1001 373 1175 428 ἤκμαζεν
1197 374 1400 433 ἐκδρομή,
1430 374 1504 430 τήν
1526 393 1567 419 τε
1586 377 1663 419 πό-

203 442 267 480 λιν
294 440 351 488 εἷς
380 438 532 496 ἔδαφος
562 442 812 496 βεβλημένην
842 439 1072 498 ἀνθρώπων
1103 442 1252 499 ἔρημον
1284 442 1538 487 παντάπασιν
1572 446 1664 488 ἒπε-

203 508 366 561 ποίηντο
388 510 454 549 καὶ
478 509 528 550 τὰ
550 512 643 565 τῇδε
664 508 796 552 πάντα
814 510 932 566 μέχρι
952 512 1019 551 καὶ
1038 511 1102 551 ἐπὶ
1123 513 1265 554 λεπτὸν
1284 517 1357 567 τῆς
1373 511 1498 555 πάλαι
1517 513 1664 568 σεμνό-

170 583 322 629 5τητος
341 575 544 633 ἠφάνισαν
564 579 683 632 ἴχνος.
750 576 777 633 ’ἢ
805 579 878 631 μὲν
909 578 960 632 δὴ
990 577 1106 628 πόλις
1134 579 1269 622 τοιάδε
1291 598 1351 630 τις
1373 576 1435 636 ἧν.
1504 581 1593 625 τότε
1619 584 1664 625 δὲ

201 644 363 700 Πέρσαι
394 645 500 702 ἀμφὶ
530 647 748 700 δισχιλίους
777 648 866 703 περὶ
893 645 1043 702 ταύτην
1070 646 1243 701 νομάδες
1262 646 1316 698 ὧς
1333 649 1429 699 ἔθος
1448 649 1662 704 ἐσκήνουν·

202 710 274 761 οὓς
304 713 354 766 δὴ
384 715 536 756 ἐκεῖθεν
566 712 856 770 ἀπαναστήσας
879 714 1072 768 βασιλεὺς
1094 714 1261 773 χάρακά
1289 734 1330 758 τε
1349 722 1422 772 τῆς
1438 718 1591 769 πόλεως
1612 719 1660 761 οὗ

199 781 362 836 μακρὰν
389 781 543 824 ἄποθεν
568 783 797 840 περιβαλών
822 782 874 825 τὰ
901 783 1001 840 πρὸς
1021 786 1274 838 τειχοδομίαν
1302 785 1523 841 ἐξηρτύετο.
1593 789 1662 829 καὶ

198 846 226 902 ἡ
251 850 326 901 μὲν
356 850 460 891 κατὰ
487 849 610 904 τάχος
637 852 811 908 ἠγείρετο
819 883 834 902 ,
869 850 1076 906 σχήματος
1104 854 1178 906 μὲν
1209 857 1347 910 πολλῷ
1375 858 1449 895 τοῦ
1465 853 1661 911 πρότερον

147 915 312 959 1οΞ’νδ“ον
327 915 677 976 ὖποκεχωρηκυΐα,
712 924 786 962 τοῦ
803 920 847 961 δὲ
867 921 922 969 εἷς
940 919 1068 976 ἄκραν
1087 921 1191 977 αὐτῇ
1211 920 1472 976 ἀνεστηκότος
1489 922 1542 964 τὰ
1559 922 1662 979 πρό-

197 1002 312 1041 τερον
340 985 520 1044 γηλόφου
551 988 670 1045 ὀλίγῳ
699 988 750 1043 δὴ
777 988 959 1044 ἂποτέρω
991 990 1058 1032 καὶ
1086 989 1165 1031 ἀπὸ
1194 990 1346 1036 ταύτοῦ
1367 989 1568 1033 πάντοθεν
1584 996 1658 1034 τοῦ
1680 996 1712 1032 C

198 1053 473 1108 διαστήματος
493 1055 561 1098 τὸν
578 1058 789 1113 περίβολον
807 1058 1052 1114 στρέφουσα,
1118 1058 1310 1114 βασιλεὺς
1340 1059 1383 1100 δὲ
1413 1059 1483 1108 ξὺν
1512 1059 1661 1116 ὀλίγοις

198 1120 370 1177 ἑκάστης
398 1122 551 1180 ἡμέρας
578 1125 692 1175 ἐξιών
723 1123 859 1179 λόχοις
886 1142 927 1168 τε
955 1127 997 1176 ἐξ
1025 1126 1208 1182 ἀφανοῦς
1229 1129 1296 1169 καὶ
1317 1127 1422 1168 κατὰ
1441 1126 1658 1183 πρόσωπον

196 1195 422 1244 συμβολαῖς
454 1193 626 1243 πολλοὺς
643 1196 819 1250 Περσῶν
849 1193 990 1236 ἔκτεινε
1021 1196 1088 1236 καὶ
1109 1199 1189 1237 τῶν
1214 1194 1327 1252 παρὰ
1347 1197 1485 1252 σφίσιν
1507 1198 1658 1253 ἐπιφα-

144 1262 288 1301 15νιῦν.
357 1260 404 1300 οὐ
430 1260 506 1317 γὰρ
539 1262 714 1303 ἐνέλιπον
742 1263 879 1315 συχνοὶ
908 1263 950 1303 ἐκ
970 1267 1049 1304 τῶν
1067 1261 1259 1305 ἀνωτάτω
1279 1265 1511 1320 συρρέοντες
1531 1265 1598 1321 ἐφ’
1624 1260 1659 1322 ᾧ

194 1327 268 1381 τὴν
287 1328 645 1382 οἶκοδομιάκὰζῧτω
663 1329 842 1375 κωλύειν.
911 1328 998 1373 τότε
1031 1331 1080 1385 δὴ
1111 1334 1179 1374 καὶ
1199 1331 1398 1384 Σανισάν,
1435 1327 1556 1389 οὗπερ
1579 1332 1657 1388 ἤδη

195 1394 403 1450 ἐμνήσθην
411 1429 424 1447 ,
450 1395 613 1453 χρόνοις
640 1400 719 1440 τισὶ
748 1397 942 1455 πρότερον
968 1400 1160 1457 βασιλεὺς
1183 1401 1294 1457 αὐτῷ
1324 1400 1658 1458 προσπεφευγότα

196 1464 259 1504 ἐπὶ
286 1465 360 1514 τὰς
386 1464 577 1509 ἀνωτάτω
593 1466 756 1508 Ἰκονίου
773 1466 978 1522 χρήμασιν
998 1467 1220 1524 ἔφοδιάσας
1241 1468 1394 1523 ἔπεμψε
1408 1468 1561 1525 χώρας.
1598 1471 1657 1511 εἵ-

195 1549 291 1574 πετο
320 1533 366 1574 δέ
394 1533 432 1574 οἳ
459 1535 525 1575 καὶ
556 1533 787 1590 στράτευμα
806 1533 905 1576 ὁδοῦ
920 1540 992 1590 τῆς
1010 1537 1071 1577 ἐπὶ
1091 1539 1389 1593 Παφλαγονίαν
1408 1535 1662 1595 ἦγησομένῳ.-

139 1600 288 1642 mam?
313 1600 423 1643 οὔπω
443 1603 505 1643 ἐπὶ
527 1606 710 1646 πλεῖστον
729 1608 924 1660 προῆλθε,
950 1606 1015 1646 καὶ
1033 1607 1208 1660 Περσῶν
1227 1604 1416 1659 δυνάμεις
1433 1605 1658 1660 ἐλλοχήσα-

195 1686 266 1711 σαι
290 1667 498 1723 Ῥωμαίων
527 1688 567 1713 τε
599 1675 679 1713 τῶν
711 1672 785 1714 σὺν
813 1673 925 1729 αὐτῷ
953 1673 1125 1722 πολλοὺς
1152 1673 1325 1716 ἔκτειναν
1358 1675 1424 1714 καὶ
1455 1673 1651 1730 λαφύρων
1672 1679 1706 1714 D

195 1735 416 1791 ε’πλήσαντο
440 1738 598 1781 ἱκανῶν.
666 1740 844 1782 Σανισὰν
865 1742 908 1783 δὲ
923 1739 1040 1796 μόγις
1061 1743 1212 1788 ἐκεῖθεν
1233 1742 1403 1796 διαδρὰς
1421 1743 1655 1799 πεφοβημέ-

194 1822 264 1855 νος
291 1806 353 1846 gn)
380 1807 551 1859 βασιλέα
575 1802 716 1862 ἦλθεν,
784 1807 912 1860 οὕτως
931 1810 972 1858 ἐς
990 1809 1035 1851 τὸ
1054 1811 1270 1865 κακοτυχὲς
1289 1811 1350 1852 ἀεὶ
1371 1814 1430 1869 τῷ
1446 1809 1655 1868 ἀνθρώπῳ

288 1914 342 1948 16.
367 1909 543 1958 κωλύειν]
569 1914 655 1950 Cod.
676 1913 858 1952 κολούειν.
881 1915 1029 1951 correxit
1048 1916 1137 1957 Duc.

194 2014 272 2037 esse
296 2003 425 2045 solent,
456 2003 551 2047 regio
577 2004 662 2038 haec
684 2005 814 2043 affatim
839 2006 1039 2052 suppeditat.
1087 2006 1149 2042 sed
1170 2007 1254 2041 enim
1269 2007 1397 2042 Persae
1411 2017 1477 2052 quo
1503 2009 1655 2052 tempore

194 2049 421 2083 Romanorum
445 2050 530 2083 fines
545 2051 685 2084 maxime
698 2051 930 2091 incursabant,
962 2054 1077 2091 urbem
1100 2053 1173 2086 solo
1197 2058 1376 2101 aequatam
1399 2053 1517 2087 incolis
1541 2053 1652 2086 nuda-

194 2101 275 2129 runt
289 2106 444 2139 prorsuS‚
477 2101 512 2128 et
537 2095 749 2135 circumiecta
767 2097 878 2133 omnia
899 2098 947 2134 ita
964 2103 1159 2142 vastarunt,
1182 2103 1222 2132 ut
1244 2099 1368 2137 nullum
1389 2100 1494 2132 ferme
1518 2099 1651 2144 pristini

194 2140 385 2184 splendoris
407 2141 586 2184 vestigium
607 2142 816 2187 reliquerint.
861 2143 896 2177 in
912 2155 952 2176 eo
969 2143 1071 2187 igitur
1085 2148 1176 2177 statu
1193 2148 1268 2177 erat
1283 2150 1365 2179 tunc
1379 2145 1503 2178 haecce
1519 2145 1651 2178 civitas.

194 2185 324 2223 Ber-sae
346 2191 456 2220 autem
486 2188 548 2220 hac
572 2187 645 2231 ipsa
668 2192 872 2232 tempestate
895 2188 939 2222 ad
964 2189 1029 2225 duo
1053 2189 1153 2226 millia
1177 2200 1250 2223 cum
1277 2190 1433 2235 pascuis,
1466 2190 1515 2223 uti
1531 2190 1652 2233 solent,

196 2232 411 2266 tabernacula
428 2233 616 2267 habebant:
644 2233 764 2277 quibus
789 2234 864 2267 hinc
889 2235 1034 2279 expulsis
1059 2235 1238 2280 imperator
1261 2235 1419 2280 valloque
1444 2247 1509 2269 non
1534 2235 1654 2280 procul

195 2277 238 2311 ab
260 2278 345 2312 urbe
367 2278 592 2312 circumducto
609 2290 646 2311 se
665 2279 705 2312 ad
723 2290 888 2312 murorum
905 2280 1173 2314 aedificationem
1191 2286 1364 2325 comparat
1422 2281 1520 2315 condi
1547 2281 1653 2325 igitur

195 2334 319 2356 summa
345 2324 520 2357 celeritate
538 2324 657 2364 civitas
673 2325 803 2370 coepit,
837 2327 941 2360 forma
956 2327 999 2364 ab
1016 2337 1057 2359 ea
1073 2337 1158 2370 quae
1174 2327 1267 2371 prius
1281 2328 1394 2360 fuerat
1407 2327 1542 2365 multum
1559 2328 1651 2360 intus

197 2369 358 2410 absimili,
388 2381 408 2403 a
435 2370 521 2404 colle
538 2381 618 2403 vero
630 2397 640 2414 ‚
666 2382 763 2413 quem
780 2370 856 2403 olim
873 2382 933 2416 pro
949 2383 1028 2408 arce
1043 2373 1208 2405 habuerat
1213 2399 1226 2415 ,‚
1255 2373 1425 2417 paululum
1440 2372 1600 2408 remotius
1617 2375 1653 2404 et

195 2415 270 2459 pari
284 2415 427 2459 undique
452 2415 628 2449 intervallo
654 2416 891 2455 circumductis
912 2417 1093 2451 moenibus.
1138 2418 1294 2463 princeps
1313 2423 1424 2452 mitem
1447 2429 1520 2451 cum
1536 2416 1655 2461 paucis

197 2460 311 2493 exibat
331 2460 469 2504 singulis
495 2461 634 2504 diebus,
666 2468 701 2495 et
724 2462 843 2506 partim
868 2462 1082 2502 clandestinis
1107 2463 1235 2497 insidiis
1260 2463 1381 2508 partim
1403 2468 1521 2508 aperto
1538 2463 1653 2497 Marte

197 2505 317 2539 multos
334 2507 511 2540 Persarum
526 2507 724 2543 illustriores
747 2507 875 2543 cecidit.
922 2519 1032 2553 neque
1050 2508 1135 2545 enim
1153 2509 1353 2542 desinebant
1376 2520 1398 2544 a
1419 2508 1650 2553 superioribus

198 2551 353 2584 continuo
378 2552 462 2586 locis
487 2553 687 2598 irrumpere,
719 2564 786 2598 quo
819 2559 1020 2588 structuram
1049 2554 1140 2587 urbis
1163 2553 1378 2598 impedirent.
1422 2559 1493 2588 tum
1517 2565 1653 2599 quoque

199 2595 414 2638 Sanisanem‚
442 2598 534 2633 cuius
550 2610 652 2643 supra
668 2598 813 2637 memini,
844 2601 902 2644 qui
917 2599 1046 2644 aliquot
1060 2604 1138 2632 ante
1154 2599 1247 2633 annis
1263 2599 1307 2633 ad
1321 2600 1554 2644 imperatorem
1571 2611 1652 2645 pro-

199 2641 353 2684 fugerat,
385 2643 419 2676 in
445 2655 502 2677 eas
529 2645 685 2688 regiones
697 2671 706 2686 ‚
737 2655 824 2689 quae
840 2656 942 2690 supra
956 2645 1102 2682 Iconium
1118 2645 1294 2687 adiacent,
1326 2645 1413 2679 datis
1430 2646 1575 2690 pecuniis
1592 2645 1652 2678 mi-

200 2686 255 2720 sit.
304 2698 412 2721 comes
426 2695 498 2722 erat
513 2690 682 2724 exereitus
697 2691 730 2723 in
746 2690 1010 2735 Paphlagoniam
1025 2691 1142 2732 iturus,
1169 2691 1223 2724 cui
1237 2691 1294 2724 ille
1309 2691 1428 2725 ductor
1442 2692 1545 2726 foret.
1591 2691 1650 2724 sed

200 2731 291 2766 haud
300 2733 436 2767 multum
446 2736 641 2770 confecerat
651 2736 791 2778 itineris,
809 2748 881 2774 cum
891 2737 1069 2776 Persarum
1085 2736 1204 2781 copiae
1215 2748 1258 2771 ex
1271 2737 1399 2771 insidiis
1413 2745 1552 2771 coortae
1567 2736 1653 2770 niul-

201 2783 256 2811 tos
274 2778 495 2814 Romanorum
518 2781 743 2824 interficiunt,
775 2787 810 2815 et
833 2783 962 2827 praeda
987 2782 1157 2827 multiplici
1181 2783 1364 2828 potiuntur.
1409 2783 1486 2828 ipse
1509 2782 1653 2816 Sanisan

204 2823 264 2858 vix
287 2823 397 2858 vitato
423 2824 571 2870 periculo
595 2827 640 2861 ad
661 2827 903 2874 imperatorem.
921 2829 1075 2876 trepidus
1089 2828 1203 2872 venit?
1233 2829 1320 2872 adeo
1339 2829 1574 2864 adversantem
1590 2825 1653 2864 sibl
