1878 3262
641 184 1034 228 HISTORIARUM
1068 185 1116 228 L.
1147 183 1228 227 VI.
1557 181 1659 230 269

205 297 476 357 γμονῆσαντες
492 295 685 356 πρότερον
703 296 786 342 εἶτα
806 299 856 354 δὴ
878 299 1106 342 κατέθεντο.
1175 296 1269 341 ἀλλ’
1293 295 1315 340 ὅ
1338 293 1660 355 πρωτοστρᾶτωρ

207 371 292 428 ἰδίᾳ
311 367 466 419 τούτοις
482 369 748 423 ἐντετυχηκὼς
761 366 967 424 χρήμασιν
983 368 1192 410 ἀναπείθει
1213 366 1568 423 προσποιήσασθαι
1588 366 1661 419 μέν

209 439 266 487 εἷς
289 437 374 492 ἤθη
396 437 447 479 τὰ
468 436 618 493 πάτρια
644 441 911 486 παλινοστεῖν,
942 436 1101 477 ἐπειδὰν
1124 437 1167 478 δὲ
1190 436 1290 491 ἀωρὶ
1316 440 1396 477 τῶν
1412 439 1567 477 νυκτῶν
1583 434 1662 488 ἤδη

206 507 390 562 γένηται,
424 505 604 561 ἀθρόους
620 510 670 561 τῇ
689 505 887 558 βασιλέως
903 505 1121 546 ἐπιθέσθαι
1141 509 1266 560 σκηνῇ
1283 504 1398 559 ἔργου
1418 521 1459 546 τε
1481 503 1661 557 ἔχεσθαι.
1683 509 1716 544 Β

173 575 363 617 ὅτέθειτο
393 575 442 628 δὴ
475 579 603 616 ταῦτα
628 575 694 615 καὶ
720 572 975 627 βεβούλευτο.
1043 572 1148 613 ἀλλὰ
1174 571 1388 629 παιδάριόν
1422 589 1460 614 τι
1488 576 1568 614 τιόν
1599 572 1664 613 ἐπὶ

207 647 356 697 σκηνῆς
389 643 500 698 αὐτῷ
535 640 863 698 ὑπηρετουμένων
878 674 891 692 ,
943 639 1152 696 ἐπειδήπερ
1188 639 1286 695 ἔγνω
1325 641 1398 694 τὴν
1434 638 1663 695 ἐπιβουλήν,

206 713 365 767 σπουδῇ
386 712 427 760 ἐς
447 711 516 752 τὸν
537 712 724 763 ε’κτομιάν
749 710 903 764 Θωμᾶν
930 707 1161 766 παρελθόν,
1199 707 1242 758 ὃς
1262 708 1524 758 εὐνούστατος
1540 713 1663 762 βασι-

206 783 271 821 λεῖ
289 778 471 833 τηνικάδε
500 777 710 834 ἐτύγχανεν
736 778 815 830 ὤν,
850 777 1042 832 ἐμήνυσεν
1068 778 1177 834 αὐτῷ
1197 776 1241 819 τὸ
1261 777 1432 830 σκέμΙιια.
1502 775 1523 818 ὅ
1544 778 1587 818 δὲ
1609 779 1665 828 εἷς

203 848 378 900 βασιλέα
396 847 464 888 τὸν
481 845 612 888 πάντα
632 846 748 902 λόγον
766 846 975 902 ἀναγαγὼν
995 844 1078 888 εἶτα
1099 844 1379 901 παρεστήσατο
1400 844 1510 902 αὐτῷ
1531 846 1598 886 καὶ
1616 844 1662 887 τὸ

152 920 197 957 10
207 914 433 971 παιδάριον.
503 915 549 956 οὗ
570 915 651 968 μὴν
670 915 726 956 ἔτι
746 922 828 965 τοῖς
843 915 1066 970 λεγομένοις
1080 913 1270 968 βασιλεὺς
1289 912 1484 955 πιστεύειν
1503 912 1662 966 ἤθελεν,

206 984 282 1034 ἕως
308 985 435 1025 ἕωθεν
462 983 500 1025 οἱ
527 983 688 1025 Σκύθαι
718 984 792 1024 ἀπ’
823 985 954 1033 αἰτίας
983 984 1172 1037 οὐδεμιᾶς
1212 982 1434 1038 ἀποχωρεῖν
1473 981 1663 1038 ἤρξαντο.

207 1052 355 1102 αὖτοὺς
383 1053 457 1105 μὲν
484 1046 555 1093 οὖν
577 1050 837 1105 ὑποσχέσεσιν
867 1050 1057 1094 ὑπελθών
1083 1053 1255 1105 ἐπισχεῖν
1282 1050 1495 1105 ἠδυνήθη,
1530 1051 1593 1091 ε’πὶ
1617 1050 1662 1092 δὲ

199 1119 373 1170 Ἀλεξιον
387 1120 482 1169 τοὺς
500 1120 621 1162 αὐτὸν
640 1120 717 1175 ἤδη
737 1122 1068 1175 συλληψομένους
1088 1120 1241 1162 ἔστελλε
1250 1152 1264 1171 ,
1290 1122 1355 1161 καὶ
1377 1120 1478 1173 ταχὺ
1502 1117 1661 1172 δεσμώ·

205 1206 277 1243 της
300 1183 350 1242 ἦν
378 1186 399 1229 ὃ
430 1190 694 1244 ταλαίπωρος.
761 1189 855 1242 μετ’
890 1190 935 1230 οὐ
972 1190 1073 1230 πολὺ
1106 1190 1149 1230 δὲ
1177 1189 1376 1242 βασιλέως
1404 1186 1664 1238 κελεύσαντος

150 1263 194 1299 1⁵
205 1256 348 1313 ἄνδρες
378 1261 458 1299 τιῦν
485 1258 547 1298 ε’πὶ
579 1256 699 1312 δόξης
725 1258 826 1313 παρ’
857 1257 978 1299 αὐτὸν
1004 1252 1158 1312 ἦλθον,
1184 1255 1371 1311 Ἰωάννης
1391 1274 1432 1299 τε
1453 1254 1475 1298 ὁ
1496 1253 1662 1306 Δούκας
1684 1263 1716 1299 C

203 1327 271 1367 καὶ
302 1323 498 1379 ΙΙῚιχαήλ,
536 1325 580 1375 ὃς
609 1326 828 1381 λογοθέτης
857 1327 1003 1367 ἐκείνου
1036 1330 1110 1367 τοῦ
1135 1324 1284 1381 χρόνου
1303 1320 1376 1379 ἦν,
1412 1324 1513 1381 πρὸς
1533 1325 1577 1366 δὲ
1594 1326 1663 1366 καὶ

206 1393 362 1447 Θωμᾶς
383 1391 404 1434 ὃ
426 1394 612 1447 ἐκτομίας
628 1392 866 1450 Νικηφόρος
892 1411 933 1436 τε
963 1399 1043 1436 τῶν
1062 1395 1104 1435 ἔκ
1121 1398 1194 1436 τοῦ
1213 1393 1352 1448 Βήλου
1371 1398 1518 1450 κριτῶν
1533 1390 1590 1443 εἷς
1608 1392 1665 1435 ὢν

202 1464 269 1504 καὶ
309 1461 450 1512 αὐτός,
495 1461 704 1516 ἐπώνυμον
740 1461 930 1512 Κάσπαξ.
999 1461 1180 1516 ἐκόμιζον
1211 1463 1255 1504 δὲ
1283 1463 1393 1519 αὐτῷ
1434 1459 1665 1517 ἐγκλήματα

201 1532 319 1586 τρία,
356 1524 412 1572 ὧν
443 1528 620 1587 ὁποτέρῳ
645 1531 974 1586 ἓπαγωνίσασθαι
1001 1530 1163 1573 δύναιτο
1188 1532 1366 1573 ἐκέλευον
1389 1530 1572 1571 ἀνειπεῖν.
1637 1527 1665 1575 ,ὃ

146 1599 248 1640 ωδε
276 1598 411 1652 ἐπειδὴ
440 1597 593 1640 τούτων
621 1599 810 1653 ἤκουσεν,
845 1598 995 1642 ἅπασιν
1026 1598 1169 1641 ἑαυτὸν
1189 1597 1422 1650 ὖπεδίκαζε,
1450 1595 1666 1655 παρεκάλει

201 1684 243 1709 τε
272 1667 583 1725 ἄποθριξαμένῳ
610 1666 803 1723 πρότερον
828 1672 908 1709 τῶν
934 1670 1059 1710 θείων
1080 1685 1122 1710 τε
1146 1666 1414 1721 μεταλαβόντι
1432 1668 1666 1723 μυστηρίων

198 1739 382 1790 χρῆσθαι
402 1735 541 1776 λοιπὸν
560 1736 671 1792 αὐτῷ
690 1735 712 1777 ὅ
734 1753 771 1777 τι
793 1734 842 1778 ἂν
864 1741 914 1792 τῇ
935 1739 1025 1795 δίκῃ
1047 1738 1168 1796 δοκῇ,
1204 1736 1276 1794 ἐφ’
1304 1733 1365 1786 οἷς
1390 1734 1666 1791 οἷκτισάμενος

202 1802 324 1845 αὐτὸν
341 1804 533 1856 βασιλεὺς
548 1804 727 1858 μοναχὸν
743 1803 879 1860 ἔκειρε.

296 1911 351 1945 10.
375 1906 421 1944 οὖ
443 1907 541 1954 μὴν]
565 1909 652 1944 Cod.
675 1907 722 1944 οὖ
744 1908 823 1954 μέν.

202 2001 472 2045 contendissent,
507 2000 643 2034 tandem
669 2000 882 2045 acquievere.
928 2002 966 2034 at
990 2002 1219 2046 protostrator
1243 2000 1306 2035 hos
1331 2001 1483 2045 occulte,
1511 2001 1663 2048 pecuniis

201 2047 346 2091 inducit,
378 2052 417 2080 ut
433 2059 472 2080 se
486 2046 518 2080 in
536 2047 678 2091 patriam
694 2047 804 2080 redire
819 2047 1004 2090 fingerent:
1035 2052 1135 2080 nocte
1158 2052 1269 2081 autem
1287 2049 1469 2091 concubia,
1500 2049 1663 2083 taberna-

202 2094 312 2127 culum
327 2092 537 2138 imperatoris
551 2093 746 2137 frequentes
761 2092 973 2126 adorirentur
982 2120 992 2136 ,
1013 2092 1324 2138 impugnarentque.
1368 2094 1455 2128 haec
1467 2094 1517 2127 sic
1531 2105 1662 2140 propo-

202 2139 268 2173 sita
293 2143 372 2172 sunt
396 2143 432 2172 et
455 2138 648 2172 deliberata.
693 2142 844 2172 ceterum
866 2138 1007 2172 famulus
1030 2139 1164 2183 quidam
1180 2138 1299 2182 exiis,
1329 2139 1434 2184 quiin
1448 2140 1596 2174 tentorio
1611 2140 1662 2175 illi

201 2185 457 2225 ministrabant,
487 2184 600 2217 statim
624 2188 728 2227 atque
751 2183 911 2218 eiusmodi
938 2184 1075 2218 consilia
1101 2184 1287 2226 intellexit,
1311 2185 1488 2220 confestim
1503 2186 1547 2220 ad
1563 2187 1662 2221 Tho-

201 2241 287 2264 maru
316 2230 525 2272 eunuchum,
569 2229 711 2283 principi
741 2229 845 2263 hacce
873 2233 987 2263 aetate
1015 2230 1221 2271 fidissimum,
1257 2236 1438 2276 properat,
1468 2231 1663 2278 indicatque

200 2276 294 2320 quod
321 2276 525 2320 agitabatur.
572 2287 602 2308 is
631 2286 715 2309 vero
744 2286 874 2309 omnem
898 2286 972 2309 eum
994 2287 1178 2310 sermonem
1202 2275 1346 2322 principi
1369 2278 1497 2319 refert,
1531 2283 1568 2312 et
1581 2290 1662 2314 mox

200 2321 309 2368 ipsum
329 2333 464 2367 quoque
487 2321 519 2355 ei
536 2321 693 2355 famulum
710 2321 809 2354 sistit,
853 2321 993 2354 necdum
1021 2321 1121 2355 etiam
1135 2322 1235 2355 fidem
1251 2322 1540 2368 dictis-praestare
1554 2324 1663 2359 voluit

198 2366 398 2412 imperator,
425 2368 534 2400 donec
560 2378 657 2401 mane
683 2367 836 2410 Scythae
857 2366 947 2399 nulla
960 2367 1003 2400 de
1018 2378 1119 2402 causa
1134 2367 1290 2401 diffluere
1305 2379 1346 2401 ac
1362 2369 1522 2402 recedere
1537 2381 1666 2415 coepe-

200 2418 302 2453 runt3
333 2424 418 2458 quos
443 2419 552 2446 tamen
573 2412 874 2458 pollicitationibus
898 2423 1080 2456 aggressus
1093 2440 1102 2456 ,
1132 2413 1167 2452 in
1183 2413 1254 2446 fide
1267 2414 1402 2447 tandem
1418 2414 1571 2450 retinuit.
1618 2416 1664 2450 ad

201 2457 355 2493 Alexium
376 2470 458 2493 vero
484 2459 593 2498 misit,
624 2458 682 2503 qui
705 2470 779 2491 eum
796 2459 1137 2502 comprehenderent,
1169 2459 1349 2503 statimque
1363 2460 1397 2492 in
1413 2459 1548 2493 vincula
1562 2460 1665 2495 miser

200 2505 373 2538 coniectus
389 2508 452 2538 est.
485 2516 551 2538 non
566 2504 669 2538 multo
685 2509 763 2548 post
778 2515 901 2537 venere
915 2504 958 2538 ad
974 2516 1047 2538 eum
1063 2504 1129 2538 viri
1143 2504 1361 2548 dignitatibus
1372 2504 1520 2539 illustres
1530 2531 1539 2549 ,
1558 2507 1666 2541 Ioan-

202 2559 263 2582 nes
284 2550 398 2584 Duces
408 2576 419 2593 ,
451 2554 487 2583 et
501 2550 648 2583 Michael
663 2550 721 2594 qui
736 2550 799 2583 hac
811 2555 926 2583 aetate
940 2550 1113 2593 logotheta
1143 2556 1219 2583 erat
1231 2575 1243 2594 ,
1273 2550 1316 2584 ad
1339 2550 1422 2585 haec
1437 2551 1586 2586 Thomas
1602 2563 1664 2587 eu-

202 2595 351 2639 nuchus,
382 2601 418 2629 et
441 2595 656 2641 Nicephorus
681 2600 716 2628 et
741 2595 814 2639 ipse
830 2606 916 2628 unus
931 2607 974 2628 ex
989 2595 1067 2628 Veli
1088 2595 1271 2636 iudicibus,
1299 2596 1496 2640 cognomine
1511 2598 1663 2643 Caspax.

202 2651 410 2693 proposuere
432 2647 543 2675 autem
566 2641 631 2675 tria
646 2641 694 2674 illi
710 2641 848 2674 crimina
860 2667 870 2683 ‚
902 2645 939 2674 ct
952 2652 995 2673 an
1011 2640 1080 2675 utri
1095 2642 1209 2675 horum
1225 2647 1343 2687 posset
1365 2643 1588 2687 respondere,
1619 2645 1663 2678 ab

202 2684 262 2718 1110
287 2686 466 2729 petierunt.
513 2687 575 2720 sed
602 2687 658 2720 ubi
685 2686 751 2720 ista
765 2686 913 2727 audivit,
944 2686 1086 2720 omnium
1101 2698 1140 2720 se
1153 2698 1248 2721 reum
1263 2687 1438 2722 confessus
1454 2693 1528 2722 est:
1558 2701 1663 2733 roga-

202 2730 319 2774 vitque
345 2731 395 2764 uti
418 2732 482 2766 sibi
504 2732 670 2777 integrum
691 2736 799 2774 esset,
830 2731 945 2777 positis
969 2732 1117 2777 capillis,
1148 2732 1335 2778 divinisque
1351 2734 1519 2780 perceptis
1531 2740 1662 2779 myste-

201 2775 262 2809 riis
273 2801 284 2817 ‚
311 2775 347 2809 id
362 2776 566 2820 potissimum
582 2789 707 2823 agere,
736 2777 828 2822 quod
842 2777 965 2812 iudicio
980 2778 1232 2816 decerneretur.
1276 2790 1320 2815 ex
1335 2779 1457 2826 quibus
1470 2780 1662 2815 misericor-

201 2820 259 2857 dia
273 2827 455 2856 commotus
469 2823 645 2870 princeps,
670 2824 866 2859 maacham
880 2823 1013 2859 tonderi
1025 2823 1134 2860 iussit.
