1878 3262
109 1713 139 1747 P
165 1714 230 1750 185

268 210 362 257 188
726 185 731 188 ’
904 196 1090 251 NOTAE

351 317 393 351 51
419 315 622 350 vestimenta
645 314 796 360 Christi]
821 315 864 350 V.
884 316 1091 350 Fer-randum
1115 315 1292 361 Disquisit.
1307 316 1418 363 Reliq.
1434 317 1458 354 l.
1477 320 1495 355 l
1513 330 1542 354 c.
1558 320 1592 355 2,

351 385 396 420 52
420 385 578 429 arundo]
603 384 646 422 V.
663 384 809 429 Tyrium
825 383 848 419 l.
865 386 911 419 20
926 397 957 420 c.
973 386 1017 420 25
1034 389 1069 419 et
1083 385 1212 419 Ducam
1228 397 1260 420 c.
1277 386 1320 420 41
1338 397 1372 431 p.
1390 386 1466 424 172.

352 454 397 488 53
420 454 589 498 spongia]
614 453 711 486 Illata
738 454 771 487 in
798 454 912 488 urbem
940 465 1026 487 anno
1043 454 1255 495 4Heraclii
1281 454 1324 489 14
1341 454 1437 500 Sept.
1453 455 1527 490 Ind.
1542 456 1575 490 3.
1601 455 1728 490 Chron.

259 499 443 533 Alexandr.
462 512 494 545 p.
511 501 588 534 880.
635 499 715 533 vide
731 499 826 535 Will.
843 500 1024 545 Tyriuml.
1042 502 1134 535 200.
1151 501 1207 535 25.
1229 500 1405 536 Ducamc.
1412 500 1456 537 41
1474 511 1509 546 p.
1528 503 1606 546 172,
1621 500 1678 545 40,
1693 503 1728 538 3.

259 545 393 580 Histor.
412 546 538 579 Franc.
555 557 587 590 p.
603 545 682 580 343.

354 614 398 648 54
421 615 567 658 lancea]
595 615 676 655 Qua
702 615 790 648 latus
816 614 937 648 domini
959 614 1093 659 aperuit
1107 614 1136 648 Ι
1121 615 1297 660 onginus,
1320 614 1503 659 Hierosoly
1506 614 1567 648 mis
1581 614 1729 650 allatam

258 660 397 702 urbem,
432 665 468 694 et
487 661 522 694 in
539 672 660 705 magna
677 660 820 694 ecclesia
834 660 985 706 reposita
1000 662 1044 695 28
1060 661 1184 696 Octob.
1201 664 1241 696 Α.
1256 661 1279 696 4
1303 660 1464 696 Heraclii.
1493 661 1620 696 Chron.
1649 662 1729 697 Ale-

257 706 378 740 xandr.
395 717 429 751 p.
443 708 521 741 882.
568 719 602 742 v.
618 710 689 741 not.
707 706 750 740 ad
769 707 943 741 Alexiadis
959 719 991 752 p.
1009 705 1079 742 242
1094 713 1130 741 et
1145 708 1222 743 326.

349 774 394 809 55
417 776 601 821 vegetum]
627 775 721 810 Italis
739 777 891 821 veggia,
916 779 968 809 est
984 775 1113 809 modius
1128 774 1210 811 vini.

352 843 397 878 56
421 845 571 879 cisterna
587 846 625 880 S.
639 845 779 880 Ioannis
796 845 838 878 de
854 845 982 889 Petra]
1007 845 1038 879 A
1061 843 1224 880 Manuele
1245 844 1453 890 imperatore
1470 848 1660 890 exstructa,
1691 848 1730 880 ut

259 892 381 924 auctor
399 895 452 924 est
468 891 648 924 Cinnamus
663 890 685 924 l.
703 892 737 925 6.

350 958 396 994 57
420 959 570 993 cisterna
589 960 824 1004 Pantepopti]
849 959 902 993 De
927 959 992 993 hac
1017 958 1161 992 cisterna
1184 958 1285 993 silent
1300 957 1505 1002 scriptores,
1530 958 1625 993 aedis
1646 969 1729 993 vero

256 1004 326 1038 τοῦ
345 1003 611 1039 παντεπόπτου
635 1005 760 1038 mentio
777 1017 844 1038 non
859 1005 963 1039 semel
987 1004 1145 1038 occurrit.
1193 1005 1235 1038 ab
1252 1007 1349 1038 Anna
1365 1005 1528 1039 Ducaena
1543 1004 1676 1039 Alexii'
1667 1017 1730 1040 ιιιι-

257 1050 426 1095 peratoris
441 1055 550 1084 matre
566 1054 773 1084 exstructum
791 1052 896 1084 hocce
911 1050 1149 1084 monasterium
1173 1050 1326 1084 scribunt
1349 1050 1504 1084 Zonaras
1527 1055 1563 1084 et
1582 1051 1728 1094 Glycas,

258 1100 294 1129 et
318 1107 392 1128 cum
418 1106 439 1128 a
462 1107 573 1129 rerum
597 1097 885 1129 administratione
901 1108 977 1130 sese
993 1096 1205 1137 abdicasset,
1234 1096 1268 1129 in
1292 1096 1372 1129 illud
1393 1096 1591 1139 secessisse,
1614 1097 1729 1142 ibique

255 1141 420 1185 reliquum
447 1142 541 1175 vitae
564 1142 729 1185 exegisse
779 1153 888 1186 neque
911 1148 1037 1175 tantum
1055 1142 1200 1175 virorum
1218 1142 1302 1182 fuit,
1324 1142 1384 1175 sed
1401 1147 1436 1175 et
1451 1142 1670 1177 feminarum:
1694 1143 1730 1176 in

256 1186 339 1220 illud
355 1187 524 1230 relegatos
541 1187 771 1221 'lheodosium
787 1188 1011 1232 patriarcham
1028 1187 1096 1220 ΟΡ.
1113 1187 1233 1221 Alexio
1249 1188 1416 1221 Manuelis
1436 1188 1505 1222 filio
1529 1188 1729 1234 imperante,

257 1237 293 1266 et
318 1233 507 1278 Lapardam
535 1233 729 1278 quemdam,
765 1233 822 1278 qui
846 1234 908 1267 sub
934 1233 1125 1267 Andronico
1147 1233 1360 1276 tyrannidem
1385 1234 1579 1277 invaserat,
1610 1235 1729 1269 scribit

256 1278 399 1312 Nicetas
423 1279 457 1312 in
484 1279 601 1312 Alexio
624 1291 656 1313 ιι.
684 1281 705 1314 8
732 1285 768 1312 et
789 1279 821 1312 in
841 1279 991 1313 Andron.
1009 1280 1031 1314 l.
1051 1282 1068 1314 1
1085 1290 1118 1313 n.
1139 1281 1175 1321 1,
1203 1280 1260 1323 qui
1283 1278 1363 1313 illud
1390 1279 1506 1323 procul
1523 1290 1543 1312 a
1558 1261 1728 1325 S⁹opbiana

255 1324 342 1358 aede
357 1325 510 1359 dissitum
526 1325 631 1358 fuisse
648 1325 707 1360 ait.
754 1325 842 1358 idem
870 1325 901 1358 in
919 1325 1136 1379 Murtzuphlo
1154 1336 1185 1357 n.
1198 1325 1243 1358 2“
1234 1337 1267 1358 ιιι
1284 1324 1369 1358 colle
1384 1325 1596 1359 aedificatum
1612 1326 1725 1360 tradit.

255 1371 405 1404 meminit
421 1371 615 1405 monasterii
632 1372 701 1405 τοῦ
720 1372 888 1414 σωτῆρος
908 1369 1174 1405 παντεπόπτου
1192 1370 1299 1404 CPoli
1315 1371 1543 1414 Pachymeres
1559 1371 1580 1407 l.
1598 1371 1622 1405 4
1637 1383 1667 1406 c.
1681 1373 1727 1407 28

255 1421 292 1450 et
310 1417 515 1451 Bessarion
506 1429 540 1450 ιιι
563 1417 715 1462 opuscul.
734 1417 778 1452 de
795 1418 953 1453 Process.
973 1417 1093 1463 Spirit.
1110 1417 1149 1452 S.
1168 1416 1213 1451 ad
1228 1416 1385 1451 Alexium
1399 1417 1572 1452 Lascarim
1587 1417 1728 1451 Philan-

254 1462 369 1508 throp.

344 1531 389 1566 58
413 1532 562 1566 cz’sterna
579 1532 845 1576 Apostolorum]
869 1531 999 1566 Scribit
1025 1530 1161 1575 Gyllius
1184 1530 1207 1565 l.
1223 1530 1247 1565 4
1273 1542 1303 1565 c.
1319 1532 1343 1566 2
1365 1530 1459 1565 aedis
1485 1531 1725 1575 Apostolorum

251 1576 345 1610 nulla
361 1582 492 1611 restare
509 1577 608 1611 hodie
623 1578 789 1622 vestigia,
814 1589 855 1611 ac
870 1590 914 1611 ne
928 1577 1217 1612 fundamentorum
1234 1577 1384 1621 quidem,
1408 1576 1477 1609 nisi
1487 1577 1726 1621 fundamenta

252 1624 426 1668 quaedam
451 1625 639 1665 cisternae,
664 1636 753 1668 quae
777 1636 905 1668 aquam
928 1624 1174 1668 suppeditabat
1203 1623 1284 1656 aedi
1310 1623 1546 1667 Apostolicae,
1568 1624 1607 1656 in
1628 1626 1726 1658 cuim

253 1670 391 1714 quidem
418 1670 588 1703 cisternae
617 1671 686 1704 solo
715 1675 796 1703 sunt
822 1671 985 1713 officinae
1010 1674 1044 1703 et
1061 1669 1226 1702 tabernae
1242 1669 1482 1713 ephippiorum
1505 1670 1642 1703 circiter
1657 1671 1724 1703 du-

255 1720 384 1749 centae.
431 1716 548 1749 eadem
565 1717 655 1749 sorte
671 1727 744 1748 cum
760 1717 981 1756 Arcadiana,
1004 1725 1102 1759 quam
1117 1714 1150 1747 in
1170 1718 1210 1749 11
1228 1714 1368 1758 regione
1383 1714 1502 1749 statuit
1517 1720 1617 1749 vetus
1630 1715 1724 1750 urbis

252 1760 455 1807 descriptio,
479 1762 538 1795 ubi
553 1762 655 1796 etiam
672 1761 803 1795 exstitit
818 1762 921 1795 aedes
937 1759 1742 1806 Apostoloru1n.'

344 1829 388 1864 59
412 1830 561 1864 cisterna
585 1830 803 1874 Mahumeti]
840 1829 914 1874 quis
938 1829 1005 1862 iste
1031 1828 1244 1862 Mahumetes
1275 1827 1400 1871 fuerit,
1431 1827 1519 1862 haud
1544 1828 1645 1863 facile
1669 1833 1724 1863 est

251 1875 429 1920 divinare,
472 1881 510 1910 ut
540 1880 575 1909 et
606 1887 674 1920 qua
703 1875 737 1908 in
767 1876 860 1909 urbis
890 1875 1031 1919 regione
1047 1875 1193 1908 cisterna
1224 1873 1291 1907 ista
1323 1874 1512 1908 exstiterit:
1546 1874 1611 1908 etsi
1640 1887 1723 1920 pro-

251 1923 367 1957 babile
407 1925 461 1955 est
502 1922 569 1956 alia
610 1924 757 1955 tortasse
788 1921 1013 1967 appellatione
1044 1920 1214 1955 donatam.
1264 1931 1339 1954 nam
1373 1931 1472 1964 quam
1496 1920 1658 1965 plurimas
1686 1921 1722 1955 in

252 1969 338 2002 urbe
379 1967 544 2002 cisternas
586 1972 766 2001 recensent
805 1968 991 2011 scriptores
1031 1965 1234 2008 Byzantini,
1277 1966 1520 2009 Amadianam,
1562 1967 1720 2012 Aspar-is,

248 2013 451 2056 Basilicam
483 2013 591 2056 Boni,
623 2013 812 2057 Frigidam,
844 2013 1010 2046 Basilicae
1038 2012 1113 2057 lui,
1145 2012 1374 2055 Magnaurae,
1408 2012 1613 2056 Maximam,
1640 2013 1721 2046 Mo-

253 2060 395 2102 cesiam,
425 2060 671 2093 Modestiacam
686 2085 693 2097 ,
720 2060 954 2103 Philoxen0n‚
981 2059 1137 2103 Phocae,
1161 2057 1363 2092 Pulcheriae
1384 2069 1446 2093 seu
1468 2059 1580 2102 Aetii,
1603 2058 1720 2093 Theo-

251 2105 440 2149 dosiacam‚
474 2106 617 2148 Palatii,
650 2111 685 2139 et
715 2106 845 2150 aliquot
874 2106 968 2139 alias.

344 2175 390 2209 60
411 2174 544 2208 Sancta
574 2175 728 2218 Sophia]
756 2174 919 2208 Praestat
949 2173 1015 2206 hoc
1045 2172 1120 2207 loco
1147 2172 1374 2227 perstringere
1401 2183 1489 2217 quae
1515 2171 1642 2207 Graeci
1656 2172 1717 2206 ali—

252 2223 339 2265 quot
368 2225 403 2253 et
433 2220 545 2254 Latini
583 2220 768 2264 scriptores
805 2220 849 2254 de
878 2215 1072 2264 Sophianae
1107 2219 1200 2252 aedis
1229 2218 1397 2262 elegantia
1427 2218 1550 2264 passim
1579 2219 1716 2253 habent.

251 2265 440 2321 Procopius
470 2266 492 2299 l.
520 2268 538 2300 1
571 2265 614 2299 de
646 2266 1052 2300 Aedif.1ustin.c.1:
1099 2263 1228 2320 θέαμα
1251 2265 1379 2298 τοίνυν
1402 2261 1569 2320 ἐκκλησία
1591 2266 1717 2299 κεκαλ-

249 2310 484 2367 λιστευμένον
511 2310 722 2356 γεγένηται,
763 2314 843 2351 τοῖς
866 2309 932 2367 μὲν
955 2308 1103 2367 ὁρῶσιν
1120 2307 1328 2365 ὑπερφυές,
1368 2322 1449 2349 τοις
1471 2310 1511 2344 δε
1537 2321 1718 2346 ακουουσι

248 2358 437 2397 παντελῶς
454 2354 622 2392 ἄπιστον.
670 2338 828 2413 ἐπῆρται
842 2355 907 2400 μὲν
923 2355 993 2401 γὰρ
1011 2357 1062 2396 εἰς
1076 2353 1177 2413 υψος
1193 2354 1372 2399 ου’ράνιον
1387 2352 1494 2398 ὅσον,
1515 2354 1578 2389 καὶ
1587 2352 1717 2411 ω’σπερ

248 2404 326 2438 τῶν
351 2399 471 2438 ἄλλων
499 2402 806 2458 οἰκοδομημάτων
832 2400 1117 2437 οἷποσαλεύουσα
1141 2401 1393 2459 ἐπινένευκεν,
1426 2381 1640 2458 ἐπικειμένη
1667 2402 1715 2458 τῇ

249 2446 341 2504 ἄλλῃ
369 2448 495 2493 πόλει,
545 2450 734 2492 κοσμοῦσα
755 2461 820 2492 μεν
848 2446 990 2493 αυτήν,
1032 2445 1091 2484 ότι
1117 2446 1255 2504 αυτῑῖς
1258 2445 1375 2491 ἐστιν,
1382 2429 1633 2504 Ξοὸραϊζομένη
1657 2448 1714 2490 δε,

250 2491 311 2529 ὅτι
336 2494 454 2550 αὐτῆς
477 2489 572 2530 ovate
597 2495 658 2529 καὶ
685 2494 958 2552 ἐπεμβαίνουσα
980 2495 1161 2529 τοσοῦτον
1187 2492 1331 2549 ανὲχει,
1368 2503 1460 2527 ωστε
1486 2492 1532 2537 δὴ
1559 2491 1714 2529 ἐνθένδε

247 2552 273 2620 Ξ
297 2539 403 2580 πόλις
425 2540 464 2575 ἐκ
487 2542 675 2586 περιωπῆς
698 2539 978 2576 οἷποσκοπεῖται.
1042 2541 1142 2574 alibi:
1186 2537 1347 2584 ὁπηνίκα
1369 2536 1412 2572 δέ
1434 2550 1490 2578 τις
1518 2537 1714 2596 εὐξάμενος

270 2598 287 2625 ς
309 2584 401 2621 αὐτὸ
428 2587 500 2629 ἰοι,
544 2588 687 2631 ξυνίησι
716 2584 783 2630 μὲν
808 2585 927 2627 εὐθὺς
952 2600 1003 2627 ως
1027 2584 1095 2621 οὐκ
1104 2583 1344 2641 ἄνθρωπείᾳ
1362 2581 1563 2627 δυνάμει
1539 2598 1563 2630 η
1591 2582 1711 2642 τέχνη,

251 2630 346 2666 αλλὰ
370 2633 466 2666 θεοῦ
492 2631 589 2678 ροπῇ
615 2632 658 2668 τὸ
686 2631 792 2689 ἔργον
815 2633 928 2668 τοῦτο
951 2630 1275 2686 ἀποτετόρνευται.
1324 2626 1344 2664 ὁ
1371 2630 1462 2669 νοῦς
1486 2629 1528 2665 δέ
1555 2630 1592 2666 οὶ
1617 2644 1712 2687 προς

251 2676 322 2712 τὸν
347 2674 443 2712 θεον
469 2668 712 2733 ἐπαιρόμενος
739 2677 957 2733 ἀεροβατεῖ,
1003 2677 1050 2714 ου’
1076 2675 1221 2733 μακράν
1247 2687 1320 2710 που
1352 2671 1558 2719 ἡγούμενος
1591 2675 1711 2712 αὐτὸν

253 2720 367 2766 εἶναι,
401 2720 485 2758 ἀλλ’
513 2722 774 2778 ἐμφιλοχωρεῖν
797 2723 956 2768 μάλιστα
983 2723 1040 2765 οἷς
1067 2721 1182 2763 αὐτὸς
1199 2722 1323 2756 εἵλετο.
1371 2721 1432 2756 καὶ
1448 2723 1560 2781 τοῦ,το
1578 2720 1625 2758 ου’
1639 2721 1709 2767 τὴν

251 2767 403 2816 πρώτην
430 2767 546 2813 μόνον
574 2768 693 2805 ἰδόντι
718 2771 931 2816 ξυμβαίνει,
969 2768 1061 2806 ἄλλά
1092 2766 1252 2813 διηνεκὲς
1282 2765 1421 2815 ἑκάστω
1450 2766 1565 2806 ταύτὸ
1595 2770 1708 2805 τοῦτο
